|j|☆tianyutulongwu
|j|☆sl21cc jialing
|t:|1641722013
|gametype|singles
|player|p1|tianyutulongwu|feida.png|1233
|player|p2|sl21cc jialing|bellelba|1335
|teamsize|p1|6
|teamsize|p2|6
|gen|8
|tier|[Gen 8] OU
|rated|
|rule|Sleep Clause Mod: Limit one foe put to sleep
|rule|Species Clause: Limit one of each Pokémon
|rule|OHKO Clause: OHKO moves are banned
|rule|Evasion Moves Clause: Evasion moves are banned
|rule|Endless Battle Clause: Forcing endless battles is banned
|rule|HP Percentage Mod: HP is shown in percentages
|rule|Dynamax Clause: You cannot dynamax
|clearpoke
|poke|p1|Heatran, F|
|poke|p1|Jirachi|
|poke|p1|Togekiss, F|
|poke|p1|Zygarde-10%|
|poke|p1|Zapdos|
|poke|p1|Suicune|
|poke|p2|Ninetales-Alola, M|
|poke|p2|Arctozolt|
|poke|p2|Urshifu-*, M|
|poke|p2|Landorus-Therian, M|
|poke|p2|Slowking, M|
|poke|p2|Tornadus-Therian, M|
|teampreview
|inactive|Battle timer is ON: inactive players will automatically lose when time's up. (requested by tianyutulongwu)
|j| SL21CCxiaomiaomiao
|j| SL21CC PornHub
|
|t:|1641722035
|start
|switch|p1a: Byakko|Zapdos|100/100
|switch|p2a: Landorus|Landorus-Therian, M|100/100
|-ability|p1a: Byakko|Pressure
|-ability|p2a: Landorus|Intimidate|boost
|-unboost|p1a: Byakko|atk|1
|turn|1
|
|t:|1641722039
|move|p1a: Byakko|Substitute|p1a: Byakko
|-start|p1a: Byakko|Substitute
|-damage|p1a: Byakko|76/100
|move|p2a: Landorus|U-turn|p1a: Byakko
|-resisted|p1a: Byakko
|-crit|p1a: Byakko
|-activate|p1a: Byakko|move: Substitute|[damage]
|j| 9skythunderouskick
|
|t:|1641722066
|switch|p2a: Tornadus|Tornadus-Therian, M|100/100|[from]move: U-turn
|
|upkeep
|turn|2
|
|t:|1641722070
|move|p2a: Tornadus|Heat Wave|p1a: Byakko
|-end|p1a: Byakko|Substitute
|move|p1a: Byakko|Discharge|p2a: Tornadus
|-supereffective|p2a: Tornadus
|-damage|p2a: Tornadus|54/100
|-status|p2a: Tornadus|par
|
|upkeep
|turn|3
|
|t:|1641722081
|move|p1a: Byakko|Substitute|p1a: Byakko
|-start|p1a: Byakko|Substitute
|-damage|p1a: Byakko|51/100
|move|p2a: Tornadus|Heat Wave|p1a: Byakko
|-activate|p1a: Byakko|move: Substitute|[damage]
|
|upkeep
|turn|4
|j| SL21CC tangkeke
|
|t:|1641722093
|move|p1a: Byakko|Roost|p1a: Byakko
|-heal|p1a: Byakko|100/100
|-singleturn|p1a: Byakko|move: Roost
|cant|p2a: Tornadus|par
|
|upkeep
|turn|5
|j|&starmind
|
|t:|1641722101
|move|p1a: Byakko|Discharge|p2a: Tornadus
|-supereffective|p2a: Tornadus
|-crit|p2a: Tornadus
|-damage|p2a: Tornadus|0 fnt
|faint|p2a: Tornadus
|
|upkeep
|
|t:|1641722112
|switch|p2a: Ninetales|Ninetales-Alola, M|100/100
|-weather|Hail|[from] ability: Snow Warning|[of] p2a: Ninetales
|turn|6
|
|t:|1641722121
|move|p2a: Ninetales|Blizzard|p1a: Byakko
|-supereffective|p1a: Byakko
|-end|p1a: Byakko|Substitute
|move|p1a: Byakko|Discharge|p2a: Ninetales
|-damage|p2a: Ninetales|64/100
|
|-weather|Hail|[upkeep]
|-damage|p1a: Byakko|94/100|[from] Hail
|upkeep
|turn|7
|
|t:|1641722130
|move|p2a: Ninetales|Blizzard|p1a: Byakko
|-supereffective|p1a: Byakko
|-damage|p1a: Byakko|16/100
|move|p1a: Byakko|Discharge|p2a: Ninetales
|-damage|p2a: Ninetales|22/100
|
|-weather|Hail|[upkeep]
|-damage|p1a: Byakko|10/100|[from] Hail
|upkeep
|turn|8
|
|t:|1641722141
|switch|p1a: Chaos|Heatran, F|100/100
|move|p2a: Ninetales|Moonblast|p1a: Chaos
|-resisted|p1a: Chaos
|-damage|p1a: Chaos|93/100
|
|-weather|Hail|[upkeep]
|-damage|p1a: Chaos|87/100|[from] Hail
|upkeep
|turn|9
|
|t:|1641722147
|switch|p2a: Slowking|Slowking, M|100/100
|move|p1a: Chaos|Stealth Rock|p2a: Slowking
|-sidestart|p2: sl21cc jialing|move: Stealth Rock
|
|-weather|Hail|[upkeep]
|-damage|p1a: Chaos|81/100|[from] Hail
|-damage|p2a: Slowking|94/100|[from] Hail
|upkeep
|turn|10
|
|t:|1641722157
|switch|p1a: Monarch|Suicune, shiny|100/100
|-ability|p1a: Monarch|Pressure
|move|p2a: Slowking|Teleport|p2a: Slowking
|
|t:|1641722163
|switch|p2a: Arctozolt|Arctozolt|100/100|[from]move: Teleport
|
|-weather|Hail|[upkeep]
|-damage|p1a: Monarch|94/100|[from] Hail
|-heal|p1a: Monarch|100/100|[from] item: Leftovers
|upkeep
|turn|11
|j| sl21cc ryekie
|
|t:|1641722169
|switch|p1a: Chaos|Heatran, F|81/100
|move|p2a: Arctozolt|Bolt Beak|p1a: Chaos
|-damage|p1a: Chaos|38/100
|-damage|p2a: Arctozolt|84/100|[from] item: Rocky Helmet|[of] p1a: Chaos
|
|-weather|Hail|[upkeep]
|-damage|p1a: Chaos|32/100|[from] Hail
|upkeep
|turn|12
|
|t:|1641722177
|move|p2a: Arctozolt|Bolt Beak|p1a: Chaos
|-damage|p1a: Chaos|0 fnt
|-damage|p2a: Arctozolt|67/100|[from] item: Rocky Helmet|[of] p1a: Chaos
|faint|p1a: Chaos
|
|-weather|Hail|[upkeep]
|upkeep
|
|t:|1641722182
|switch|p1a: Supernova|Jirachi, shiny|100/100
|turn|13
|
|t:|1641722198
|switch|p2a: Landorus|Landorus-Therian, M|100/100
|-damage|p2a: Landorus|88/100|[from] Stealth Rock
|-ability|p2a: Landorus|Intimidate|boost
|-unboost|p1a: Supernova|atk|1
|switch|p1a: Cloud n1n3|Togekiss, F, shiny|100/100
|
|-weather|none
|-heal|p2a: Landorus|94/100|[from] item: Leftovers
|upkeep
|turn|14
|
|t:|1641722201
|move|p1a: Cloud n1n3|Air Slash|p2a: Landorus
|-crit|p2a: Landorus
|-damage|p2a: Landorus|61/100
|cant|p2a: Landorus|flinch
|
|-heal|p2a: Landorus|67/100|[from] item: Leftovers
|upkeep
|turn|15
|
|t:|1641722210
|move|p1a: Cloud n1n3|Air Slash|p2a: Landorus
|-damage|p2a: Landorus|46/100
|move|p2a: Landorus|Defog|p1a: Cloud n1n3
|-unboost|p1a: Cloud n1n3|evasion|1
|-sideend|p2: sl21cc jialing|Stealth Rock|[from] move: Defog|[of] p2a: Landorus
|
|-heal|p2a: Landorus|52/100|[from] item: Leftovers
|upkeep
|turn|16
|
|t:|1641722222
|move|p1a: Cloud n1n3|Substitute|p1a: Cloud n1n3
|-start|p1a: Cloud n1n3|Substitute
|-damage|p1a: Cloud n1n3|76/100
|move|p2a: Landorus|Toxic||[still]
|-fail|p2a: Landorus
|
|-heal|p1a: Cloud n1n3|82/100|[from] item: Leftovers
|-heal|p2a: Landorus|58/100|[from] item: Leftovers
|upkeep
|turn|17
|
|t:|1641722227
|switch|p2a: Slowking|Slowking, M|100/100
|move|p1a: Cloud n1n3|Nasty Plot|p1a: Cloud n1n3
|-boost|p1a: Cloud n1n3|spa|2
|
|-heal|p1a: Cloud n1n3|88/100|[from] item: Leftovers
|upkeep
|turn|18
|
|t:|1641722232
|move|p1a: Cloud n1n3|Air Slash|p2a: Slowking
|-damage|p2a: Slowking|52/100
|cant|p2a: Slowking|flinch
|
|-heal|p1a: Cloud n1n3|94/100|[from] item: Leftovers
|upkeep
|turn|19
|j| kabudajuren
|
|t:|1641722237
|move|p1a: Cloud n1n3|Air Slash|p2a: Slowking
|-damage|p2a: Slowking|5/100
|move|p2a: Slowking|Future Sight|p1a: Cloud n1n3
|-start|p2a: Slowking|move: Future Sight
|
|-heal|p1a: Cloud n1n3|99/100|[from] item: Leftovers
|upkeep
|turn|20
|j| SL21CC interest
|
|t:|1641722246
|move|p1a: Cloud n1n3|Air Slash|p2a: Slowking
|-damage|p2a: Slowking|0 fnt
|faint|p2a: Slowking
|
|-heal|p1a: Cloud n1n3|100/100|[from] item: Leftovers
|upkeep
|l| SL21CC interest
|
|t:|1641722253
|switch|p2a: Urshifu|Urshifu-Rapid-Strike, M|100/100
|turn|21
|
|t:|1641722258
|switch|p1a: Byakko|Zapdos|10/100
|-ability|p1a: Byakko|Pressure
|move|p2a: Urshifu|Surging Strikes|p1a: Byakko
|-crit|p1a: Byakko
|-damage|p1a: Byakko|0 fnt
|faint|p1a: Byakko
|-hitcount|p1: Byakko|1
|
|-hint|Future Sight did not hit because the target is fainted.
|upkeep
|
|t:|1641722263
|switch|p1a: Monarch|Suicune, shiny|100/100
|-ability|p1a: Monarch|Pressure
|turn|22
|
|t:|1641722272
|switch|p2a: Ninetales|Ninetales-Alola, M|22/100
|-weather|Hail|[from] ability: Snow Warning|[of] p2a: Ninetales
|move|p1a: Monarch|Calm Mind|p1a: Monarch
|-boost|p1a: Monarch|spa|1
|-boost|p1a: Monarch|spd|1
|
|-weather|Hail|[upkeep]
|-damage|p1a: Monarch|94/100|[from] Hail
|-heal|p1a: Monarch|100/100|[from] item: Leftovers
|upkeep
|turn|23
|j| water GH0ST
|
|t:|1641722288
|switch|p2a: Urshifu|Urshifu-Rapid-Strike, M|100/100
|move|p1a: Monarch|Scald|p2a: Urshifu
|-resisted|p2a: Urshifu
|-damage|p2a: Urshifu|72/100
|
|-weather|Hail|[upkeep]
|-damage|p2a: Urshifu|66/100|[from] Hail
|-damage|p1a: Monarch|94/100|[from] Hail
|-heal|p1a: Monarch|100/100|[from] item: Leftovers
|upkeep
|turn|24
|
|t:|1641722292
|move|p1a: Monarch|Protect|p1a: Monarch
|-singleturn|p1a: Monarch|Protect
|move|p2a: Urshifu|Close Combat|p1a: Monarch
|-damage|p1a: Monarch|40/100
|-unboost|p2a: Urshifu|def|1
|-unboost|p2a: Urshifu|spd|1
|
|-weather|Hail|[upkeep]
|-damage|p2a: Urshifu|60/100|[from] Hail
|-damage|p1a: Monarch|34/100|[from] Hail
|-heal|p1a: Monarch|40/100|[from] item: Leftovers
|upkeep
|turn|25
|
|t:|1641722297
|move|p2a: Urshifu|Close Combat|p1a: Monarch
|-damage|p1a: Monarch|0 fnt
|-unboost|p2a: Urshifu|def|1
|-unboost|p2a: Urshifu|spd|1
|faint|p1a: Monarch
|
|-weather|Hail|[upkeep]
|-damage|p2a: Urshifu|54/100|[from] Hail
|upkeep
|
|t:|1641722299
|switch|p1a: Cloud n1n3|Togekiss, F, shiny|100/100
|turn|26
|
|t:|1641722304
|switch|p2a: Arctozolt|Arctozolt|67/100
|move|p1a: Cloud n1n3|Substitute|p1a: Cloud n1n3
|-start|p1a: Cloud n1n3|Substitute
|-damage|p1a: Cloud n1n3|76/100
|
|-weather|Hail|[upkeep]
|-damage|p1a: Cloud n1n3|69/100|[from] Hail
|-heal|p1a: Cloud n1n3|76/100|[from] item: Leftovers
|upkeep
|turn|27
|c| sl21cc ryekie|你在干嘛
|c| SL21CCxiaomiaomiao|脑瘫？
|
|t:|1641722316
|switch|p2a: Urshifu|Urshifu-Rapid-Strike, M|54/100
|move|p1a: Cloud n1n3|Substitute|p1a: Cloud n1n3
|-fail|p1a: Cloud n1n3|move: Substitute
|
|-weather|Hail|[upkeep]
|-damage|p2a: Urshifu|48/100|[from] Hail
|-damage|p1a: Cloud n1n3|69/100|[from] Hail
|-heal|p1a: Cloud n1n3|76/100|[from] item: Leftovers
|upkeep
|turn|28
|
|t:|1641722326
|move|p2a: Urshifu|Surging Strikes|p1a: Cloud n1n3
|-crit|p1a: Cloud n1n3
|-end|p1a: Cloud n1n3|Substitute
|-crit|p1a: Cloud n1n3
|-damage|p1a: Cloud n1n3|51/100
|-crit|p1a: Cloud n1n3
|-damage|p1a: Cloud n1n3|25/100
|-hitcount|p1a: Cloud n1n3|3
|move|p1a: Cloud n1n3|Air Slash|p2a: Urshifu
|-supereffective|p2a: Urshifu
|-damage|p2a: Urshifu|0 fnt
|faint|p2a: Urshifu
|
|-weather|Hail|[upkeep]
|-damage|p1a: Cloud n1n3|18/100|[from] Hail
|-heal|p1a: Cloud n1n3|25/100|[from] item: Leftovers
|upkeep
|
|t:|1641722333
|switch|p2a: Arctozolt|Arctozolt|67/100
|turn|29
|
|t:|1641722342
|move|p2a: Arctozolt|Bolt Beak|p1a: Cloud n1n3
|-supereffective|p1a: Cloud n1n3
|-damage|p1a: Cloud n1n3|0 fnt
|faint|p1a: Cloud n1n3
|
|-weather|none
|upkeep
|inactive|tianyutulongwu has 120 seconds left.
|
|t:|1641722373
|switch|p1a: Nemesis|Zygarde-10%, shiny|100/100
|-ability|p1a: Nemesis|Aura Break
|turn|30
|
|t:|1641722377
|switch|p2a: Ninetales|Ninetales-Alola, M|22/100
|-weather|Hail|[from] ability: Snow Warning|[of] p2a: Ninetales
|move|p1a: Nemesis|Glare|p2a: Ninetales
|-status|p2a: Ninetales|par
|
|-weather|Hail|[upkeep]
|-damage|p1a: Nemesis|94/100|[from] Hail
|-heal|p1a: Nemesis|100/100|[from] item: Leftovers
|upkeep
|turn|31
|
|t:|1641722390
|switch|p2a: Landorus|Landorus-Therian, M|58/100
|-ability|p2a: Landorus|Intimidate|boost
|-unboost|p1a: Nemesis|atk|1
|move|p1a: Nemesis|Substitute|p1a: Nemesis
|-start|p1a: Nemesis|Substitute
|-damage|p1a: Nemesis|76/100
|
|-weather|Hail|[upkeep]
|-damage|p1a: Nemesis|70/100|[from] Hail
|-damage|p2a: Landorus|52/100|[from] Hail
|-heal|p1a: Nemesis|76/100|[from] item: Leftovers
|-heal|p2a: Landorus|58/100|[from] item: Leftovers
|upkeep
|turn|32
|
|t:|1641722393
|move|p1a: Nemesis|Glare|p2a: Landorus
|-status|p2a: Landorus|par
|move|p2a: Landorus|Earthquake|p1a: Nemesis
|-end|p1a: Nemesis|Substitute
|
|-weather|Hail|[upkeep]
|-damage|p1a: Nemesis|70/100|[from] Hail
|-damage|p2a: Landorus|52/100 par|[from] Hail
|-heal|p1a: Nemesis|76/100|[from] item: Leftovers
|-heal|p2a: Landorus|58/100 par|[from] item: Leftovers
|upkeep
|turn|33
|
|t:|1641722402
|move|p1a: Nemesis|Substitute|p1a: Nemesis
|-start|p1a: Nemesis|Substitute
|-damage|p1a: Nemesis|51/100
|move|p2a: Landorus|Earthquake|p1a: Nemesis
|-end|p1a: Nemesis|Substitute
|
|-weather|Hail|[upkeep]
|-damage|p1a: Nemesis|45/100|[from] Hail
|-damage|p2a: Landorus|52/100 par|[from] Hail
|-heal|p1a: Nemesis|51/100|[from] item: Leftovers
|-heal|p2a: Landorus|58/100 par|[from] item: Leftovers
|upkeep
|turn|34
|
|t:|1641722407
|move|p1a: Nemesis|Substitute|p1a: Nemesis
|-start|p1a: Nemesis|Substitute
|-damage|p1a: Nemesis|26/100
|move|p2a: Landorus|Earthquake|p1a: Nemesis
|-end|p1a: Nemesis|Substitute
|
|-weather|Hail|[upkeep]
|-damage|p1a: Nemesis|20/100|[from] Hail
|-damage|p2a: Landorus|52/100 par|[from] Hail
|-heal|p1a: Nemesis|26/100|[from] item: Leftovers
|-heal|p2a: Landorus|58/100 par|[from] item: Leftovers
|upkeep
|turn|35
|
|t:|1641722410
|move|p1a: Nemesis|Thousand Arrows|p2a: Landorus
|-damage|p2a: Landorus|34/100 par
|-start|p2a: Landorus|Smack Down
|move|p2a: Landorus|Earthquake|p1a: Nemesis
|-damage|p1a: Nemesis|0 fnt
|faint|p1a: Nemesis
|
|-weather|Hail|[upkeep]
|-damage|p2a: Landorus|28/100 par|[from] Hail
|-heal|p2a: Landorus|34/100 par|[from] item: Leftovers
|upkeep
|
|t:|1641722412
|switch|p1a: Supernova|Jirachi, shiny|100/100
|turn|36
|
|t:|1641722422
|switch|p2a: Ninetales|Ninetales-Alola, M|22/100 par
|move|p1a: Supernova|Iron Head|p2a: Ninetales
|-supereffective|p2a: Ninetales
|-damage|p2a: Ninetales|0 fnt
|faint|p2a: Ninetales
|
|-weather|Hail|[upkeep]
|-damage|p1a: Supernova|94/100|[from] Hail
|-heal|p1a: Supernova|100/100|[from] item: Leftovers
|upkeep
|
|t:|1641722428
|switch|p2a: Arctozolt|Arctozolt|67/100
|turn|37
|
|t:|1641722432
|move|p2a: Arctozolt|Bolt Beak|p1a: Supernova
|-damage|p1a: Supernova|22/100
|move|p1a: Supernova|Drain Punch|p2a: Arctozolt
|-supereffective|p2a: Arctozolt
|-damage|p2a: Arctozolt|12/100
|-heal|p1a: Supernova|48/100|[from] drain|[of] p2a: Arctozolt
|
|-weather|none
|-heal|p1a: Supernova|54/100|[from] item: Leftovers
|upkeep
|turn|38
|l| 9skythunderouskick
|
|t:|1641722446
|move|p1a: Supernova|Ancient Power|p2a: Arctozolt
|-supereffective|p2a: Arctozolt
|-damage|p2a: Arctozolt|0 fnt
|faint|p2a: Arctozolt
|
|-heal|p1a: Supernova|61/100|[from] item: Leftovers
|upkeep
|
|t:|1641722448
|switch|p2a: Landorus|Landorus-Therian, M|34/100 par
|-ability|p2a: Landorus|Intimidate|boost
|-unboost|p1a: Supernova|atk|1
|turn|39
|
|t:|1641722450
|move|p1a: Supernova|Iron Head|p2a: Landorus
|-damage|p2a: Landorus|13/100 par
|cant|p2a: Landorus|flinch
|
|-heal|p1a: Supernova|67/100|[from] item: Leftovers
|-heal|p2a: Landorus|19/100 par|[from] item: Leftovers
|upkeep
|turn|40
|j| 9skythunderouskick
|
|t:|1641722455
|move|p1a: Supernova|Iron Head|p2a: Landorus
|-damage|p2a: Landorus|0 fnt
|faint|p2a: Landorus
|
|win|tianyutulongwu
|raw|tianyutulongwu's rating: 1233 &rarr; <strong>1254</strong><br />(+21 for winning)
|raw|sl21cc jialing's rating: 1335 &rarr; <strong>1314</strong><br />(-21 for losing)
