|raw|<div class="broadcast-blue"><strong>This battle is required to be public due to a player having a name starting with 'sl21cc'.</div>
|j|☆water GH0ST
|j|☆SL21CC Pichiu
|t:|1641743034
|gametype|singles
|player|p1|water GH0ST|picnicker|1289
|player|p2|SL21CC Pichiu|elesa|1196
|teamsize|p1|6
|teamsize|p2|6
|gen|8
|tier|[Gen 8] OU
|rated|
|rule|Sleep Clause Mod: Limit one foe put to sleep
|rule|Species Clause: Limit one of each Pokémon
|rule|OHKO Clause: OHKO moves are banned
|rule|Evasion Moves Clause: Evasion moves are banned
|rule|Endless Battle Clause: Forcing endless battles is banned
|rule|HP Percentage Mod: HP is shown in percentages
|rule|Dynamax Clause: You cannot dynamax
|clearpoke
|poke|p1|Pelipper, M|
|poke|p1|Ferrothorn, M|
|poke|p1|Seismitoad, F|
|poke|p1|Ludicolo, F|
|poke|p1|Omastar, F|
|poke|p1|Inteleon, F|
|poke|p2|Landorus-Therian, M|
|poke|p2|Tapu Lele|
|poke|p2|Alakazam, M|
|poke|p2|Ferrothorn, M|
|poke|p2|Moltres-Galar|
|poke|p2|Toxapex, M|
|teampreview
|j|%kitoothe
|j| 9skythunderouskick
|j|♚The Steel Shadow
|inactive|Battle timer is ON: inactive players will automatically lose when time's up. (requested by water GH0ST)
|j| adreamew
|j|+dragonitenb
|j| SL21CC ginko
|inactive|SL21CC Pichiu has 120 seconds left.
|inactive|SL21CC Pichiu has 90 seconds left.
|
|t:|1641743134
|start
|switch|p1a: Pelipper|Pelipper, M|100/100
|switch|p2a: Ferrothorn|Ferrothorn, M|100/100
|-weather|RainDance|[from] ability: Drizzle|[of] p1a: Pelipper
|turn|1
|
|t:|1641743137
|switch|p1a: Ferrothorn|Ferrothorn, M|100/100
|move|p2a: Ferrothorn|Knock Off|p1a: Ferrothorn
|-damage|p1a: Ferrothorn|87/100
|-damage|p2a: Ferrothorn|88/100|[from] ability: Iron Barbs|[of] p1a: Ferrothorn
|-enditem|p1a: Ferrothorn|Eject Button|[from] move: Knock Off|[of] p2a: Ferrothorn
|
|-weather|RainDance|[upkeep]
|-heal|p2a: Ferrothorn|94/100|[from] item: Leftovers
|upkeep
|turn|2
|
|t:|1641743140
|move|p2a: Ferrothorn|Stealth Rock|p1a: Ferrothorn
|-sidestart|p1: water GH0ST|move: Stealth Rock
|move|p1a: Ferrothorn|Stealth Rock|p2a: Ferrothorn
|-sidestart|p2: SL21CC Pichiu|move: Stealth Rock
|
|-weather|RainDance|[upkeep]
|-heal|p2a: Ferrothorn|99/100|[from] item: Leftovers
|upkeep
|turn|3
|
|t:|1641743148
|switch|p2a: Toxapex|Toxapex, M|100/100
|-damage|p2a: Toxapex|88/100|[from] Stealth Rock
|move|p1a: Ferrothorn|Knock Off|p2a: Toxapex
|-damage|p2a: Toxapex|75/100
|-enditem|p2a: Toxapex|Eject Button|[from] move: Knock Off|[of] p1a: Ferrothorn
|
|-weather|RainDance|[upkeep]
|upkeep
|turn|4
|
|t:|1641743155
|switch|p1a: Seismitoad|Seismitoad, F|100/100
|-damage|p1a: Seismitoad|95/100|[from] Stealth Rock
|move|p2a: Toxapex|Scald|p1a: Seismitoad
|-damage|p1a: Seismitoad|63/100
|
|-weather|RainDance|[upkeep]
|upkeep
|turn|5
|
|t:|1641743163
|switch|p2a: Ferrothorn|Ferrothorn, M|99/100
|-damage|p2a: Ferrothorn|94/100|[from] Stealth Rock
|move|p1a: Seismitoad|Weather Ball|p2a: Ferrothorn
|-resisted|p2a: Ferrothorn
|-damage|p2a: Ferrothorn|66/100
|-damage|p1a: Seismitoad|53/100|[from] item: Life Orb
|
|-weather|RainDance|[upkeep]
|-heal|p2a: Ferrothorn|72/100|[from] item: Leftovers
|upkeep
|turn|6
|
|t:|1641743183
|switch|p1a: Ludicolo|Ludicolo, F|100/100
|-damage|p1a: Ludicolo|88/100|[from] Stealth Rock
|move|p2a: Ferrothorn|Leech Seed|p1a: Ludicolo
|-immune|p1a: Ludicolo
|
|-weather|RainDance|[upkeep]
|-heal|p2a: Ferrothorn|78/100|[from] item: Leftovers
|upkeep
|turn|7
|
|t:|1641743190
|switch|p1a: Seismitoad|Seismitoad, F|53/100
|-damage|p1a: Seismitoad|47/100|[from] Stealth Rock
|switch|p2a: Toxapex|Toxapex, M|100/100
|-damage|p2a: Toxapex|88/100|[from] Stealth Rock
|
|-weather|RainDance|[upkeep]
|upkeep
|turn|8
|
|t:|1641743197
|switch|p2a: Ferrothorn|Ferrothorn, M|78/100
|-damage|p2a: Ferrothorn|72/100|[from] Stealth Rock
|move|p1a: Seismitoad|Earth Power|p2a: Ferrothorn
|-damage|p2a: Ferrothorn|41/100
|-unboost|p2a: Ferrothorn|spd|1
|-damage|p1a: Seismitoad|37/100|[from] item: Life Orb
|
|-weather|none
|-heal|p2a: Ferrothorn|47/100|[from] item: Leftovers
|upkeep
|turn|9
|
|t:|1641743203
|switch|p1a: Pelipper|Pelipper, M|100/100
|-damage|p1a: Pelipper|76/100|[from] Stealth Rock
|-weather|RainDance|[from] ability: Drizzle|[of] p1a: Pelipper
|switch|p2a: Moltres|Moltres-Galar|100/100
|
|-weather|RainDance|[upkeep]
|upkeep
|turn|10
|j| SL21CCJqlove
|
|t:|1641743213
|move|p2a: Moltres|Fiery Wrath|p1a: Pelipper
|-damage|p1a: Pelipper|32/100
|move|p1a: Pelipper|U-turn|p2a: Moltres
|-damage|p2a: Moltres|92/100
|
|t:|1641743221
|switch|p1a: Seismitoad|Seismitoad, F|37/100|[from]move: U-turn
|-damage|p1a: Seismitoad|31/100|[from] Stealth Rock
|
|-weather|RainDance|[upkeep]
|upkeep
|turn|11
|
|t:|1641743226
|move|p1a: Seismitoad|Weather Ball|p2a: Moltres
|-damage|p2a: Moltres|23/100
|-ability|p2a: Moltres|Berserk|boost
|-boost|p2a: Moltres|spa|1
|-damage|p1a: Seismitoad|21/100|[from] item: Life Orb
|move|p2a: Moltres|Fiery Wrath|p1a: Seismitoad
|-damage|p1a: Seismitoad|0 fnt
|faint|p1a: Seismitoad
|
|-weather|RainDance|[upkeep]
|upkeep
|
|t:|1641743237
|switch|p1a: Ludicolo|Ludicolo, F|88/100
|-damage|p1a: Ludicolo|76/100|[from] Stealth Rock
|turn|12
|
|t:|1641743239
|switch|p2a: Toxapex|Toxapex, M|100/100
|-damage|p2a: Toxapex|88/100|[from] Stealth Rock
|move|p1a: Ludicolo|Weather Ball|p2a: Toxapex
|-resisted|p2a: Toxapex
|-damage|p2a: Toxapex|52/100
|-damage|p1a: Ludicolo|66/100|[from] item: Life Orb
|
|-weather|RainDance|[upkeep]
|upkeep
|turn|13
|
|t:|1641743245
|switch|p1a: Omastar|Omastar, F|100/100
|-damage|p1a: Omastar|88/100|[from] Stealth Rock
|-item|p1a: Omastar|Air Balloon
|move|p2a: Toxapex|Recover|p2a: Toxapex
|-heal|p2a: Toxapex|100/100
|
|-weather|RainDance|[upkeep]
|upkeep
|turn|14
|
|t:|1641743249
|move|p1a: Omastar|Shell Smash|p1a: Omastar
|-unboost|p1a: Omastar|def|1
|-unboost|p1a: Omastar|spd|1
|-boost|p1a: Omastar|atk|2
|-boost|p1a: Omastar|spa|2
|-boost|p1a: Omastar|spe|2
|move|p2a: Toxapex|Scald|p1a: Omastar
|-damage|p1a: Omastar|26/100
|-status|p1a: Omastar|brn
|-enditem|p1a: Omastar|Air Balloon
|
|-weather|RainDance|[upkeep]
|-damage|p1a: Omastar|20/100 brn|[from] brn
|upkeep
|turn|15
|
|t:|1641743253
|move|p1a: Omastar|Earth Power|p2a: Toxapex
|-supereffective|p2a: Toxapex
|-damage|p2a: Toxapex|0 fnt
|faint|p2a: Toxapex
|
|-weather|RainDance|[upkeep]
|-damage|p1a: Omastar|14/100 brn|[from] brn
|upkeep
|
|t:|1641743262
|switch|p2a: Alakazam|Alakazam, M|100/100
|turn|16
|
|t:|1641743269
|move|p1a: Omastar|Surf|p2a: Alakazam
|-enditem|p2a: Alakazam|Focus Sash
|-damage|p2a: Alakazam|1/100
|move|p2a: Alakazam|Expanding Force|p1a: Omastar
|-damage|p1a: Omastar|0 fnt
|faint|p1a: Omastar
|
|-weather|none
|upkeep
|
|t:|1641743271
|switch|p1a: Pelipper|Pelipper, M|32/100
|-damage|p1a: Pelipper|7/100|[from] Stealth Rock
|-weather|RainDance|[from] ability: Drizzle|[of] p1a: Pelipper
|turn|17
|
|t:|1641743275
|move|p2a: Alakazam|Expanding Force|p1a: Pelipper
|-damage|p1a: Pelipper|0 fnt
|faint|p1a: Pelipper
|
|-weather|RainDance|[upkeep]
|upkeep
|j| zap the justice
|
|t:|1641743277
|switch|p1a: Ludicolo|Ludicolo, F|66/100
|-damage|p1a: Ludicolo|54/100|[from] Stealth Rock
|turn|18
|
|t:|1641743295
|switch|p2a: Moltres|Moltres-Galar|23/100
|move|p1a: Ludicolo|Weather Ball|p2a: Moltres
|-damage|p2a: Moltres|0 fnt
|faint|p2a: Moltres
|-damage|p1a: Ludicolo|44/100|[from] item: Life Orb
|
|-weather|RainDance|[upkeep]
|upkeep
|
|t:|1641743298
|switch|p2a: Tapu Lele|Tapu Lele|100/100
|-damage|p2a: Tapu Lele|88/100|[from] Stealth Rock
|-fieldstart|move: Psychic Terrain|[from] ability: Psychic Surge|[of] p2a: Tapu Lele
|turn|19
|
|t:|1641743316
|move|p1a: Ludicolo|Weather Ball|p2a: Tapu Lele
|-damage|p2a: Tapu Lele|0 fnt
|faint|p2a: Tapu Lele
|-damage|p1a: Ludicolo|34/100|[from] item: Life Orb
|
|-weather|RainDance|[upkeep]
|upkeep
|
|t:|1641743321
|switch|p2a: Ferrothorn|Ferrothorn, M|47/100
|-damage|p2a: Ferrothorn|41/100|[from] Stealth Rock
|turn|20
|
|t:|1641743326
|move|p1a: Ludicolo|Weather Ball|p2a: Ferrothorn
|-resisted|p2a: Ferrothorn
|-damage|p2a: Ferrothorn|14/100
|-damage|p1a: Ludicolo|24/100|[from] item: Life Orb
|move|p2a: Ferrothorn|Knock Off|p1a: Ludicolo
|-damage|p1a: Ludicolo|0 fnt
|-enditem|p1a: Ludicolo|Life Orb|[from] move: Knock Off|[of] p2a: Ferrothorn
|faint|p1a: Ludicolo
|
|-weather|RainDance|[upkeep]
|-heal|p2a: Ferrothorn|20/100|[from] item: Leftovers
|upkeep
|
|t:|1641743329
|switch|p1a: Inteleon|Inteleon, F|100/100
|-damage|p1a: Inteleon|88/100|[from] Stealth Rock
|turn|21
|
|t:|1641743331
|move|p1a: Inteleon|Weather Ball|p2a: Ferrothorn
|-resisted|p2a: Ferrothorn
|-damage|p2a: Ferrothorn|0 fnt
|faint|p2a: Ferrothorn
|
|-weather|RainDance|[upkeep]
|upkeep
|c| SL21CCJqlove|没有气合弹吗
|
|t:|1641743338
|switch|p2a: Alakazam|Alakazam, M|1/100
|turn|22
|l|+dragonitenb
|c|☆water GH0ST|没必要点 压进斩杀线就行了
|
|t:|1641743349
|move|p1a: Inteleon|Weather Ball|p2a: Alakazam
|-damage|p2a: Alakazam|0 fnt
|faint|p2a: Alakazam
|
|-weather|RainDance|[upkeep]
|upkeep
|
|t:|1641743351
|switch|p2a: Landorus|Landorus-Therian, M|100/100
|-damage|p2a: Landorus|88/100|[from] Stealth Rock
|-ability|p2a: Landorus|Intimidate|boost
|-unboost|p1a: Inteleon|atk|1
|turn|23
|
|t:|1641743353
|move|p1a: Inteleon|Weather Ball|p2a: Landorus
|-supereffective|p2a: Landorus
|-damage|p2a: Landorus|0 fnt
|faint|p2a: Landorus
|
|win|water GH0ST
|raw|water GH0ST's rating: 1289 &rarr; <strong>1301</strong><br />(+12 for winning)
|raw|SL21CC Pichiu's rating: 1196 &rarr; <strong>1178</strong><br />(-18 for losing)
|l|☆SL21CC Pichiu
