|raw|<div class="broadcast-blue"><strong>This battle is required to be public due to a player having a name starting with 'sl21cc'.</div>
|j|☆SL21CC Winona
|j|☆rffydsdhh
|t:|1641727466
|gametype|singles
|player|p1|SL21CC Winona|winona|1319
|player|p2|rffydsdhh|schoolkid-gen4dp|1221
|teamsize|p1|6
|teamsize|p2|6
|gen|8
|tier|[Gen 8] OU
|rated|
|rule|Sleep Clause Mod: Limit one foe put to sleep
|rule|Species Clause: Limit one of each Pokémon
|rule|OHKO Clause: OHKO moves are banned
|rule|Evasion Moves Clause: Evasion moves are banned
|rule|Endless Battle Clause: Forcing endless battles is banned
|rule|HP Percentage Mod: HP is shown in percentages
|rule|Dynamax Clause: You cannot dynamax
|clearpoke
|poke|p1|Heatran, M|
|poke|p1|Mew|
|poke|p1|Tornadus-Therian, M|
|poke|p1|Clefable, F|
|poke|p1|Skarmory, F|
|poke|p1|Gastrodon, F|
|poke|p2|Zapdos|
|poke|p2|Toxapex, M|
|poke|p2|Landorus-Therian, M|
|poke|p2|Weavile, M|
|poke|p2|Slowking-Galar, M|
|poke|p2|Scizor, M|
|teampreview
|inactive|Battle timer is ON: inactive players will automatically lose when time's up. (requested by SL21CC Winona)
|c|☆rffydsdhh|服了
|inactive|rffydsdhh has 120 seconds left.
|
|t:|1641727500
|start
|switch|p1a: Heatran|Heatran, M|100/100
|switch|p2a: Toxapex|Toxapex, M, shiny|100/100
|turn|1
|
|t:|1641727516
|switch|p1a: Skarmory|Skarmory, F|100/100
|switch|p2a: Landorus|Landorus-Therian, M, shiny|100/100
|-ability|p2a: Landorus|Intimidate|boost
|-unboost|p1a: Skarmory|atk|1
|
|upkeep
|turn|2
|j| sl21cc collapse
|
|t:|1641727524
|switch|p2a: Zapdos|Zapdos, shiny|100/100
|move|p1a: Skarmory|Spikes|p2a: Zapdos
|-sidestart|p2: rffydsdhh|Spikes
|
|upkeep
|turn|3
|
|t:|1641727528
|switch|p1a: Gastrodon|Gastrodon, F|100/100
|move|p2a: Zapdos|Hurricane|p1a: Gastrodon
|-damage|p1a: Gastrodon|67/100
|
|upkeep
|turn|4
|
|t:|1641727534
|move|p2a: Zapdos|Hurricane|p1a: Gastrodon
|-damage|p1a: Gastrodon|20/100
|-start|p1a: Gastrodon|confusion
|-activate|p1a: Gastrodon|confusion
|move|p1a: Gastrodon|Recover|p1a: Gastrodon
|-heal|p1a: Gastrodon|70/100
|
|upkeep
|turn|5
|inactive|SL21CC Winona has 120 seconds left.
|
|t:|1641727581
|move|p2a: Zapdos|Hurricane|p1a: Gastrodon|[miss]
|-miss|p2a: Zapdos|p1a: Gastrodon
|-activate|p1a: Gastrodon|confusion
|-damage|p1a: Gastrodon|62/100|[from] confusion
|
|upkeep
|turn|6
|
|t:|1641727585
|move|p2a: Zapdos|Hurricane|p1a: Gastrodon
|-damage|p1a: Gastrodon|24/100
|-end|p1a: Gastrodon|confusion
|move|p1a: Gastrodon|Recover|p1a: Gastrodon
|-heal|p1a: Gastrodon|74/100
|
|upkeep
|turn|7
|
|t:|1641727590
|move|p2a: Zapdos|Hurricane|p1a: Gastrodon
|-damage|p1a: Gastrodon|32/100
|move|p1a: Gastrodon|Recover|p1a: Gastrodon
|-heal|p1a: Gastrodon|82/100
|
|upkeep
|turn|8
|
|t:|1641727595
|move|p2a: Zapdos|Hurricane|p1a: Gastrodon
|-damage|p1a: Gastrodon|32/100
|move|p1a: Gastrodon|Substitute|p1a: Gastrodon
|-start|p1a: Gastrodon|Substitute
|-damage|p1a: Gastrodon|8/100
|
|upkeep
|turn|9
|
|t:|1641727601
|move|p2a: Zapdos|Hurricane|p1a: Gastrodon
|-end|p1a: Gastrodon|Substitute
|move|p1a: Gastrodon|Recover|p1a: Gastrodon
|-heal|p1a: Gastrodon|58/100
|
|upkeep
|turn|10
|
|t:|1641727623
|switch|p1a: Heatran|Heatran, M|100/100
|move|p2a: Zapdos|Hurricane|p1a: Heatran
|-resisted|p1a: Heatran
|-damage|p1a: Heatran|60/100
|
|-heal|p1a: Heatran|67/100|[from] item: Leftovers
|upkeep
|turn|11
|
|t:|1641727635
|switch|p1a: Gastrodon|Gastrodon, F|58/100
|move|p2a: Zapdos|Hurricane|p1a: Gastrodon
|-damage|p1a: Gastrodon|0 fnt
|faint|p1a: Gastrodon
|
|upkeep
|
|t:|1641727643
|switch|p1a: Heatran|Heatran, M|67/100
|turn|12
|
|t:|1641727649
|move|p2a: Zapdos|Volt Switch|p1a: Heatran
|-damage|p1a: Heatran|35/100
|
|t:|1641727652
|switch|p2a: Landorus|Landorus-Therian, M, shiny|100/100|[from]move: Volt Switch
|-ability|p2a: Landorus|Intimidate|boost
|-unboost|p1a: Heatran|atk|1
|move|p1a: Heatran|Lava Plume|p2a: Landorus
|-damage|p2a: Landorus|75/100
|
|-heal|p2a: Landorus|81/100|[from] item: Leftovers
|-heal|p1a: Heatran|41/100|[from] item: Leftovers
|upkeep
|turn|13
|
|t:|1641727656
|switch|p1a: Skarmory|Skarmory, F|100/100
|move|p2a: Landorus|Earthquake|p1a: Skarmory
|-immune|p1a: Skarmory
|
|-heal|p2a: Landorus|87/100|[from] item: Leftovers
|upkeep
|turn|14
|
|t:|1641727661
|move|p2a: Landorus|Defog|p1a: Skarmory
|-unboost|p1a: Skarmory|evasion|1
|-sideend|p2: rffydsdhh|Spikes|[from] move: Defog|[of] p2a: Landorus
|move|p1a: Skarmory|Spikes|p2a: Landorus
|-sidestart|p2: rffydsdhh|Spikes
|
|-heal|p2a: Landorus|93/100|[from] item: Leftovers
|upkeep
|turn|15
|
|t:|1641727686
|switch|p1a: Heatran|Heatran, M|41/100
|move|p2a: Landorus|Defog|p1a: Heatran
|-unboost|p1a: Heatran|evasion|1
|-sideend|p2: rffydsdhh|Spikes|[from] move: Defog|[of] p2a: Landorus
|
|-heal|p2a: Landorus|99/100|[from] item: Leftovers
|-heal|p1a: Heatran|48/100|[from] item: Leftovers
|upkeep
|turn|16
|
|t:|1641727694
|switch|p1a: Skarmory|Skarmory, F|100/100
|move|p2a: Landorus|U-turn|p1a: Skarmory
|-resisted|p1a: Skarmory
|-damage|p1a: Skarmory|98/100
|-damage|p2a: Landorus|82/100|[from] item: Rocky Helmet|[of] p1a: Skarmory
|
|t:|1641727696
|switch|p2a: Zapdos|Zapdos, shiny|100/100|[from]move: U-turn
|
|upkeep
|turn|17
|
|t:|1641727700
|switch|p1a: Mew|Mew|100/100
|move|p2a: Zapdos|Discharge|p1a: Mew
|-damage|p1a: Mew|63/100
|
|upkeep
|turn|18
|
|t:|1641727708
|move|p1a: Mew|Soft-Boiled|p1a: Mew
|-heal|p1a: Mew|100/100
|move|p2a: Zapdos|Discharge|p1a: Mew
|-damage|p1a: Mew|56/100
|
|upkeep
|turn|19
|
|t:|1641727713
|move|p1a: Mew|Cosmic Power|p1a: Mew
|-boost|p1a: Mew|def|1
|-boost|p1a: Mew|spd|1
|move|p2a: Zapdos|Discharge|p1a: Mew
|-damage|p1a: Mew|24/100
|
|upkeep
|turn|20
|
|t:|1641727718
|move|p2a: Zapdos|Discharge|p1a: Mew
|-damage|p1a: Mew|0 fnt
|faint|p1a: Mew
|
|upkeep
|-message|SL21CC Winona forfeited.
|
|win|rffydsdhh
|raw|SL21CC Winona's rating: 1319 &rarr; <strong>1299</strong><br />(-20 for losing)
|raw|rffydsdhh's rating: 1221 &rarr; <strong>1241</strong><br />(+20 for winning)
|l|☆SL21CC Winona
