|raw|<div class="broadcast-blue"><strong>This battle is required to be public due to a player having a name starting with 'sl21cc'.</div>
|j|☆lxytxhlyhkstbxh
|j|☆SL21CC Pichiu
|t:|1641740095
|gametype|singles
|player|p1|lxytxhlyhkstbxh|bellelba|1107
|player|p2|SL21CC Pichiu|elesa|1260
|teamsize|p1|6
|teamsize|p2|6
|gen|8
|tier|[Gen 8] OU
|rated|
|rule|Sleep Clause Mod: Limit one foe put to sleep
|rule|Species Clause: Limit one of each Pokémon
|rule|OHKO Clause: OHKO moves are banned
|rule|Evasion Moves Clause: Evasion moves are banned
|rule|Endless Battle Clause: Forcing endless battles is banned
|rule|HP Percentage Mod: HP is shown in percentages
|rule|Dynamax Clause: You cannot dynamax
|clearpoke
|poke|p1|Slowbro-Galar, F|
|poke|p1|Clefable, F|
|poke|p1|Ninetales-Alola, M|
|poke|p1|Magnezone|
|poke|p1|Seismitoad, F|
|poke|p1|Tornadus-Therian, M|
|poke|p2|Zapdos|
|poke|p2|Toxapex, F|
|poke|p2|Landorus-Therian, M|
|poke|p2|Slowking-Galar, F|
|poke|p2|Weavile, F|
|poke|p2|Melmetal|
|teampreview
|
|t:|1641740111
|start
|switch|p1a: Magnezone|Magnezone|100/100
|switch|p2a: Slowking|Slowking-Galar, F|100/100
|-item|p1a: Magnezone|Air Balloon
|turn|1
|
|t:|1641740117
|switch|p1a: Seismitoad|Seismitoad, F|100/100
|move|p2a: Slowking|Future Sight|p1a: Seismitoad
|-start|p2a: Slowking|move: Future Sight
|
|upkeep
|turn|2
|
|t:|1641740130
|switch|p2a: Toxapex|Toxapex, F|100/100
|move|p1a: Seismitoad|Stealth Rock|p2a: Toxapex
|-sidestart|p2: SL21CC Pichiu|move: Stealth Rock
|
|upkeep
|turn|3
|j| adreamew
|
|t:|1641740133
|move|p1a: Seismitoad|Knock Off|p2a: Toxapex
|-crit|p2a: Toxapex
|-damage|p2a: Toxapex|81/100
|-damage|p1a: Seismitoad|84/100|[from] item: Rocky Helmet|[of] p2a: Toxapex
|-enditem|p2a: Toxapex|Rocky Helmet|[from] move: Knock Off|[of] p1a: Seismitoad
|move|p2a: Toxapex|Toxic|p1a: Seismitoad
|-status|p1a: Seismitoad|tox
|
|-end|p1a: Seismitoad|move: Future Sight
|-damage|p1a: Seismitoad|45/100 tox
|-heal|p1a: Seismitoad|51/100 tox|[from] item: Leftovers
|-damage|p1a: Seismitoad|45/100 tox|[from] psn
|upkeep
|turn|4
|
|t:|1641740146
|switch|p1a: Ninetales|Ninetales-Alola, M|100/100
|-weather|Hail|[from] ability: Snow Warning|[of] p1a: Ninetales
|switch|p2a: Zapdos|Zapdos|100/100
|
|-weather|Hail|[upkeep]
|-damage|p2a: Zapdos|94/100|[from] Hail
|upkeep
|turn|5
|
|t:|1641740153
|switch|p2a: Slowking|Slowking-Galar, F|100/100
|-damage|p2a: Slowking|88/100|[from] Stealth Rock
|move|p1a: Ninetales|Aurora Veil|p1a: Ninetales
|-sidestart|p1: lxytxhlyhkstbxh|move: Aurora Veil
|
|-weather|Hail|[upkeep]
|-damage|p2a: Slowking|82/100|[from] Hail
|upkeep
|turn|6
|
|t:|1641740158
|switch|p1a: Slowbro|Slowbro-Galar, F|100/100
|move|p2a: Slowking|Future Sight|p1a: Slowbro
|-start|p2a: Slowking|move: Future Sight
|
|-weather|Hail|[upkeep]
|-damage|p2a: Slowking|76/100|[from] Hail
|-damage|p1a: Slowbro|94/100|[from] Hail
|upkeep
|turn|7
|
|t:|1641740168
|switch|p2a: Melmetal|Melmetal|100/100
|-damage|p2a: Melmetal|94/100|[from] Stealth Rock
|move|p1a: Slowbro|Nasty Plot|p1a: Slowbro
|-boost|p1a: Slowbro|spa|2
|
|-weather|Hail|[upkeep]
|-damage|p2a: Melmetal|88/100|[from] Hail
|-damage|p1a: Slowbro|88/100|[from] Hail
|upkeep
|turn|8
|
|t:|1641740172
|move|p2a: Melmetal|Double Iron Bash|p1a: Slowbro
|-damage|p1a: Slowbro|70/100
|-damage|p1a: Slowbro|49/100
|-hitcount|p1a: Slowbro|2
|move|p1a: Slowbro|Focus Blast|p2a: Melmetal|[miss]
|-miss|p1a: Slowbro|p2a: Melmetal
|
|-weather|none
|-end|p1a: Slowbro|move: Future Sight
|-damage|p1a: Slowbro|19/100
|upkeep
|turn|9
|-activate|p1a: Slowbro|ability: Quick Draw
|
|t:|1641740179
|move|p1a: Slowbro|Focus Blast|p2a: Melmetal
|-supereffective|p2a: Melmetal
|-damage|p2a: Melmetal|0 fnt
|faint|p2a: Melmetal
|
|upkeep
|
|t:|1641740185
|switch|p2a: Zapdos|Zapdos|94/100
|turn|10
|-activate|p1a: Slowbro|ability: Quick Draw
|
|t:|1641740187
|move|p1a: Slowbro|Ice Beam|p2a: Zapdos
|-supereffective|p2a: Zapdos
|-damage|p2a: Zapdos|0 fnt
|faint|p2a: Zapdos
|
|upkeep
|
|t:|1641740195
|switch|p2a: Weavile|Weavile, F|100/100
|-ability|p2a: Weavile|Pressure
|turn|11
|-activate|p1a: Slowbro|ability: Quick Draw
|
|t:|1641740198
|move|p1a: Slowbro|Focus Blast|p2a: Weavile
|-supereffective|p2a: Weavile
|-damage|p2a: Weavile|0 fnt
|faint|p2a: Weavile
|
|upkeep
|
|t:|1641740200
|switch|p2a: Landorus|Landorus-Therian, M|100/100
|-damage|p2a: Landorus|88/100|[from] Stealth Rock
|-ability|p2a: Landorus|Intimidate|boost
|-unboost|p1a: Slowbro|atk|1
|turn|12
|-activate|p1a: Slowbro|ability: Quick Draw
|
|t:|1641740202
|move|p1a: Slowbro|Ice Beam|p2a: Landorus
|-supereffective|p2a: Landorus
|-damage|p2a: Landorus|0 fnt
|faint|p2a: Landorus
|
|-sideend|p1: lxytxhlyhkstbxh|move: Aurora Veil
|upkeep
|
|t:|1641740204
|switch|p2a: Slowking|Slowking-Galar, F|100/100
|-damage|p2a: Slowking|88/100|[from] Stealth Rock
|turn|13
|-activate|p1a: Slowbro|ability: Quick Draw
|
|t:|1641740208
|move|p1a: Slowbro|Psyshock|p2a: Slowking
|-damage|p2a: Slowking|13/100
|move|p2a: Slowking|Future Sight|p1a: Slowbro
|-start|p2a: Slowking|move: Future Sight
|
|upkeep
|turn|14
|
|t:|1641740211
|move|p2a: Slowking|Sludge Bomb|p1a: Slowbro
|-resisted|p1a: Slowbro
|-damage|p1a: Slowbro|0 fnt
|faint|p1a: Slowbro
|
|upkeep
|
|t:|1641740218
|switch|p1a: Ninetales|Ninetales-Alola, M|100/100
|-weather|Hail|[from] ability: Snow Warning|[of] p1a: Ninetales
|turn|15
|c|☆SL21CC Pichiu|5连
|c|☆SL21CC Pichiu|过分了啊
|
|t:|1641740241
|switch|p2a: Toxapex|Toxapex, F|100/100
|-damage|p2a: Toxapex|88/100|[from] Stealth Rock
|move|p1a: Ninetales|Freeze-Dry|p2a: Toxapex
|-supereffective|p2a: Toxapex
|-damage|p2a: Toxapex|45/100
|
|-weather|Hail|[upkeep]
|-damage|p2a: Toxapex|38/100|[from] Hail
|-end|p1a: Ninetales|move: Future Sight
|-damage|p1a: Ninetales|42/100
|upkeep
|turn|16
|
|t:|1641740245
|switch|p2a: Slowking|Slowking-Galar, F|46/100
|-damage|p2a: Slowking|33/100|[from] Stealth Rock
|move|p1a: Ninetales|Freeze-Dry|p2a: Slowking
|-damage|p2a: Slowking|21/100
|
|-weather|Hail|[upkeep]
|-damage|p2a: Slowking|15/100|[from] Hail
|upkeep
|turn|17
|
|t:|1641740251
|move|p1a: Ninetales|Freeze-Dry|p2a: Slowking
|-damage|p2a: Slowking|3/100
|move|p2a: Slowking|Sludge Bomb|p1a: Ninetales
|-supereffective|p1a: Ninetales
|-damage|p1a: Ninetales|0 fnt
|faint|p1a: Ninetales
|
|-weather|Hail|[upkeep]
|-damage|p2a: Slowking|0 fnt|[from] Hail
|faint|p2a: Slowking
|upkeep
|
|t:|1641740257
|switch|p1a: Magnezone|Magnezone|100/100
|switch|p2a: Toxapex|Toxapex, F|72/100
|-item|p1a: Magnezone|Air Balloon
|-damage|p2a: Toxapex|59/100|[from] Stealth Rock
|turn|18
|
|t:|1641740261
|move|p1a: Magnezone|Thunderbolt|p2a: Toxapex
|-supereffective|p2a: Toxapex
|-damage|p2a: Toxapex|0 fnt
|faint|p2a: Toxapex
|
|win|lxytxhlyhkstbxh
|raw|lxytxhlyhkstbxh's rating: 1107 &rarr; <strong>1156</strong><br />(+49 for winning)
|raw|SL21CC Pichiu's rating: 1260 &rarr; <strong>1238</strong><br />(-22 for losing)
|l|☆SL21CC Pichiu
