|raw|<div class="broadcast-blue"><strong>This battle is required to be public due to a player having a name starting with 'sl21cc'.</div>
|j|‽sl21 ccpj
|j|☆SL21CC ginko
|t:|1641742680
|gametype|singles
|player|p1|sl21 ccpj|1|1373
|player|p2|SL21CC ginko|line38324.png|1320
|teamsize|p1|6
|teamsize|p2|6
|gen|8
|tier|[Gen 8] OU
|rated|
|rule|Sleep Clause Mod: Limit one foe put to sleep
|rule|Species Clause: Limit one of each Pokémon
|rule|OHKO Clause: OHKO moves are banned
|rule|Evasion Moves Clause: Evasion moves are banned
|rule|Endless Battle Clause: Forcing endless battles is banned
|rule|HP Percentage Mod: HP is shown in percentages
|rule|Dynamax Clause: You cannot dynamax
|clearpoke
|poke|p1|Zeraora|
|poke|p1|Zapdos-Galar|
|poke|p1|Tapu Fini|
|poke|p1|Melmetal|
|poke|p1|Victini|
|poke|p1|Landorus-Therian, M|
|poke|p2|Blissey, F|
|poke|p2|Rotom-Heat|
|poke|p2|Landorus-Therian, M|
|poke|p2|Weavile, M|
|poke|p2|Toxapex, F|
|poke|p2|Corviknight, M|
|teampreview
|inactive|Battle timer is ON: inactive players will automatically lose when time's up. (requested by sl21 ccpj)
|j| adreamew
|j|♚The Steel Shadow
|
|t:|1641742718
|start
|switch|p1a: Landorus|Landorus-Therian, M|100/100
|switch|p2a: Weavile|Weavile, M|100/100
|-ability|p2a: Weavile|Pressure
|-ability|p1a: Landorus|Intimidate|boost
|-unboost|p2a: Weavile|atk|1
|turn|1
|
|t:|1641742729
|move|p2a: Weavile|Triple Axel|p1a: Landorus
|-supereffective|p1a: Landorus
|-damage|p1a: Landorus|79/100
|-supereffective|p1a: Landorus
|-damage|p1a: Landorus|37/100
|-supereffective|p1a: Landorus
|-damage|p1a: Landorus|0 fnt
|faint|p1a: Landorus
|-hitcount|p1: Landorus|3
|
|upkeep
|
|t:|1641742737
|switch|p1a: Tapu Fini|Tapu Fini|100/100
|-fieldstart|move: Misty Terrain|[from] ability: Misty Surge|[of] p1a: Tapu Fini
|turn|2
|
|t:|1641742739
|switch|p2a: Toxapex|Toxapex, F|100/100
|move|p1a: Tapu Fini|Whirlpool|p2a: Toxapex
|-resisted|p2a: Toxapex
|-damage|p2a: Toxapex|96/100
|-activate|p2a: Toxapex|move: Whirlpool|[of] p1a: Tapu Fini
|
|-heal|p2a: Toxapex|100/100|[from] item: Black Sludge
|-damage|p2a: Toxapex|88/100|[from] move: Whirlpool|[partiallytrapped]
|upkeep
|turn|3
|
|t:|1641742746
|move|p1a: Tapu Fini|Nature's Madness|p2a: Toxapex
|-damage|p2a: Toxapex|44/100
|move|p2a: Toxapex|Poison Jab|p1a: Tapu Fini
|-supereffective|p1a: Tapu Fini
|-damage|p1a: Tapu Fini|65/100
|
|-heal|p1a: Tapu Fini|72/100|[from] item: Leftovers
|-heal|p2a: Toxapex|50/100|[from] item: Black Sludge
|-damage|p2a: Toxapex|38/100|[from] move: Whirlpool|[partiallytrapped]
|upkeep
|turn|4
|
|t:|1641742751
|move|p1a: Tapu Fini|Moonblast|p2a: Toxapex
|-resisted|p2a: Toxapex
|-damage|p2a: Toxapex|27/100
|move|p2a: Toxapex|Poison Jab|p1a: Tapu Fini
|-supereffective|p1a: Tapu Fini
|-damage|p1a: Tapu Fini|38/100
|
|-heal|p1a: Tapu Fini|44/100|[from] item: Leftovers
|-heal|p2a: Toxapex|33/100|[from] item: Black Sludge
|-damage|p2a: Toxapex|21/100|[from] move: Whirlpool|[partiallytrapped]
|upkeep
|turn|5
|
|t:|1641742758
|move|p1a: Tapu Fini|Taunt|p2a: Toxapex
|-start|p2a: Toxapex|move: Taunt
|move|p2a: Toxapex|Poison Jab|p1a: Tapu Fini
|-supereffective|p1a: Tapu Fini
|-damage|p1a: Tapu Fini|10/100
|
|-heal|p1a: Tapu Fini|16/100|[from] item: Leftovers
|-heal|p2a: Toxapex|27/100|[from] item: Black Sludge
|-damage|p2a: Toxapex|15/100|[from] move: Whirlpool|[partiallytrapped]
|upkeep
|turn|6
|j|+dragonitenb
|
|t:|1641742763
|move|p1a: Tapu Fini|Moonblast|p2a: Toxapex
|-resisted|p2a: Toxapex
|-damage|p2a: Toxapex|2/100
|move|p2a: Toxapex|Poison Jab|p1a: Tapu Fini
|-supereffective|p1a: Tapu Fini
|-damage|p1a: Tapu Fini|0 fnt
|faint|p1a: Tapu Fini
|
|-heal|p2a: Toxapex|9/100|[from] item: Black Sludge
|-end|p2a: Toxapex|Whirlpool|[partiallytrapped]
|-fieldend|Misty Terrain
|upkeep
|
|t:|1641742768
|switch|p1a: Zapdos|Zapdos-Galar|100/100
|turn|7
|
|t:|1641742772
|switch|p2a: Corviknight|Corviknight, M|100/100
|-ability|p2a: Corviknight|Pressure
|move|p1a: Zapdos|Close Combat|p2a: Corviknight
|-damage|p2a: Corviknight|45/100
|-unboost|p1a: Zapdos|def|1
|-unboost|p1a: Zapdos|spd|1
|
|upkeep
|turn|8
|j| Renwu
|j| SL21CC姐ISthequeen
|
|t:|1641742788
|switch|p2a: Blissey|Blissey, F|100/100
|move|p1a: Zapdos|Close Combat|p2a: Blissey
|-supereffective|p2a: Blissey
|-damage|p2a: Blissey|0 fnt
|-unboost|p1a: Zapdos|def|1
|-unboost|p1a: Zapdos|spd|1
|faint|p2a: Blissey
|
|upkeep
|j| water GH0ST
|
|t:|1641742791
|switch|p2a: Weavile|Weavile, M|100/100
|-ability|p2a: Weavile|Pressure
|turn|9
|
|t:|1641742795
|switch|p1a: Melmetal|Melmetal|100/100
|move|p2a: Weavile|Knock Off|p1a: Melmetal
|-crit|p1a: Melmetal
|-damage|p1a: Melmetal|59/100
|-enditem|p1a: Melmetal|Assault Vest|[from] move: Knock Off|[of] p2a: Weavile
|
|upkeep
|turn|10
|l| water GH0ST
|
|t:|1641742805
|switch|p2a: Landorus|Landorus-Therian, M|100/100
|-ability|p2a: Landorus|Intimidate|boost
|-unboost|p1a: Melmetal|atk|1
|switch|p1a: Zapdos|Zapdos-Galar|100/100
|
|upkeep
|turn|11
|
|t:|1641742813
|move|p1a: Zapdos|Close Combat|p2a: Landorus
|-resisted|p2a: Landorus
|-damage|p2a: Landorus|65/100
|-unboost|p1a: Zapdos|def|1
|-unboost|p1a: Zapdos|spd|1
|move|p2a: Landorus|Toxic|p1a: Zapdos
|-status|p1a: Zapdos|tox
|
|-heal|p2a: Landorus|71/100|[from] item: Leftovers
|-damage|p1a: Zapdos|94/100 tox|[from] psn
|upkeep
|turn|12
|
|t:|1641742817
|move|p1a: Zapdos|Close Combat|p2a: Landorus
|-resisted|p2a: Landorus
|-damage|p2a: Landorus|35/100
|-unboost|p1a: Zapdos|def|1
|-unboost|p1a: Zapdos|spd|1
|move|p2a: Landorus|Stealth Rock|p1a: Zapdos
|-sidestart|p1: sl21 ccpj|move: Stealth Rock
|
|-heal|p2a: Landorus|41/100|[from] item: Leftovers
|-damage|p1a: Zapdos|82/100 tox|[from] psn
|upkeep
|turn|13
|
|t:|1641742821
|switch|p2a: Toxapex|Toxapex, F|42/100
|move|p1a: Zapdos|Close Combat|p2a: Toxapex
|-resisted|p2a: Toxapex
|-crit|p2a: Toxapex
|-damage|p2a: Toxapex|0 fnt
|-unboost|p1a: Zapdos|def|1
|-unboost|p1a: Zapdos|spd|1
|faint|p2a: Toxapex
|
|-damage|p1a: Zapdos|63/100 tox|[from] psn
|upkeep
|
|t:|1641742823
|switch|p2a: Weavile|Weavile, M|100/100
|-ability|p2a: Weavile|Pressure
|turn|14
|
|t:|1641742826
|switch|p1a: Melmetal|Melmetal|59/100
|-damage|p1a: Melmetal|53/100|[from] Stealth Rock
|move|p2a: Weavile|Knock Off|p1a: Melmetal
|-damage|p1a: Melmetal|35/100
|
|upkeep
|turn|15
|l| SL21CC姐ISthequeen
|
|t:|1641742835
|switch|p1a: Victini|Victini|100/100
|move|p2a: Weavile|Low Kick|p1a: Victini
|-resisted|p1a: Victini
|-damage|p1a: Victini|97/100
|
|upkeep
|turn|16
|
|t:|1641742844
|switch|p1a: Melmetal|Melmetal|35/100
|-damage|p1a: Melmetal|29/100|[from] Stealth Rock
|move|p2a: Weavile|Knock Off|p1a: Melmetal
|-damage|p1a: Melmetal|11/100
|
|upkeep
|turn|17
|
|t:|1641742846
|move|p2a: Weavile|Knock Off|p1a: Melmetal
|-damage|p1a: Melmetal|0 fnt
|faint|p1a: Melmetal
|
|upkeep
|
|t:|1641742848
|switch|p1a: Zeraora|Zeraora|100/100
|turn|18
|
|t:|1641742855
|switch|p2a: Landorus|Landorus-Therian, M|41/100
|-ability|p2a: Landorus|Intimidate|boost
|-unboost|p1a: Zeraora|atk|1
|move|p1a: Zeraora|Knock Off|p2a: Landorus
|-damage|p2a: Landorus|26/100
|-enditem|p2a: Landorus|Leftovers|[from] move: Knock Off|[of] p1a: Zeraora
|
|upkeep
|turn|19
|
|t:|1641742863
|switch|p1a: Zapdos|Zapdos-Galar|63/100 tox
|-damage|p1a: Zapdos|51/100 tox|[from] Stealth Rock
|move|p2a: Landorus|Earthquake|p1a: Zapdos
|-immune|p1a: Zapdos
|
|-damage|p1a: Zapdos|44/100 tox|[from] psn
|upkeep
|turn|20
|
|t:|1641742866
|switch|p2a: Corviknight|Corviknight, M|45/100
|-ability|p2a: Corviknight|Pressure
|move|p1a: Zapdos|Close Combat|p2a: Corviknight
|-damage|p2a: Corviknight|0 fnt
|-unboost|p1a: Zapdos|def|1
|-unboost|p1a: Zapdos|spd|1
|faint|p2a: Corviknight
|
|-damage|p1a: Zapdos|32/100 tox|[from] psn
|upkeep
|
|t:|1641742872
|switch|p2a: Weavile|Weavile, M|100/100
|-ability|p2a: Weavile|Pressure
|turn|21
|j| 9skythunderouskick
|
|t:|1641742882
|move|p2a: Weavile|Ice Shard|p1a: Zapdos
|-supereffective|p1a: Zapdos
|-damage|p1a: Zapdos|0 fnt
|faint|p1a: Zapdos
|
|upkeep
|j| SL21CC Winona
|
|t:|1641742887
|switch|p1a: Zeraora|Zeraora|100/100
|turn|22
|
|t:|1641742891
|switch|p2a: Rotom|Rotom-Heat|100/100
|move|p1a: Zeraora|Close Combat|p2a: Rotom
|-damage|p2a: Rotom|51/100
|-unboost|p1a: Zeraora|def|1
|-unboost|p1a: Zeraora|spd|1
|
|upkeep
|turn|23
|
|t:|1641742909
|switch|p1a: Victini|Victini|97/100
|move|p2a: Rotom|Overheat|p1a: Victini
|-resisted|p1a: Victini
|-damage|p1a: Victini|64/100
|-unboost|p2a: Rotom|spa|2
|
|upkeep
|turn|24
|
|t:|1641742919
|move|p1a: Victini|U-turn|p2a: Rotom
|-resisted|p2a: Rotom
|-damage|p2a: Rotom|37/100
|
|t:|1641742923
|switch|p1a: Zeraora|Zeraora|100/100|[from]move: U-turn
|move|p2a: Rotom|Thunderbolt|p1a: Zeraora
|-immune|p1a: Zeraora|[from] ability: Volt Absorb
|
|upkeep
|turn|25
|
|t:|1641742928
|move|p1a: Zeraora|Bulk Up|p1a: Zeraora
|-boost|p1a: Zeraora|atk|1
|-boost|p1a: Zeraora|def|1
|move|p2a: Rotom|Pain Split|p1a: Zeraora
|-sethp|p1a: Zeraora|65/100|[from] move: Pain Split|[silent]
|-sethp|p2a: Rotom|82/100|[from] move: Pain Split
|
|upkeep
|turn|26
|j| water GH0ST
|j|%kitoothe
|inactive|sl21 ccpj has 120 seconds left.
|
|t:|1641742982
|switch|p2a: Landorus|Landorus-Therian, M|26/100
|-ability|p2a: Landorus|Intimidate|boost
|-unboost|p1a: Zeraora|atk|1
|move|p1a: Zeraora|Bulk Up|p1a: Zeraora
|-boost|p1a: Zeraora|atk|1
|-boost|p1a: Zeraora|def|1
|
|upkeep
|turn|27
|inactive|sl21 ccpj has 90 seconds left.
|
|t:|1641743007
|move|p1a: Zeraora|Knock Off|p2a: Landorus
|-damage|p2a: Landorus|1/100
|move|p2a: Landorus|Earthquake|p1a: Zeraora
|-supereffective|p1a: Zeraora
|-damage|p1a: Zeraora|0 fnt
|faint|p1a: Zeraora
|
|upkeep
|
|t:|1641743017
|switch|p1a: Victini|Victini|64/100
|turn|28
|
|t:|1641743020
|move|p1a: Victini|U-turn|p2a: Landorus
|-resisted|p2a: Landorus
|-damage|p2a: Landorus|0 fnt
|faint|p2a: Landorus
|
|upkeep
|
|t:|1641743022
|switch|p2a: Weavile|Weavile, M|100/100
|-ability|p2a: Weavile|Pressure
|turn|29
|
|t:|1641743023
|move|p2a: Weavile|Knock Off|p1a: Victini
|-supereffective|p1a: Victini
|-damage|p1a: Victini|0 fnt
|-enditem|p1a: Victini|Heavy-Duty Boots|[from] move: Knock Off|[of] p2a: Weavile
|faint|p1a: Victini
|
|win|SL21CC ginko
|raw|sl21 ccpj's rating: 1373 &rarr; <strong>1350</strong><br />(-23 for losing)
|raw|SL21CC ginko's rating: 1320 &rarr; <strong>1339</strong><br />(+19 for winning)
|l|‽sl21 ccpj
|l| water GH0ST
|l| 9skythunderouskick
