|raw|<div class="broadcast-blue"><strong>This battle is required to be public due to a player having a name starting with 'sl21cc'.</div>
|j|‽sl21cc pj
|j|☆LT84JM Faramita
|t:|1641720862
|gametype|singles
|player|p1|sl21cc pj|1|1307
|player|p2|LT84JM Faramita|daretolovexkh.png|1171
|teamsize|p1|6
|teamsize|p2|6
|gen|8
|tier|[Gen 8] OU
|rated|
|rule|Sleep Clause Mod: Limit one foe put to sleep
|rule|Species Clause: Limit one of each Pokémon
|rule|OHKO Clause: OHKO moves are banned
|rule|Evasion Moves Clause: Evasion moves are banned
|rule|Endless Battle Clause: Forcing endless battles is banned
|rule|HP Percentage Mod: HP is shown in percentages
|rule|Dynamax Clause: You cannot dynamax
|clearpoke
|poke|p1|Heatran, M|
|poke|p1|Tapu Lele|
|poke|p1|Tornadus-Therian, M|
|poke|p1|Garchomp, M|
|poke|p1|Tapu Fini|
|poke|p1|Melmetal|
|poke|p2|Slowbro-Galar, F|
|poke|p2|Clefable, F|
|poke|p2|Ninetales-Alola, M|
|poke|p2|Magnezone|
|poke|p2|Seismitoad, M|
|poke|p2|Tornadus-Therian, M|
|teampreview
|inactive|Battle timer is ON: inactive players will automatically lose when time's up. (requested by sl21cc pj)
|
|t:|1641720880
|start
|switch|p1a: Tornadus|Tornadus-Therian, M|100/100
|switch|p2a: Ninetales|Ninetales-Alola, M|100/100
|-weather|Hail|[from] ability: Snow Warning|[of] p2a: Ninetales
|turn|1
|
|t:|1641720884
|move|p1a: Tornadus|Knock Off|p2a: Ninetales
|-resisted|p2a: Ninetales
|-damage|p2a: Ninetales|87/100
|-enditem|p2a: Ninetales|Light Clay|[from] move: Knock Off|[of] p1a: Tornadus
|move|p2a: Ninetales|Aurora Veil|p2a: Ninetales
|-sidestart|p2: LT84JM Faramita|move: Aurora Veil
|
|-weather|Hail|[upkeep]
|-damage|p1a: Tornadus|94/100|[from] Hail
|upkeep
|turn|2
|
|t:|1641720889
|move|p1a: Tornadus|U-turn|p2a: Ninetales
|-resisted|p2a: Ninetales
|-damage|p2a: Ninetales|81/100
|
|t:|1641720892
|switch|p1a: Heatran|Heatran, M|100/100|[from]move: U-turn
|move|p2a: Ninetales|Moonblast|p1a: Heatran
|-resisted|p1a: Heatran
|-damage|p1a: Heatran|95/100
|
|-weather|Hail|[upkeep]
|-damage|p1a: Heatran|89/100|[from] Hail
|-heal|p1a: Heatran|95/100|[from] item: Leftovers
|upkeep
|turn|3
|j| SL21CC tangkeke
|
|t:|1641720896
|switch|p2a: Seismitoad|Seismitoad, M|100/100
|move|p1a: Heatran|Stealth Rock|p2a: Seismitoad
|-sidestart|p2: LT84JM Faramita|move: Stealth Rock
|
|-weather|Hail|[upkeep]
|-damage|p1a: Heatran|89/100|[from] Hail
|-damage|p2a: Seismitoad|94/100|[from] Hail
|-heal|p1a: Heatran|95/100|[from] item: Leftovers
|-heal|p2a: Seismitoad|100/100|[from] item: Leftovers
|upkeep
|turn|4
|j| SL21CC PornHub
|j| water GH0ST
|
|t:|1641720906
|move|p1a: Heatran|Toxic|p2a: Seismitoad
|-status|p2a: Seismitoad|tox
|move|p2a: Seismitoad|Stealth Rock|p1a: Heatran
|-sidestart|p1: sl21cc pj|move: Stealth Rock
|
|-weather|Hail|[upkeep]
|-damage|p1a: Heatran|89/100|[from] Hail
|-damage|p2a: Seismitoad|94/100 tox|[from] Hail
|-heal|p1a: Heatran|95/100|[from] item: Leftovers
|-heal|p2a: Seismitoad|100/100 tox|[from] item: Leftovers
|-damage|p2a: Seismitoad|94/100 tox|[from] psn
|upkeep
|turn|5
|j| Rame10
|j| SL21CCJqlove
|
|t:|1641720914
|switch|p1a: Tornadus|Tornadus-Therian, M|100/100
|switch|p2a: 用心创造爱|Slowbro-Galar, F|100/100
|-damage|p2a: 用心创造爱|88/100|[from] Stealth Rock
|
|-weather|none
|-sideend|p2: LT84JM Faramita|move: Aurora Veil
|upkeep
|turn|6
|
|t:|1641720918
|move|p1a: Tornadus|Knock Off|p2a: 用心创造爱
|-supereffective|p2a: 用心创造爱
|-damage|p2a: 用心创造爱|53/100
|-enditem|p2a: 用心创造爱|Quick Claw|[from] move: Knock Off|[of] p1a: Tornadus
|move|p2a: 用心创造爱|Nasty Plot|p2a: 用心创造爱
|-boost|p2a: 用心创造爱|spa|2
|
|upkeep
|turn|7
|
|t:|1641720926
|move|p1a: Tornadus|Hurricane|p2a: 用心创造爱|[miss]
|-miss|p1a: Tornadus|p2a: 用心创造爱
|move|p2a: 用心创造爱|Ice Beam|p1a: Tornadus
|-supereffective|p1a: Tornadus
|-damage|p1a: Tornadus|0 fnt
|faint|p1a: Tornadus
|
|upkeep
|j| SL21CC91影先生
|
|t:|1641720936
|switch|p1a: Tapu Lele|Tapu Lele|100/100
|-damage|p1a: Tapu Lele|88/100|[from] Stealth Rock
|-fieldstart|move: Psychic Terrain|[from] ability: Psychic Surge|[of] p1a: Tapu Lele
|turn|8
|-activate|p2a: 用心创造爱|ability: Quick Draw
|
|t:|1641720943
|move|p2a: 用心创造爱|Ice Beam|p1a: Tapu Lele
|-damage|p1a: Tapu Lele|23/100
|-status|p1a: Tapu Lele|frz
|-curestatus|p1a: Tapu Lele|frz|[msg]
|move|p1a: Tapu Lele|Psyshock|p2a: 用心创造爱
|-damage|p2a: 用心创造爱|0 fnt
|faint|p2a: 用心创造爱
|
|upkeep
|j| SL22CC 蜜雪冰城
|
|t:|1641720973
|switch|p2a: Tornadus|Tornadus-Therian, M|100/100
|turn|9
|j| wandebucuo玩得不错
|
|t:|1641720986
|switch|p1a: Heatran|Heatran, M|95/100
|-damage|p1a: Heatran|82/100|[from] Stealth Rock
|move|p2a: Tornadus|Focus Blast|p1a: Heatran|[miss]
|-miss|p2a: Tornadus|p1a: Heatran
|
|-heal|p1a: Heatran|89/100|[from] item: Leftovers
|upkeep
|turn|10
|
|t:|1641720992
|move|p2a: Tornadus|Focus Blast|p1a: Heatran|[miss]
|-miss|p2a: Tornadus|p1a: Heatran
|move|p1a: Heatran|Toxic|p2a: Tornadus
|-status|p2a: Tornadus|tox
|
|-heal|p1a: Heatran|95/100|[from] item: Leftovers
|-damage|p2a: Tornadus|94/100 tox|[from] psn
|upkeep
|turn|11
|j| 9skythunderouskick
|
|t:|1641720998
|switch|p1a: Tapu Fini|Tapu Fini|100/100
|-damage|p1a: Tapu Fini|88/100|[from] Stealth Rock
|-fieldstart|move: Misty Terrain|[from] ability: Misty Surge|[of] p1a: Tapu Fini
|move|p2a: Tornadus|Focus Blast|p1a: Tapu Fini
|-resisted|p1a: Tapu Fini
|-damage|p1a: Tapu Fini|75/100
|
|-heal|p1a: Tapu Fini|81/100|[from] item: Leftovers
|-damage|p2a: Tornadus|82/100 tox|[from] psn
|upkeep
|turn|12
|
|t:|1641721007
|switch|p2a: Ninetales|Ninetales-Alola, M|81/100
|-damage|p2a: Ninetales|56/100|[from] Stealth Rock
|-weather|Hail|[from] ability: Snow Warning|[of] p2a: Ninetales
|move|p1a: Tapu Fini|Nature's Madness|p2a: Ninetales
|-damage|p2a: Ninetales|28/100
|
|-weather|Hail|[upkeep]
|-damage|p1a: Tapu Fini|75/100|[from] Hail
|-heal|p1a: Tapu Fini|81/100|[from] item: Leftovers
|upkeep
|turn|13
|j| JAMKRE
|
|t:|1641721012
|move|p2a: Ninetales|Aurora Veil|p2a: Ninetales
|-sidestart|p2: LT84JM Faramita|move: Aurora Veil
|move|p1a: Tapu Fini|Moonblast|p2a: Ninetales
|-damage|p2a: Ninetales|10/100
|
|-weather|Hail|[upkeep]
|-damage|p1a: Tapu Fini|75/100|[from] Hail
|-heal|p1a: Tapu Fini|81/100|[from] item: Leftovers
|upkeep
|turn|14
|
|t:|1641721018
|switch|p1a: Melmetal|Melmetal|100/100
|-damage|p1a: Melmetal|94/100|[from] Stealth Rock
|move|p2a: Ninetales|Freeze-Dry|p1a: Melmetal
|-resisted|p1a: Melmetal
|-damage|p1a: Melmetal|82/100
|
|-weather|Hail|[upkeep]
|-damage|p1a: Melmetal|76/100|[from] Hail
|-heal|p1a: Melmetal|82/100|[from] item: Leftovers
|upkeep
|turn|15
|
|t:|1641721022
|switch|p1a: Heatran|Heatran, M|95/100
|-damage|p1a: Heatran|82/100|[from] Stealth Rock
|move|p2a: Ninetales|Moonblast|p1a: Heatran
|-resisted|p1a: Heatran
|-damage|p1a: Heatran|77/100
|
|-weather|Hail|[upkeep]
|-damage|p1a: Heatran|70/100|[from] Hail
|-heal|p1a: Heatran|77/100|[from] item: Leftovers
|-fieldend|Misty Terrain
|upkeep
|turn|16
|
|t:|1641721029
|switch|p2a: Seismitoad|Seismitoad, M|94/100 tox
|-damage|p2a: Seismitoad|88/100 tox|[from] Stealth Rock
|move|p1a: Heatran|Toxic|p2a: Seismitoad
|-fail|p2a: Seismitoad|tox
|
|-weather|none
|-heal|p1a: Heatran|83/100|[from] item: Leftovers
|-heal|p2a: Seismitoad|94/100 tox|[from] item: Leftovers
|-damage|p2a: Seismitoad|88/100 tox|[from] psn
|upkeep
|turn|17
|j| SL21CC interest
|
|t:|1641721040
|switch|p1a: Tapu Fini|Tapu Fini|81/100
|-damage|p1a: Tapu Fini|69/100|[from] Stealth Rock
|-fieldstart|move: Misty Terrain|[from] ability: Misty Surge|[of] p1a: Tapu Fini
|switch|p2a: Tornadus|Tornadus-Therian, M|100/100 tox
|
|-heal|p1a: Tapu Fini|75/100|[from] item: Leftovers
|-damage|p2a: Tornadus|94/100 tox|[from] psn
|-sideend|p2: LT84JM Faramita|move: Aurora Veil
|upkeep
|turn|18
|j| Suta Pulachina
|l| 9skythunderouskick
|
|t:|1641721048
|move|p2a: Tornadus|Hurricane|p1a: Tapu Fini|[miss]
|-miss|p2a: Tornadus|p1a: Tapu Fini
|move|p1a: Tapu Fini|Nature's Madness|p2a: Tornadus
|-damage|p2a: Tornadus|48/100 tox
|
|-heal|p1a: Tapu Fini|81/100|[from] item: Leftovers
|-damage|p2a: Tornadus|36/100 tox|[from] psn
|upkeep
|turn|19
|
|t:|1641721053
|switch|p2a: Ninetales|Ninetales-Alola, M|10/100
|-damage|p2a: Ninetales|0 fnt|[from] Stealth Rock
|faint|p2a: Ninetales
|move|p1a: Tapu Fini|Moonblast|p2: Ninetales|[notarget]
|-fail|p1a: Tapu Fini
|
|-heal|p1a: Tapu Fini|87/100|[from] item: Leftovers
|upkeep
|l| water GH0ST
|
|t:|1641721063
|switch|p2a: Tornadus|Tornadus-Therian, M|69/100 tox
|turn|20
|
|t:|1641721067
|move|p2a: Tornadus|Nasty Plot|p2a: Tornadus
|-boost|p2a: Tornadus|spa|2
|move|p1a: Tapu Fini|Nature's Madness|p2a: Tornadus
|-damage|p2a: Tornadus|35/100 tox
|
|-heal|p1a: Tapu Fini|93/100|[from] item: Leftovers
|-damage|p2a: Tornadus|29/100 tox|[from] psn
|upkeep
|turn|21
|
|t:|1641721070
|move|p2a: Tornadus|Hurricane|p1a: Tapu Fini
|-damage|p1a: Tapu Fini|12/100
|move|p1a: Tapu Fini|Moonblast|p2a: Tornadus
|-damage|p2a: Tornadus|0 fnt
|faint|p2a: Tornadus
|
|-heal|p1a: Tapu Fini|19/100|[from] item: Leftovers
|-fieldend|Misty Terrain
|upkeep
|
|t:|1641721074
|switch|p2a: Seismitoad|Seismitoad, M|88/100 tox
|-damage|p2a: Seismitoad|82/100 tox|[from] Stealth Rock
|turn|22
|
|t:|1641721078
|move|p1a: Tapu Fini|Moonblast|p2a: Seismitoad
|-damage|p2a: Seismitoad|60/100 tox
|move|p2a: Seismitoad|Knock Off|p1a: Tapu Fini
|-resisted|p1a: Tapu Fini
|-damage|p1a: Tapu Fini|12/100
|-enditem|p1a: Tapu Fini|Leftovers|[from] move: Knock Off|[of] p2a: Seismitoad
|
|-heal|p2a: Seismitoad|66/100 tox|[from] item: Leftovers
|-damage|p2a: Seismitoad|60/100 tox|[from] psn
|upkeep
|turn|23
|
|t:|1641721082
|move|p1a: Tapu Fini|Moonblast|p2a: Seismitoad
|-damage|p2a: Seismitoad|37/100 tox
|move|p2a: Seismitoad|Scald|p1a: Tapu Fini
|-resisted|p1a: Tapu Fini
|-damage|p1a: Tapu Fini|2/100
|
|-heal|p2a: Seismitoad|43/100 tox|[from] item: Leftovers
|-damage|p2a: Seismitoad|31/100 tox|[from] psn
|upkeep
|turn|24
|
|t:|1641721086
|move|p1a: Tapu Fini|Moonblast|p2a: Seismitoad
|-damage|p2a: Seismitoad|8/100 tox
|move|p2a: Seismitoad|Scald|p1a: Tapu Fini
|-resisted|p1a: Tapu Fini
|-damage|p1a: Tapu Fini|0 fnt
|faint|p1a: Tapu Fini
|
|-heal|p2a: Seismitoad|14/100 tox|[from] item: Leftovers
|-damage|p2a: Seismitoad|0 fnt|[from] psn
|faint|p2a: Seismitoad
|upkeep
|j| kabudajuren
|
|t:|1641721092
|switch|p1a: Garchomp|Garchomp, M|100/100
|switch|p2a: Magnezone|Magnezone|100/100
|-damage|p1a: Garchomp|94/100|[from] Stealth Rock
|-damage|p2a: Magnezone|94/100|[from] Stealth Rock
|-item|p2a: Magnezone|Air Balloon
|turn|25
|
|t:|1641721095
|move|p1a: Garchomp|Fire Fang|p2a: Magnezone
|-supereffective|p2a: Magnezone
|-damage|p2a: Magnezone|61/100
|-enditem|p2a: Magnezone|Air Balloon
|move|p2a: Magnezone|Iron Defense|p2a: Magnezone
|-boost|p2a: Magnezone|def|2
|
|-heal|p1a: Garchomp|100/100|[from] item: Leftovers
|upkeep
|turn|26
|j| water GH0ST
|l| water GH0ST
|j| water GH0ST
|-message|LT84JM Faramita forfeited.
|
|win|sl21cc pj
|raw|sl21cc pj's rating: 1307 &rarr; <strong>1317</strong><br />(+10 for winning)
|raw|LT84JM Faramita's rating: 1171 &rarr; <strong>1157</strong><br />(-14 for losing)
|l|☆LT84JM Faramita
|l|‽sl21cc pj
|l| Suta Pulachina
|l| SL21CCJqlove
|l| JAMKRE
|l| SL21CC tangkeke
|l| wandebucuo玩得不错
|j| wandebucuo玩得不错
|l| wandebucuo玩得不错
|j| SL21CC tangkeke
|l| SL21CC tangkeke
|l| water GH0ST
|j| SL21CCxiaomiaomiao
|l| SL21CCxiaomiaomiao
|l| SL22CC 蜜雪冰城
|l| SL21CC91影先生
|j| SL21CC tangkeke
|l| SL21CC tangkeke
