|raw|<div class="broadcast-blue"><strong>This battle is required to be public due to a player having a name starting with 'sl21cc'.</div>
|j|☆SL21CC 东方不败
|j|☆SL21CC ginko
|t:|1641814023
|gametype|singles
|player|p1|SL21CC 东方不败|101|1248
|player|p2|SL21CC ginko|evelyn|1338
|teamsize|p1|6
|teamsize|p2|6
|gen|8
|tier|[Gen 8] OU
|rated|
|rule|Sleep Clause Mod: Limit one foe put to sleep
|rule|Species Clause: Limit one of each Pokémon
|rule|OHKO Clause: OHKO moves are banned
|rule|Evasion Moves Clause: Evasion moves are banned
|rule|Endless Battle Clause: Forcing endless battles is banned
|rule|HP Percentage Mod: HP is shown in percentages
|rule|Dynamax Clause: You cannot dynamax
|clearpoke
|poke|p1|Aegislash, F|
|poke|p1|Urshifu-*, M|
|poke|p1|Landorus-Therian, M|
|poke|p1|Tapu Lele|
|poke|p1|Toxapex, F|
|poke|p1|Weavile, F|
|poke|p2|Blissey, F|
|poke|p2|Rotom-Heat|
|poke|p2|Landorus-Therian, M|
|poke|p2|Weavile, M|
|poke|p2|Toxapex, F|
|poke|p2|Corviknight, M|
|teampreview
|j| LT83AQ Yuki
|j| suicidu
|inactive|Battle timer is ON: inactive players will automatically lose when time's up. (requested by SL21CC ginko)
|j| SL21CCJqlove
|
|t:|1641814041
|start
|switch|p1a: Urshifu|Urshifu-Rapid-Strike, M|100/100
|switch|p2a: Landorus|Landorus-Therian, M|100/100
|-ability|p2a: Landorus|Intimidate|boost
|-unboost|p1a: Urshifu|atk|1
|turn|1
|
|t:|1641814044
|switch|p2a: Toxapex|Toxapex, F|100/100
|move|p1a: Urshifu|Surging Strikes|p2a: Toxapex
|-resisted|p2a: Toxapex
|-crit|p2a: Toxapex
|-damage|p2a: Toxapex|94/100
|-resisted|p2a: Toxapex
|-crit|p2a: Toxapex
|-damage|p2a: Toxapex|86/100
|-resisted|p2a: Toxapex
|-crit|p2a: Toxapex
|-damage|p2a: Toxapex|78/100
|-hitcount|p2a: Toxapex|3
|
|upkeep
|turn|2
|l| suicidu
|
|t:|1641814052
|move|p1a: Urshifu|U-turn|p2a: Toxapex
|-resisted|p2a: Toxapex
|-damage|p2a: Toxapex|72/100
|
|t:|1641814053
|switch|p1a: Landorus|Landorus-Therian, M|100/100|[from]move: U-turn
|-ability|p1a: Landorus|Intimidate|boost
|-unboost|p2a: Toxapex|atk|1
|move|p2a: Toxapex|Scald|p1a: Landorus
|-supereffective|p1a: Landorus
|-damage|p1a: Landorus|74/100
|
|-heal|p1a: Landorus|80/100|[from] item: Leftovers
|upkeep
|turn|3
|j| rffydsdhh
|
|t:|1641814059
|switch|p2a: Corviknight|Corviknight, M|100/100
|-ability|p2a: Corviknight|Pressure
|move|p1a: Landorus|Stealth Rock|p2a: Corviknight
|-sidestart|p2: SL21CC ginko|move: Stealth Rock
|
|-heal|p1a: Landorus|86/100|[from] item: Leftovers
|upkeep
|turn|4
|l| rffydsdhh
|
|t:|1641814062
|move|p1a: Landorus|U-turn|p2a: Corviknight
|-resisted|p2a: Corviknight
|-damage|p2a: Corviknight|97/100
|j| Water gh0st
|
|t:|1641814067
|switch|p1a: Aegislash|Aegislash, F|100/100|[from]move: U-turn
|move|p2a: Corviknight|Defog|p1a: Aegislash
|-unboost|p1a: Aegislash|evasion|1
|-sideend|p2: SL21CC ginko|Stealth Rock|[from] move: Defog|[of] p2a: Corviknight
|
|upkeep
|turn|5
|j| adreamew
|
|t:|1641814072
|switch|p2a: Toxapex|Toxapex, F|100/100
|-formechange|p1a: Aegislash|Aegislash-Blade||[from] ability: Stance Change
|move|p1a: Aegislash|Shadow Ball|p2a: Toxapex
|-damage|p2a: Toxapex|53/100
|
|upkeep
|turn|6
|
|t:|1641814082
|switch|p1a: Tapu Lele|Tapu Lele|100/100
|-fieldstart|move: Psychic Terrain|[from] ability: Psychic Surge|[of] p1a: Tapu Lele
|switch|p2a: Blissey|Blissey, F|100/100
|
|upkeep
|turn|7
|
|t:|1641814088
|switch|p2a: Corviknight|Corviknight, M|97/100
|-ability|p2a: Corviknight|Pressure
|move|p1a: Tapu Lele|Future Sight|p2a: Corviknight
|-start|p1a: Tapu Lele|move: Future Sight
|
|upkeep
|turn|8
|
|t:|1641814093
|switch|p1a: Aegislash|Aegislash, F|100/100
|move|p2a: Corviknight|Defog|p1a: Aegislash
|-unboost|p1a: Aegislash|evasion|1
|-fieldend|move: Psychic Terrain
|
|upkeep
|turn|9
|n| SL21CC姐ISthequeen|lt83aqyuki
|
|t:|1641814099
|-formechange|p1a: Aegislash|Aegislash-Blade||[from] ability: Stance Change
|move|p1a: Aegislash|Close Combat|p2a: Corviknight
|-damage|p2a: Corviknight|77/100
|-unboost|p1a: Aegislash|def|1
|-unboost|p1a: Aegislash|spd|1
|move|p2a: Corviknight|Roost|p2a: Corviknight
|-heal|p2a: Corviknight|100/100
|-singleturn|p2a: Corviknight|move: Roost
|
|-end|p2a: Corviknight|move: Future Sight
|-resisted|p2a: Corviknight
|-damage|p2a: Corviknight|69/100
|upkeep
|turn|10
|l| SL21CC姐ISthequeen
|
|t:|1641814106
|switch|p1a: Landorus|Landorus-Therian, M|86/100
|-ability|p1a: Landorus|Intimidate|boost
|-unboost|p2a: Corviknight|atk|1
|move|p2a: Corviknight|Roost|p2a: Corviknight
|-heal|p2a: Corviknight|100/100
|-singleturn|p2a: Corviknight|move: Roost
|
|-heal|p1a: Landorus|92/100|[from] item: Leftovers
|upkeep
|turn|11
|
|t:|1641814108
|move|p1a: Landorus|Stealth Rock|p2a: Corviknight
|-sidestart|p2: SL21CC ginko|move: Stealth Rock
|move|p2a: Corviknight|Iron Defense|p2a: Corviknight
|-boost|p2a: Corviknight|def|2
|
|-heal|p1a: Landorus|98/100|[from] item: Leftovers
|upkeep
|turn|12
|
|t:|1641814112
|move|p1a: Landorus|U-turn|p2a: Corviknight
|-resisted|p2a: Corviknight
|-damage|p2a: Corviknight|99/100
|
|t:|1641814120
|switch|p1a: Aegislash|Aegislash, F|100/100|[from]move: U-turn
|move|p2a: Corviknight|Defog|p1a: Aegislash
|-unboost|p1a: Aegislash|evasion|1
|-sideend|p2: SL21CC ginko|Stealth Rock|[from] move: Defog|[of] p2a: Corviknight
|
|upkeep
|turn|13
|
|t:|1641814123
|switch|p2a: Toxapex|Toxapex, F|86/100
|-formechange|p1a: Aegislash|Aegislash-Blade||[from] ability: Stance Change
|move|p1a: Aegislash|Close Combat|p2a: Toxapex
|-resisted|p2a: Toxapex
|-damage|p2a: Toxapex|75/100
|-unboost|p1a: Aegislash|def|1
|-unboost|p1a: Aegislash|spd|1
|-damage|p1a: Aegislash|84/100|[from] item: Rocky Helmet|[of] p2a: Toxapex
|
|upkeep
|turn|14
|
|t:|1641814133
|switch|p1a: Tapu Lele|Tapu Lele|100/100
|-fieldstart|move: Psychic Terrain|[from] ability: Psychic Surge|[of] p1a: Tapu Lele
|move|p2a: Toxapex|Scald|p1a: Tapu Lele
|-damage|p1a: Tapu Lele|83/100
|
|upkeep
|turn|15
|
|t:|1641814136
|switch|p2a: Blissey|Blissey, F|100/100
|move|p1a: Tapu Lele|Future Sight|p2a: Blissey
|-start|p1a: Tapu Lele|move: Future Sight
|
|upkeep
|turn|16
|
|t:|1641814144
|switch|p1a: Urshifu|Urshifu-Rapid-Strike, M|100/100
|move|p2a: Blissey|Teleport|p2a: Blissey
|
|t:|1641814152
|switch|p2a: Corviknight|Corviknight, M|99/100|[from]move: Teleport
|-ability|p2a: Corviknight|Pressure
|
|upkeep
|turn|17
|
|t:|1641814166
|move|p1a: Urshifu|Taunt|p2a: Corviknight
|-start|p2a: Corviknight|move: Taunt
|cant|p2a: Corviknight|move: Taunt|Roost
|
|-end|p2a: Corviknight|move: Future Sight
|-resisted|p2a: Corviknight
|-damage|p2a: Corviknight|56/100
|upkeep
|turn|18
|
|t:|1641814169
|switch|p2a: Toxapex|Toxapex, F|100/100
|move|p1a: Urshifu|U-turn|p2a: Toxapex
|-resisted|p2a: Toxapex
|-damage|p2a: Toxapex|92/100
|
|t:|1641814172
|switch|p1a: Tapu Lele|Tapu Lele|83/100|[from]move: U-turn
|
|-fieldend|move: Psychic Terrain
|upkeep
|turn|19
|
|t:|1641814176
|move|p1a: Tapu Lele|Future Sight|p2a: Toxapex
|-start|p1a: Tapu Lele|move: Future Sight
|move|p2a: Toxapex|Poison Jab|p1a: Tapu Lele
|-supereffective|p1a: Tapu Lele
|-damage|p1a: Tapu Lele|28/100
|
|upkeep
|turn|20
|
|t:|1641814188
|switch|p1a: Aegislash|Aegislash, F|84/100
|move|p2a: Toxapex|Poison Jab|p1a: Aegislash
|-immune|p1a: Aegislash
|
|upkeep
|turn|21
|
|t:|1641814194
|-formechange|p1a: Aegislash|Aegislash-Blade||[from] ability: Stance Change
|move|p1a: Aegislash|Shadow Ball|p2a: Toxapex
|-damage|p2a: Toxapex|42/100
|move|p2a: Toxapex|Recover|p2a: Toxapex
|-heal|p2a: Toxapex|92/100
|
|-end|p2a: Toxapex|move: Future Sight
|-supereffective|p2a: Toxapex
|-damage|p2a: Toxapex|0 fnt
|faint|p2a: Toxapex
|upkeep
|
|t:|1641814200
|switch|p2a: Weavile|Weavile, M|100/100
|-ability|p2a: Weavile|Pressure
|turn|22
|
|t:|1641814205
|switch|p1a: Urshifu|Urshifu-Rapid-Strike, M|100/100
|move|p2a: Weavile|Knock Off|p1a: Urshifu
|-resisted|p1a: Urshifu
|-damage|p1a: Urshifu|76/100
|-enditem|p1a: Urshifu|Protective Pads|[from] move: Knock Off|[of] p2a: Weavile
|
|upkeep
|turn|23
|
|t:|1641814210
|switch|p2a: Corviknight|Corviknight, M|56/100
|-ability|p2a: Corviknight|Pressure
|move|p1a: Urshifu|Surging Strikes|p2a: Corviknight
|-crit|p2a: Corviknight
|-damage|p2a: Corviknight|44/100
|-crit|p2a: Corviknight
|-damage|p2a: Corviknight|33/100
|-crit|p2a: Corviknight
|-damage|p2a: Corviknight|20/100
|-hitcount|p2a: Corviknight|3
|
|upkeep
|turn|24
|
|t:|1641814212
|move|p1a: Urshifu|Surging Strikes|p2a: Corviknight
|-crit|p2a: Corviknight
|-damage|p2a: Corviknight|7/100
|-crit|p2a: Corviknight
|-damage|p2a: Corviknight|0 fnt
|faint|p2a: Corviknight
|-hitcount|p2: Corviknight|2
|
|upkeep
|-message|SL21CC ginko forfeited.
|
|win|SL21CC 东方不败
|raw|SL21CC 东方不败's rating: 1248 &rarr; <strong>1268</strong><br />(+20 for winning)
|raw|SL21CC ginko's rating: 1338 &rarr; <strong>1318</strong><br />(-20 for losing)
|l|☆SL21CC ginko
|l|☆SL21CC 东方不败
|l| SL21CCJqlove
