|raw|<div class="broadcast-blue"><strong>This battle is required to be public due to a player having a name starting with 'sl21cc'.</div>
|j|☆SL21CC Mcdonald's
|j|☆water GH0ST
|t:|1641732702
|gametype|singles
|player|p1|SL21CC Mcdonald's|aromalady|1298
|player|p2|water GH0ST|picnicker|1260
|teamsize|p1|6
|teamsize|p2|6
|gen|8
|tier|[Gen 8] OU
|rated|
|rule|Sleep Clause Mod: Limit one foe put to sleep
|rule|Species Clause: Limit one of each Pokémon
|rule|OHKO Clause: OHKO moves are banned
|rule|Evasion Moves Clause: Evasion moves are banned
|rule|Endless Battle Clause: Forcing endless battles is banned
|rule|HP Percentage Mod: HP is shown in percentages
|rule|Dynamax Clause: You cannot dynamax
|clearpoke
|poke|p1|Slowbro-Galar, F|
|poke|p1|Seismitoad, F|
|poke|p1|Mew|
|poke|p1|Melmetal|
|poke|p1|Clefable, M|
|poke|p1|Zapdos|
|poke|p2|Ninetales-Alola, M|
|poke|p2|Dragapult, M|
|poke|p2|Heatran, M|
|poke|p2|Garchomp, F|
|poke|p2|Cloyster, F|
|poke|p2|Scizor, M|
|teampreview
|inactive|Battle timer is ON: inactive players will automatically lose when time's up. (requested by water GH0ST)
|inactive|SL21CC Mcdonald's also wants the timer to be on.
|j| SL21CC Pichiu
|j| SL21CC tangkeke
|
|t:|1641732717
|start
|switch|p1a: Slowbro|Slowbro-Galar, F|100/100
|switch|p2a: Ninetales|Ninetales-Alola, M|100/100
|-weather|Hail|[from] ability: Snow Warning|[of] p2a: Ninetales
|turn|1
|j| Suta Pulachina
|-activate|p1a: Slowbro|item: Quick Claw
|
|t:|1641732731
|move|p1a: Slowbro|Psychic|p2a: Ninetales
|-damage|p2a: Ninetales|60/100
|move|p2a: Ninetales|Hypnosis|p1a: Slowbro
|-status|p1a: Slowbro|slp|[from] move: Hypnosis
|
|-weather|Hail|[upkeep]
|-damage|p1a: Slowbro|94/100 slp|[from] Hail
|upkeep
|turn|2
|
|t:|1641732735
|switch|p1a: Mew|Mew|100/100
|move|p2a: Ninetales|Aurora Veil|p2a: Ninetales
|-sidestart|p2: water GH0ST|move: Aurora Veil
|
|-weather|Hail|[upkeep]
|-damage|p1a: Mew|94/100|[from] Hail
|upkeep
|turn|3
|j| adreamew
|
|t:|1641732744
|move|p2a: Ninetales|Freeze-Dry|p1a: Mew
|-damage|p1a: Mew|75/100
|move|p1a: Mew|Psychic Fangs|p2a: Ninetales
|-sideend|p2: water GH0ST|move: Aurora Veil
|-crit|p2a: Ninetales
|-damage|p2a: Ninetales|0 fnt
|faint|p2a: Ninetales
|
|-weather|Hail|[upkeep]
|-damage|p1a: Mew|69/100|[from] Hail
|upkeep
|j| sl21cc ryekie
|
|t:|1641732750
|switch|p2a: Cloyster|Cloyster, F|100/100
|turn|4
|
|t:|1641732756
|move|p1a: Mew|Close Combat|p2a: Cloyster
|-supereffective|p2a: Cloyster
|-damage|p2a: Cloyster|42/100
|-unboost|p1a: Mew|def|1
|-unboost|p1a: Mew|spd|1
|move|p2a: Cloyster|Shell Smash|p2a: Cloyster
|-unboost|p2a: Cloyster|def|1
|-unboost|p2a: Cloyster|spd|1
|-boost|p2a: Cloyster|atk|2
|-boost|p2a: Cloyster|spa|2
|-boost|p2a: Cloyster|spe|2
|
|-weather|Hail|[upkeep]
|-damage|p1a: Mew|62/100|[from] Hail
|upkeep
|turn|5
|j| SL21CC91影先生
|c| SL21CC91影先生|这人一看就是想排我
|
|t:|1641732778
|switch|p1a: Slowbro|Slowbro-Galar, F|94/100 slp
|move|p2a: Cloyster|Icicle Spear|p1a: Slowbro
|-damage|p1a: Slowbro|75/100 slp
|-damage|p1a: Slowbro|53/100 slp
|-damage|p1a: Slowbro|31/100 slp
|-damage|p1a: Slowbro|9/100 slp
|-damage|p1a: Slowbro|0 fnt
|faint|p1a: Slowbro
|-hitcount|p1: Slowbro|5
|
|-weather|none
|upkeep
|
|t:|1641732786
|switch|p1a: Melmetal|Melmetal|100/100
|turn|6
|
|t:|1641732788
|move|p2a: Cloyster|Hydro Pump|p1a: Melmetal
|-damage|p1a: Melmetal|40/100
|move|p1a: Melmetal|Double Iron Bash|p2a: Cloyster
|-damage|p2a: Cloyster|0 fnt
|faint|p2a: Cloyster
|-hitcount|p2: Cloyster|1
|
|upkeep
|
|t:|1641732797
|switch|p2a: Garchomp|Garchomp, F|100/100
|turn|7
|-activate|p1a: Melmetal|item: Quick Claw
|
|t:|1641732802
|move|p1a: Melmetal|Double Iron Bash|p2a: Garchomp
|-damage|p2a: Garchomp|57/100
|-damage|p1a: Melmetal|27/100|[from] ability: Rough Skin|[of] p2a: Garchomp
|-damage|p2a: Garchomp|11/100
|-damage|p1a: Melmetal|15/100|[from] ability: Rough Skin|[of] p2a: Garchomp
|-hitcount|p2a: Garchomp|2
|cant|p2a: Garchomp|flinch
|
|-heal|p2a: Garchomp|17/100|[from] item: Leftovers
|upkeep
|turn|8
|-activate|p1a: Melmetal|item: Quick Claw
|
|t:|1641732812
|move|p1a: Melmetal|Double Iron Bash|p2a: Garchomp
|-damage|p2a: Garchomp|0 fnt
|-damage|p1a: Melmetal|3/100|[from] ability: Rough Skin|[of] p2a: Garchomp
|faint|p2a: Garchomp
|-hitcount|p2: Garchomp|1
|
|upkeep
|j| tianyutulongwu
|
|t:|1641732818
|switch|p2a: Heatran|Heatran, M|100/100
|-item|p2a: Heatran|Air Balloon
|turn|9
|
|t:|1641732821
|move|p2a: Heatran|Earth Power|p1a: Melmetal
|-supereffective|p1a: Melmetal
|-damage|p1a: Melmetal|0 fnt
|faint|p1a: Melmetal
|
|upkeep
|
|t:|1641732823
|switch|p1a: Seismitoad|Seismitoad, F|100/100
|turn|10
|
|t:|1641732825
|move|p2a: Heatran|Stealth Rock|p1a: Seismitoad
|-sidestart|p1: SL21CC Mcdonald's|move: Stealth Rock
|move|p1a: Seismitoad|Scald|p2a: Heatran
|-supereffective|p2a: Heatran
|-damage|p2a: Heatran|56/100
|-enditem|p2a: Heatran|Air Balloon
|
|upkeep
|turn|11
|
|t:|1641732829
|move|p2a: Heatran|Taunt|p1a: Seismitoad
|-start|p1a: Seismitoad|move: Taunt
|move|p1a: Seismitoad|Scald|p2a: Heatran
|-supereffective|p2a: Heatran
|-damage|p2a: Heatran|13/100
|
|upkeep
|turn|12
|
|t:|1641732831
|move|p2a: Heatran|Magma Storm|p1a: Seismitoad|[miss]
|-miss|p2a: Heatran|p1a: Seismitoad
|move|p1a: Seismitoad|Scald|p2a: Heatran
|-supereffective|p2a: Heatran
|-damage|p2a: Heatran|0 fnt
|faint|p2a: Heatran
|
|upkeep
|
|t:|1641732832
|switch|p2a: Dragapult|Dragapult, M|100/100
|turn|13
|
|t:|1641732834
|move|p2a: Dragapult|Dragon Dance|p2a: Dragapult
|-boost|p2a: Dragapult|atk|1
|-boost|p2a: Dragapult|spe|1
|move|p1a: Seismitoad|Earthquake|p2a: Dragapult
|-damage|p2a: Dragapult|59/100
|
|-end|p1a: Seismitoad|move: Taunt
|upkeep
|turn|14
|
|t:|1641732839
|switch|p1a: Clefable|Clefable, M|100/100
|move|p2a: Dragapult|Dragon Darts|p1a: Clefable
|-immune|p1a: Clefable
|
|upkeep
|turn|15
|
|t:|1641732845
|switch|p1a: Seismitoad|Seismitoad, F|100/100
|-damage|p1a: Seismitoad|94/100|[from] Stealth Rock
|move|p2a: Dragapult|Phantom Force||[still]
|-prepare|p2a: Dragapult|Phantom Force
|
|-heal|p1a: Seismitoad|100/100|[from] item: Leftovers
|upkeep
|turn|16
|
|t:|1641732848
|move|p2a: Dragapult|Phantom Force|p1a: Seismitoad|[from]lockedmove
|-damage|p1a: Seismitoad|33/100
|move|p1a: Seismitoad|Toxic|p2a: Dragapult
|-status|p2a: Dragapult|tox
|
|-heal|p1a: Seismitoad|39/100|[from] item: Leftovers
|-damage|p2a: Dragapult|53/100 tox|[from] psn
|upkeep
|turn|17
|
|t:|1641732851
|switch|p1a: Clefable|Clefable, M|100/100
|move|p2a: Dragapult|Phantom Force||[still]
|-prepare|p2a: Dragapult|Phantom Force
|
|-damage|p2a: Dragapult|41/100 tox|[from] psn
|upkeep
|turn|18
|
|t:|1641732856
|switch|p1a: Seismitoad|Seismitoad, F|39/100
|-damage|p1a: Seismitoad|33/100|[from] Stealth Rock
|move|p2a: Dragapult|Phantom Force|p1a: Seismitoad|[from]lockedmove
|-damage|p1a: Seismitoad|0 fnt
|faint|p1a: Seismitoad
|
|-damage|p2a: Dragapult|22/100 tox|[from] psn
|upkeep
|
|t:|1641732858
|switch|p1a: Clefable|Clefable, M|100/100
|turn|19
|
|t:|1641732861
|move|p2a: Dragapult|Phantom Force||[still]
|-prepare|p2a: Dragapult|Phantom Force
|move|p1a: Clefable|Ice Beam|p2a: Dragapult|[miss]
|-miss|p1a: Clefable|p2a: Dragapult
|
|-damage|p2a: Dragapult|0 fnt|[from] psn
|faint|p2a: Dragapult
|upkeep
|
|t:|1641732863
|switch|p2a: Scizor|Scizor, M|100/100
|turn|20
|
|t:|1641732864
|move|p1a: Clefable|Fire Blast|p2a: Scizor
|-supereffective|p2a: Scizor
|-damage|p2a: Scizor|0 fnt
|faint|p2a: Scizor
|
|win|SL21CC Mcdonald's
|raw|SL21CC Mcdonald&apos;s's rating: 1298 &rarr; <strong>1312</strong><br />(+14 for winning)
|raw|water GH0ST's rating: 1260 &rarr; <strong>1246</strong><br />(-14 for losing)
|l|☆water GH0ST
|l|☆SL21CC Mcdonald's
|j|☆water GH0ST
|player|p2|water GH0ST|picnicker
|j| Rame10
|l| Suta Pulachina
|l| SL21CC tangkeke
|l| SL21CC Pichiu
|l|☆water GH0ST
|player|p2|
|l| Rame10
|j| Suta Pulachina
|l| Suta Pulachina
|l| sl21cc ryekie
