|raw|<div class="broadcast-blue"><strong>This battle is required to be public due to a player having a name starting with 'sl21cc'.</div>
|j|☆SL21CC KFC嫩牛五方
|j|☆SL21CC Leviathan
|t:|1641823196
|gametype|singles
|player|p1|SL21CC KFC嫩牛五方|baker|1324
|player|p2|SL21CC Leviathan|guitarist|1216
|teamsize|p1|6
|teamsize|p2|6
|gen|8
|tier|[Gen 8] OU
|rated|
|rule|Sleep Clause Mod: Limit one foe put to sleep
|rule|Species Clause: Limit one of each Pokémon
|rule|OHKO Clause: OHKO moves are banned
|rule|Evasion Moves Clause: Evasion moves are banned
|rule|Endless Battle Clause: Forcing endless battles is banned
|rule|HP Percentage Mod: HP is shown in percentages
|rule|Dynamax Clause: You cannot dynamax
|clearpoke
|poke|p1|Melmetal|
|poke|p1|Cresselia, F|
|poke|p1|Crawdaunt, M|
|poke|p1|Hatterene, F|
|poke|p1|Porygon2|
|poke|p1|Marowak-Alola, M|
|poke|p2|Slowbro, M|
|poke|p2|Kartana|
|poke|p2|Swampert, M|
|poke|p2|Mandibuzz, F|
|poke|p2|Tapu Koko|
|poke|p2|Slowking-Galar, M|
|teampreview
|j| SL21CCC徐坤
|j| solitary dream
|j| sl21cc ryekie
|j| burstbean
|j| adreamew
|j| Mist Dispersion
|inactive|Battle timer is ON: inactive players will automatically lose when time's up. (requested by SL21CC Leviathan)
|j| SL21CC姐ISthequeen
|l| SL21CC姐ISthequeen
|j|@chickwayne
|j|+dragonitenb
|j| sl21cckhl
|
|t:|1641823242
|start
|switch|p1a: Hatterene|Hatterene, F|100/100
|switch|p2a: Swampert|Swampert, M|100/100
|turn|1
|
|t:|1641823246
|move|p2a: Swampert|Flip Turn|p1a: Hatterene
|-damage|p1a: Hatterene|83/100
|
|t:|1641823248
|switch|p2a: Slowking|Slowking-Galar, M|100/100|[from]move: Flip Turn
|move|p1a: Hatterene|Trick Room|p1a: Hatterene
|-fieldstart|move: Trick Room|[of] p1a: Hatterene
|
|upkeep
|turn|2
|
|t:|1641823251
|move|p1a: Hatterene|Healing Wish|p1a: Hatterene
|faint|p1a: Hatterene
|move|p2a: Slowking|Future Sight|p1: Hatterene
|-start|p2a: Slowking|move: Future Sight
|
|upkeep
|
|t:|1641823254
|switch|p1a: Knocked|Crawdaunt, M, shiny|100/100
|turn|3
|
|t:|1641823263
|switch|p2a: Mandibuzz|Mandibuzz, F|100/100
|move|p1a: Knocked|Knock Off|p2a: Mandibuzz
|-resisted|p2a: Mandibuzz
|-damage|p2a: Mandibuzz|71/100
|-enditem|p2a: Mandibuzz|Heavy-Duty Boots|[from] move: Knock Off|[of] p1a: Knocked
|-damage|p1a: Knocked|90/100|[from] item: Life Orb
|
|upkeep
|turn|4
|
|t:|1641823271
|move|p1a: Knocked|Swords Dance|p1a: Knocked
|-boost|p1a: Knocked|atk|2
|move|p2a: Mandibuzz|U-turn|p1a: Knocked
|-supereffective|p1a: Knocked
|-damage|p1a: Knocked|63/100
|
|t:|1641823281
|switch|p2a: Tapu Koko|Tapu Koko|100/100|[from]move: U-turn
|-fieldstart|move: Electric Terrain|[from] ability: Electric Surge|[of] p2a: Tapu Koko
|
|-end|p1a: Knocked|move: Future Sight
|-immune|p1a: Knocked
|upkeep
|turn|5
|
|t:|1641823288
|switch|p2a: Mandibuzz|Mandibuzz, F|71/100
|move|p1a: Knocked|Knock Off|p2a: Mandibuzz
|-resisted|p2a: Mandibuzz
|-damage|p2a: Mandibuzz|33/100
|-damage|p1a: Knocked|53/100|[from] item: Life Orb
|
|-fieldend|move: Trick Room
|upkeep
|turn|6
|j| jiokopg_fkok43
|
|t:|1641823293
|move|p1a: Knocked|Aqua Jet|p2a: Mandibuzz
|-damage|p2a: Mandibuzz|0 fnt
|faint|p2a: Mandibuzz
|-damage|p1a: Knocked|43/100|[from] item: Life Orb
|
|upkeep
|
|t:|1641823295
|switch|p2a: Kartana|Kartana|100/100
|turn|7
|j| SL21CC tangkeke
|
|t:|1641823305
|switch|p1a: Cresselia|Cresselia, F|100/100
|move|p2a: Kartana|Knock Off|p1a: Cresselia
|-supereffective|p1a: Cresselia
|-damage|p1a: Cresselia|37/100
|-enditem|p1a: Cresselia|Mental Herb|[from] move: Knock Off|[of] p2a: Kartana
|
|upkeep
|turn|8
|
|t:|1641823316
|switch|p1a: Melmetal|Melmetal|100/100
|move|p2a: Kartana|Knock Off|p1a: Melmetal
|-damage|p1a: Melmetal|68/100
|-enditem|p1a: Melmetal|Choice Band|[from] move: Knock Off|[of] p2a: Kartana
|
|-fieldend|move: Electric Terrain
|upkeep
|turn|9
|
|t:|1641823322
|switch|p1a: Cresselia|Cresselia, F|37/100
|-heal|p1a: Cresselia|100/100|[from] move: Healing Wish
|move|p2a: Kartana|Knock Off|p1a: Cresselia
|-supereffective|p1a: Cresselia
|-damage|p1a: Cresselia|60/100
|
|upkeep
|turn|10
|
|t:|1641823334
|switch|p2a: Swampert|Swampert, M|100/100
|move|p1a: Cresselia|Trick Room|p1a: Cresselia
|-fieldstart|move: Trick Room|[of] p1a: Cresselia
|
|upkeep
|turn|11
|
|t:|1641823340
|move|p2a: Swampert|Stealth Rock|p1a: Cresselia
|-sidestart|p1: SL21CC KFC嫩牛五方|move: Stealth Rock
|move|p1a: Cresselia|Moonlight|p1a: Cresselia
|-heal|p1a: Cresselia|100/100
|
|upkeep
|turn|12
|
|t:|1641823345
|switch|p1a: Melmetal|Melmetal|68/100
|-damage|p1a: Melmetal|62/100|[from] Stealth Rock
|move|p2a: Swampert|Flip Turn|p1a: Melmetal
|-damage|p1a: Melmetal|50/100
|
|t:|1641823347
|switch|p2a: Slowbro|Slowbro, M|100/100|[from]move: Flip Turn
|
|upkeep
|turn|13
|
|t:|1641823350
|move|p2a: Slowbro|Scald|p1a: Melmetal
|-damage|p1a: Melmetal|23/100
|move|p1a: Melmetal|Thunder Punch|p2a: Slowbro
|-supereffective|p2a: Slowbro
|-damage|p2a: Slowbro|53/100
|-damage|p1a: Melmetal|6/100|[from] item: Rocky Helmet|[of] p2a: Slowbro
|
|upkeep
|turn|14
|
|t:|1641823357
|move|p2a: Slowbro|Slack Off|p2a: Slowbro
|-heal|p2a: Slowbro|100/100
|move|p1a: Melmetal|Double Iron Bash|p2a: Slowbro
|-resisted|p2a: Slowbro
|-damage|p2a: Slowbro|88/100
|-damage|p1a: Melmetal|0 fnt|[from] item: Rocky Helmet|[of] p2a: Slowbro
|faint|p1a: Melmetal
|-hitcount|p2a: Slowbro|1
|
|-fieldend|move: Trick Room
|upkeep
|
|t:|1641823359
|switch|p1a: Porygon2|Porygon2|100/100
|-damage|p1a: Porygon2|88/100|[from] Stealth Rock
|-ability|p1a: Porygon2|Download|boost
|-boost|p1a: Porygon2|spa|1
|turn|15
|l| Mist Dispersion
|
|t:|1641823368
|move|p2a: Slowbro|Future Sight|p1a: Porygon2
|-start|p2a: Slowbro|move: Future Sight
|move|p1a: Porygon2|Trick Room|p1a: Porygon2
|-fieldstart|move: Trick Room|[of] p1a: Porygon2
|
|upkeep
|turn|16
|
|t:|1641823373
|move|p1a: Porygon2|Thunderbolt|p2a: Slowbro
|-supereffective|p2a: Slowbro
|-damage|p2a: Slowbro|0 fnt
|faint|p2a: Slowbro
|
|upkeep
|
|t:|1641823379
|switch|p2a: Slowking|Slowking-Galar, M|100/100
|turn|17
|
|t:|1641823384
|move|p2a: Slowking|Sludge Bomb|p1a: Porygon2
|-damage|p1a: Porygon2|65/100
|-status|p1a: Porygon2|psn
|move|p1a: Porygon2|Teleport|p1a: Porygon2
|
|t:|1641823386
|switch|p1a: Knocked|Crawdaunt, M, shiny|43/100|[from]move: Teleport
|-damage|p1a: Knocked|31/100|[from] Stealth Rock
|
|-end|p1a: Knocked|move: Future Sight
|-immune|p1a: Knocked
|upkeep
|turn|18
|
|t:|1641823411
|switch|p2a: Tapu Koko|Tapu Koko|100/100
|-fieldstart|move: Electric Terrain|[from] ability: Electric Surge|[of] p2a: Tapu Koko
|switch|p1a: Cresselia|Cresselia, F|100/100
|-damage|p1a: Cresselia|88/100|[from] Stealth Rock
|
|upkeep
|turn|19
|l| burstbean
|
|t:|1641823415
|move|p1a: Cresselia|Ice Beam|p2a: Tapu Koko
|-damage|p2a: Tapu Koko|77/100
|move|p2a: Tapu Koko|Volt Switch|p1a: Cresselia
|-damage|p1a: Cresselia|66/100
|
|t:|1641823421
|switch|p2a: Kartana|Kartana|100/100|[from]move: Volt Switch
|
|-fieldend|move: Trick Room
|upkeep
|turn|20
|
|t:|1641823425
|move|p2a: Kartana|Leaf Blade|p1a: Cresselia
|-damage|p1a: Cresselia|20/100
|move|p1a: Cresselia|Moonlight|p1a: Cresselia
|-heal|p1a: Cresselia|70/100
|
|upkeep
|turn|21
|
|t:|1641823438
|switch|p2a: Slowking|Slowking-Galar, M|100/100
|move|p1a: Cresselia|Trick Room|p1a: Cresselia
|-fieldstart|move: Trick Room|[of] p1a: Cresselia
|
|upkeep
|turn|22
|
|t:|1641823443
|move|p2a: Slowking|Future Sight|p1a: Cresselia
|-start|p2a: Slowking|move: Future Sight
|move|p1a: Cresselia|Moonlight|p1a: Cresselia
|-heal|p1a: Cresselia|100/100
|
|-fieldend|move: Electric Terrain
|upkeep
|turn|23
|
|t:|1641823446
|switch|p1a: Marowak|Marowak-Alola, M|100/100
|-damage|p1a: Marowak|76/100|[from] Stealth Rock
|move|p2a: Slowking|Sludge Bomb|p1a: Marowak
|-resisted|p1a: Marowak
|-damage|p1a: Marowak|53/100
|
|upkeep
|turn|24
|
|t:|1641823455
|switch|p2a: Tapu Koko|Tapu Koko|77/100
|-fieldstart|move: Electric Terrain|[from] ability: Electric Surge|[of] p2a: Tapu Koko
|move|p1a: Marowak|Poltergeist|p2a: Tapu Koko
|-activate|p2a: Tapu Koko|move: Poltergeist|Heavy-Duty Boots
|-damage|p2a: Tapu Koko|0 fnt
|faint|p2a: Tapu Koko
|
|-end|p1a: Marowak|move: Future Sight
|-damage|p1a: Marowak|0 fnt
|faint|p1a: Marowak
|upkeep
|
|t:|1641823475
|switch|p1a: Knocked|Crawdaunt, M, shiny|31/100
|switch|p2a: Slowking|Slowking-Galar, M|100/100
|-damage|p1a: Knocked|18/100|[from] Stealth Rock
|turn|25
|
|t:|1641823477
|move|p2a: Slowking|Sludge Bomb|p1a: Knocked
|-damage|p1a: Knocked|0 fnt
|faint|p1a: Knocked
|
|-fieldend|move: Trick Room
|upkeep
|l| solitary dream
|j| solitary dream
|
|t:|1641823481
|switch|p1a: Porygon2|Porygon2|65/100 psn
|-damage|p1a: Porygon2|53/100 psn|[from] Stealth Rock
|-ability|p1a: Porygon2|Download|boost
|-boost|p1a: Porygon2|atk|1
|turn|26
|
|t:|1641823484
|move|p1a: Porygon2|Thunderbolt|p2a: Slowking
|-damage|p2a: Slowking|84/100
|move|p2a: Slowking|Sludge Bomb|p1a: Porygon2
|-damage|p1a: Porygon2|25/100 psn
|
|-damage|p1a: Porygon2|13/100 psn|[from] psn
|upkeep
|turn|27
|-message|SL21CC KFC嫩牛五方 forfeited.
|
|win|SL21CC Leviathan
|raw|SL21CC KFC嫩牛五方's rating: 1324 &rarr; <strong>1303</strong><br />(-21 for losing)
|raw|SL21CC Leviathan's rating: 1216 &rarr; <strong>1237</strong><br />(+21 for winning)
|l|☆SL21CC KFC嫩牛五方
|j| SL21CC姐ISthequeen
|l|☆SL21CC Leviathan
|l| SL21CC姐ISthequeen
|l| jiokopg_fkok43
|j| jiokopg_fkok43
|l| jiokopg_fkok43
|l| SL21CCC徐坤
|n| SL21CC 91影先生|chickwayne
