|raw|<div class="broadcast-blue"><strong>This battle is required to be public due to a player having a name starting with 'sl21cc'.</div>
|j|☆SL21CC Pichiu
|j|☆jingtianlangtaosha
|t:|1641739478
|gametype|singles
|player|p1|SL21CC Pichiu|elesa|1255
|player|p2|jingtianlangtaosha|crasherwake|1345
|teamsize|p1|6
|teamsize|p2|6
|gen|8
|tier|[Gen 8] OU
|rated|
|rule|Sleep Clause Mod: Limit one foe put to sleep
|rule|Species Clause: Limit one of each Pokémon
|rule|OHKO Clause: OHKO moves are banned
|rule|Evasion Moves Clause: Evasion moves are banned
|rule|Endless Battle Clause: Forcing endless battles is banned
|rule|HP Percentage Mod: HP is shown in percentages
|rule|Dynamax Clause: You cannot dynamax
|clearpoke
|poke|p1|Pelipper, F|
|poke|p1|Barraskewda, M|
|poke|p1|Volcanion|
|poke|p1|Melmetal|
|poke|p1|Dragonite, M|
|poke|p1|Seismitoad, M|
|poke|p2|Weavile, M|
|poke|p2|Volcanion|
|poke|p2|Zapdos|
|poke|p2|Landorus-Therian, M|
|poke|p2|Ferrothorn, M|
|poke|p2|Tapu Lele|
|teampreview
|inactive|Battle timer is ON: inactive players will automatically lose when time's up. (requested by jingtianlangtaosha)
|
|t:|1641739501
|start
|switch|p1a: Pelipper|Pelipper, F|100/100
|switch|p2a: Landorus|Landorus-Therian, M|100/100
|-ability|p2a: Landorus|Intimidate|boost
|-unboost|p1a: Pelipper|atk|1
|-weather|RainDance|[from] ability: Drizzle|[of] p1a: Pelipper
|turn|1
|
|t:|1641739504
|move|p2a: Landorus|Stealth Rock|p1a: Pelipper
|-sidestart|p1: SL21CC Pichiu|move: Stealth Rock
|move|p1a: Pelipper|U-turn|p2a: Landorus
|-resisted|p2a: Landorus
|-damage|p2a: Landorus|98/100
|
|t:|1641739506
|switch|p1a: Barraskewda|Barraskewda, M|100/100|[from]move: U-turn
|-damage|p1a: Barraskewda|88/100|[from] Stealth Rock
|
|-weather|RainDance|[upkeep]
|-heal|p2a: Landorus|100/100|[from] item: Leftovers
|upkeep
|turn|2
|
|t:|1641739510
|move|p1a: Barraskewda|Close Combat|p2a: Landorus
|-resisted|p2a: Landorus
|-damage|p2a: Landorus|67/100
|-unboost|p1a: Barraskewda|def|1
|-unboost|p1a: Barraskewda|spd|1
|move|p2a: Landorus|U-turn|p1a: Barraskewda
|-damage|p1a: Barraskewda|27/100
|
|t:|1641739517
|switch|p2a: Tapu Lele|Tapu Lele|100/100|[from]move: U-turn
|-fieldstart|move: Psychic Terrain|[from] ability: Psychic Surge|[of] p2a: Tapu Lele
|
|-weather|RainDance|[upkeep]
|upkeep
|turn|3
|
|t:|1641739522
|switch|p1a: Melmetal|Melmetal|100/100
|-damage|p1a: Melmetal|94/100|[from] Stealth Rock
|move|p2a: Tapu Lele|Focus Blast|p1a: Melmetal
|-supereffective|p1a: Melmetal
|-damage|p1a: Melmetal|52/100
|
|-weather|RainDance|[upkeep]
|upkeep
|turn|4
|
|t:|1641739528
|switch|p2a: Ferrothorn|Ferrothorn, M|100/100
|move|p1a: Melmetal|Double Iron Bash|p2a: Ferrothorn
|-resisted|p2a: Ferrothorn
|-damage|p2a: Ferrothorn|89/100
|-damage|p1a: Melmetal|40/100|[from] ability: Iron Barbs|[of] p2a: Ferrothorn
|-resisted|p2a: Ferrothorn
|-damage|p2a: Ferrothorn|79/100
|-damage|p1a: Melmetal|28/100|[from] ability: Iron Barbs|[of] p2a: Ferrothorn
|-hitcount|p2a: Ferrothorn|2
|
|-weather|RainDance|[upkeep]
|-heal|p2a: Ferrothorn|86/100|[from] item: Leftovers
|upkeep
|turn|5
|
|t:|1641739531
|move|p1a: Melmetal|Superpower|p2a: Ferrothorn
|-supereffective|p2a: Ferrothorn
|-damage|p2a: Ferrothorn|41/100
|-unboost|p1a: Melmetal|atk|1
|-unboost|p1a: Melmetal|def|1
|-damage|p1a: Melmetal|15/100|[from] ability: Iron Barbs|[of] p2a: Ferrothorn
|move|p2a: Ferrothorn|Spikes|p1a: Melmetal
|-sidestart|p1: SL21CC Pichiu|Spikes
|
|-weather|RainDance|[upkeep]
|-heal|p2a: Ferrothorn|47/100|[from] item: Leftovers
|upkeep
|turn|6
|
|t:|1641739543
|switch|p1a: Pelipper|Pelipper, F|100/100
|-damage|p1a: Pelipper|76/100|[from] Stealth Rock
|move|p2a: Ferrothorn|Knock Off|p1a: Pelipper
|-damage|p1a: Pelipper|60/100
|-enditem|p1a: Pelipper|Damp Rock|[from] move: Knock Off|[of] p2a: Ferrothorn
|
|-weather|RainDance|[upkeep]
|-heal|p2a: Ferrothorn|53/100|[from] item: Leftovers
|-fieldend|move: Psychic Terrain
|upkeep
|turn|7
|
|t:|1641739545
|move|p1a: Pelipper|Defog|p2a: Ferrothorn
|-unboost|p2a: Ferrothorn|evasion|1
|-sideend|p1: SL21CC Pichiu|Spikes|[from] move: Defog|[of] p1a: Pelipper
|-sideend|p1: SL21CC Pichiu|Stealth Rock|[from] move: Defog|[of] p1a: Pelipper
|move|p2a: Ferrothorn|Leech Seed|p1a: Pelipper
|-start|p1a: Pelipper|move: Leech Seed
|
|-weather|RainDance|[upkeep]
|-heal|p2a: Ferrothorn|60/100|[from] item: Leftovers
|-damage|p1a: Pelipper|48/100|[from] Leech Seed|[of] p2a: Ferrothorn
|-heal|p2a: Ferrothorn|71/100|[silent]
|upkeep
|turn|8
|j| SL21CCCHINESENGEIL
|
|t:|1641739549
|move|p1a: Pelipper|U-turn|p2a: Ferrothorn
|-damage|p2a: Ferrothorn|66/100
|-damage|p1a: Pelipper|35/100|[from] ability: Iron Barbs|[of] p2a: Ferrothorn
|
|t:|1641739551
|switch|p1a: Volcanion|Volcanion|100/100|[from]move: U-turn
|move|p2a: Ferrothorn|Spikes|p1a: Volcanion
|-sidestart|p1: SL21CC Pichiu|Spikes
|
|-weather|none
|-heal|p2a: Ferrothorn|72/100|[from] item: Leftovers
|upkeep
|turn|9
|j|♚aro nova
|
|t:|1641739557
|switch|p2a: Zapdos|Zapdos|100/100
|-ability|p2a: Zapdos|Pressure
|move|p1a: Volcanion|Earth Power|p2a: Zapdos
|-immune|p2a: Zapdos
|
|upkeep
|turn|10
|
|t:|1641739562
|switch|p1a: Melmetal|Melmetal|15/100
|-damage|p1a: Melmetal|3/100|[from] Spikes
|move|p2a: Zapdos|Hurricane|p1a: Melmetal
|-resisted|p1a: Melmetal
|-damage|p1a: Melmetal|0 fnt
|faint|p1a: Melmetal
|
|upkeep
|j| SL21CC tangkeke
|l| SL21CC tangkeke
|
|t:|1641739572
|switch|p1a: Pelipper|Pelipper, F|35/100
|-weather|RainDance|[from] ability: Drizzle|[of] p1a: Pelipper
|turn|11
|
|t:|1641739575
|switch|p1a: Seismitoad|Seismitoad, M|100/100
|-damage|p1a: Seismitoad|88/100|[from] Spikes
|move|p2a: Zapdos|Hurricane|p1a: Seismitoad
|-damage|p1a: Seismitoad|31/100
|
|-weather|RainDance|[upkeep]
|upkeep
|turn|12
|
|t:|1641739580
|move|p1a: Seismitoad|Stealth Rock|p2a: Zapdos
|-sidestart|p2: jingtianlangtaosha|move: Stealth Rock
|move|p2a: Zapdos|Hurricane|p1a: Seismitoad
|-damage|p1a: Seismitoad|0 fnt
|faint|p1a: Seismitoad
|
|-weather|RainDance|[upkeep]
|upkeep
|
|t:|1641739588
|switch|p1a: Barraskewda|Barraskewda, M|27/100
|-damage|p1a: Barraskewda|15/100|[from] Spikes
|turn|13
|
|t:|1641739591
|switch|p2a: Ferrothorn|Ferrothorn, M|72/100
|-damage|p2a: Ferrothorn|66/100|[from] Stealth Rock
|move|p1a: Barraskewda|Liquidation|p2a: Ferrothorn
|-resisted|p2a: Ferrothorn
|-damage|p2a: Ferrothorn|33/100
|-damage|p1a: Barraskewda|3/100|[from] ability: Iron Barbs|[of] p2a: Ferrothorn
|
|-weather|RainDance|[upkeep]
|-heal|p2a: Ferrothorn|39/100|[from] item: Leftovers
|upkeep
|turn|14
|
|t:|1641739598
|switch|p1a: Volcanion|Volcanion|100/100
|-damage|p1a: Volcanion|88/100|[from] Spikes
|move|p2a: Ferrothorn|Spikes|p1a: Volcanion
|-sidestart|p1: SL21CC Pichiu|Spikes
|
|-weather|RainDance|[upkeep]
|-heal|p2a: Ferrothorn|46/100|[from] item: Leftovers
|upkeep
|turn|15
|
|t:|1641739606
|switch|p2a: Volcanion|Volcanion|100/100
|move|p1a: Volcanion|Steam Eruption|p2a: Volcanion
|-immune|p2a: Volcanion|[from] ability: Water Absorb
|
|-weather|none
|upkeep
|turn|16
|
|t:|1641739609
|switch|p1a: Pelipper|Pelipper, F|35/100
|-weather|RainDance|[from] ability: Drizzle|[of] p1a: Pelipper
|move|p2a: Volcanion|Toxic|p1a: Pelipper
|-status|p1a: Pelipper|tox
|
|-weather|RainDance|[upkeep]
|-damage|p1a: Pelipper|29/100 tox|[from] psn
|upkeep
|turn|17
|
|t:|1641739614
|move|p2a: Volcanion|Steam Eruption|p1a: Pelipper
|-resisted|p1a: Pelipper
|-damage|p1a: Pelipper|0 fnt
|faint|p1a: Pelipper
|
|-weather|RainDance|[upkeep]
|upkeep
|j| adreamew
|
|t:|1641739621
|switch|p1a: Volcanion|Volcanion|88/100
|-damage|p1a: Volcanion|72/100|[from] Spikes
|turn|18
|
|t:|1641739631
|switch|p2a: Landorus|Landorus-Therian, M|67/100
|-damage|p2a: Landorus|54/100|[from] Stealth Rock
|-ability|p2a: Landorus|Intimidate|boost
|-unboost|p1a: Volcanion|atk|1
|move|p1a: Volcanion|Steam Eruption|p2a: Landorus
|-supereffective|p2a: Landorus
|-damage|p2a: Landorus|0 fnt
|faint|p2a: Landorus
|
|-weather|RainDance|[upkeep]
|upkeep
|
|t:|1641739633
|switch|p2a: Volcanion|Volcanion|100/100
|turn|19
|
|t:|1641739637
|switch|p1a: Barraskewda|Barraskewda, M|3/100
|-damage|p1a: Barraskewda|0 fnt|[from] Spikes
|faint|p1a: Barraskewda
|move|p2a: Volcanion|Toxic|p1: Barraskewda|[notarget]
|-fail|p2a: Volcanion
|
|-weather|RainDance|[upkeep]
|upkeep
|
|t:|1641739638
|switch|p1a: Volcanion|Volcanion|72/100
|-damage|p1a: Volcanion|55/100|[from] Spikes
|turn|20
|
|t:|1641739651
|switch|p2a: Zapdos|Zapdos|100/100
|-ability|p2a: Zapdos|Pressure
|move|p1a: Volcanion|Earth Power|p2a: Zapdos
|-immune|p2a: Zapdos
|
|-weather|none
|upkeep
|turn|21
|j| SL21CCJqlove
|
|t:|1641739659
|move|p1a: Volcanion|Earth Power|p2a: Zapdos
|-immune|p2a: Zapdos
|move|p2a: Zapdos|Discharge|p1a: Volcanion
|-supereffective|p1a: Volcanion
|-damage|p1a: Volcanion|0 fnt
|faint|p1a: Volcanion
|
|upkeep
|
|t:|1641739661
|switch|p1a: Dragonite|Dragonite, M|100/100
|turn|22
|
|t:|1641739674
|switch|p2a: Tapu Lele|Tapu Lele|100/100
|-damage|p2a: Tapu Lele|88/100|[from] Stealth Rock
|-fieldstart|move: Psychic Terrain|[from] ability: Psychic Surge|[of] p2a: Tapu Lele
|move|p1a: Dragonite|Ice Punch|p2a: Tapu Lele
|-damage|p2a: Tapu Lele|49/100
|
|upkeep
|turn|23
|
|t:|1641739677
|move|p2a: Tapu Lele|Moonblast|p1a: Dragonite
|-supereffective|p1a: Dragonite
|-damage|p1a: Dragonite|45/100
|-unboost|p1a: Dragonite|spa|1
|move|p1a: Dragonite|Dragon Dance|p1a: Dragonite
|-boost|p1a: Dragonite|atk|1
|-boost|p1a: Dragonite|spe|1
|
|upkeep
|turn|24
|
|t:|1641739681
|move|p2a: Tapu Lele|Moonblast|p1a: Dragonite
|-supereffective|p1a: Dragonite
|-damage|p1a: Dragonite|0 fnt
|faint|p1a: Dragonite
|
|win|jingtianlangtaosha
|raw|SL21CC Pichiu's rating: 1255 &rarr; <strong>1243</strong><br />(-12 for losing)
|raw|jingtianlangtaosha's rating: 1345 &rarr; <strong>1357</strong><br />(+12 for winning)
|l| SL21CCJqlove
|l|☆SL21CC Pichiu
|l|☆jingtianlangtaosha
