|raw|<div class="broadcast-blue"><strong>This battle is required to be public due to a player having a name starting with 'sl21cc'.</div>
|j|☆SL21CC sadfrog
|j|☆SL21CC Leviathan
|t:|1641825339
|gametype|singles
|player|p1|SL21CC sadfrog|battlegirl-gen4|1220
|player|p2|SL21CC Leviathan|guitarist|1188
|teamsize|p1|6
|teamsize|p2|6
|gen|8
|tier|[Gen 8] OU
|rated|
|rule|Sleep Clause Mod: Limit one foe put to sleep
|rule|Species Clause: Limit one of each Pokémon
|rule|OHKO Clause: OHKO moves are banned
|rule|Evasion Moves Clause: Evasion moves are banned
|rule|Endless Battle Clause: Forcing endless battles is banned
|rule|HP Percentage Mod: HP is shown in percentages
|rule|Dynamax Clause: You cannot dynamax
|clearpoke
|poke|p1|Pelipper, M|
|poke|p1|Melmetal|
|poke|p1|Garchomp, M|
|poke|p1|Volcanion|
|poke|p1|Barraskewda, M|
|poke|p1|Tornadus-Therian, M|
|poke|p2|Tapu Fini|
|poke|p2|Corviknight, F|
|poke|p2|Heatran, M|
|poke|p2|Dragapult, F|
|poke|p2|Garchomp, F|
|poke|p2|Tapu Lele|
|teampreview
|j| SL21CC姐ISthequeen
|l| SL21CC姐ISthequeen
|inactive|Battle timer is ON: inactive players will automatically lose when time's up. (requested by SL21CC sadfrog)
|
|t:|1641825361
|start
|switch|p1a: Barraskewda|Barraskewda, M|100/100
|switch|p2a: Tapu Lele|Tapu Lele|100/100
|-fieldstart|move: Psychic Terrain|[from] ability: Psychic Surge|[of] p2a: Tapu Lele
|turn|1
|
|t:|1641825377
|move|p1a: Barraskewda|Flip Turn|p2a: Tapu Lele
|-damage|p2a: Tapu Lele|49/100
|
|t:|1641825380
|switch|p1a: Melmetal|Melmetal|100/100|[from]move: Flip Turn
|move|p2a: Tapu Lele|Psyshock|p1a: Melmetal
|-resisted|p1a: Melmetal
|-damage|p1a: Melmetal|77/100
|
|upkeep
|turn|2
|j| adreamew
|
|t:|1641825385
|move|p2a: Tapu Lele|Psyshock|p1a: Melmetal
|-resisted|p1a: Melmetal
|-crit|p1a: Melmetal
|-damage|p1a: Melmetal|44/100
|move|p1a: Melmetal|Ice Punch|p2a: Tapu Lele
|-damage|p2a: Tapu Lele|0 fnt
|faint|p2a: Tapu Lele
|
|upkeep
|
|t:|1641825393
|switch|p2a: Heatran|Heatran, M|100/100
|turn|3
|
|t:|1641825400
|switch|p1a: Garchomp|Garchomp, M|100/100
|move|p2a: Heatran|Stealth Rock|p1a: Garchomp
|-sidestart|p1: SL21CC sadfrog|move: Stealth Rock
|
|upkeep
|turn|4
|
|t:|1641825420
|switch|p2a: Dragapult|Dragapult, F|100/100
|move|p1a: Garchomp|Earthquake|p2a: Dragapult
|-damage|p2a: Dragapult|25/100
|
|upkeep
|turn|5
|
|t:|1641825430
|switch|p1a: Melmetal|Melmetal|44/100
|-damage|p1a: Melmetal|38/100|[from] Stealth Rock
|move|p2a: Dragapult|Draco Meteor|p1a: Melmetal
|-resisted|p1a: Melmetal
|-damage|p1a: Melmetal|15/100
|-unboost|p2a: Dragapult|spa|2
|
|-fieldend|move: Psychic Terrain
|upkeep
|turn|6
|
|t:|1641825450
|switch|p2a: Tapu Fini|Tapu Fini|100/100
|-fieldstart|move: Misty Terrain|[from] ability: Misty Surge|[of] p2a: Tapu Fini
|move|p1a: Melmetal|Superpower|p2a: Tapu Fini
|-resisted|p2a: Tapu Fini
|-damage|p2a: Tapu Fini|86/100
|-unboost|p1a: Melmetal|atk|1
|-unboost|p1a: Melmetal|def|1
|
|-heal|p2a: Tapu Fini|92/100|[from] item: Leftovers
|upkeep
|turn|7
|inactive|SL21CC Leviathan has 120 seconds left.
|
|t:|1641825481
|switch|p2a: Garchomp|Garchomp, F|100/100
|switch|p1a: Pelipper|Pelipper, M|100/100
|-damage|p1a: Pelipper|76/100|[from] Stealth Rock
|-weather|RainDance|[from] ability: Drizzle|[of] p1a: Pelipper
|
|-weather|RainDance|[upkeep]
|upkeep
|turn|8
|
|t:|1641825490
|move|p2a: Garchomp|Scale Shot|p1a: Pelipper
|-damage|p1a: Pelipper|66/100
|-damage|p1a: Pelipper|55/100
|-damage|p1a: Pelipper|46/100
|-damage|p1a: Pelipper|35/100
|-damage|p1a: Pelipper|24/100
|-hitcount|p1a: Pelipper|5
|-unboost|p2a: Garchomp|def|1
|-boost|p2a: Garchomp|spe|1
|move|p1a: Pelipper|U-turn|p2a: Garchomp
|-damage|p2a: Garchomp|87/100
|-damage|p1a: Pelipper|12/100|[from] ability: Rough Skin|[of] p2a: Garchomp
|
|t:|1641825494
|switch|p1a: Barraskewda|Barraskewda, M|100/100|[from]move: U-turn
|-damage|p1a: Barraskewda|88/100|[from] Stealth Rock
|
|-weather|RainDance|[upkeep]
|-heal|p2a: Garchomp|93/100|[from] item: Leftovers
|upkeep
|turn|9
|
|t:|1641825502
|switch|p2a: Tapu Fini|Tapu Fini|92/100
|move|p1a: Barraskewda|Liquidation|p2a: Tapu Fini
|-resisted|p2a: Tapu Fini
|-damage|p2a: Tapu Fini|70/100
|
|-weather|RainDance|[upkeep]
|-heal|p2a: Tapu Fini|76/100|[from] item: Leftovers
|upkeep
|turn|10
|
|t:|1641825507
|move|p1a: Barraskewda|Flip Turn|p2a: Tapu Fini
|-resisted|p2a: Tapu Fini
|-damage|p2a: Tapu Fini|58/100
|
|t:|1641825510
|switch|p1a: Melmetal|Melmetal|15/100|[from]move: Flip Turn
|-damage|p1a: Melmetal|9/100|[from] Stealth Rock
|move|p2a: Tapu Fini|Knock Off|p1a: Melmetal
|-damage|p1a: Melmetal|0 fnt
|-enditem|p1a: Melmetal|Assault Vest|[from] move: Knock Off|[of] p2a: Tapu Fini
|faint|p1a: Melmetal
|
|-weather|RainDance|[upkeep]
|-heal|p2a: Tapu Fini|64/100|[from] item: Leftovers
|-fieldend|Misty Terrain
|upkeep
|
|t:|1641825513
|switch|p1a: Tornadus|Tornadus-Therian, M|100/100
|turn|11
|
|t:|1641825529
|switch|p2a: Corviknight|Corviknight, F|100/100
|-ability|p2a: Corviknight|Pressure
|move|p1a: Tornadus|Nasty Plot|p1a: Tornadus
|-boost|p1a: Tornadus|spa|2
|
|-weather|RainDance|[upkeep]
|upkeep
|turn|12
|
|t:|1641825533
|move|p1a: Tornadus|Weather Ball|p2a: Corviknight
|-damage|p2a: Corviknight|6/100
|move|p2a: Corviknight|U-turn|p1a: Tornadus
|-resisted|p1a: Tornadus
|-damage|p1a: Tornadus|91/100
|
|t:|1641825536
|switch|p2a: Dragapult|Dragapult, F|25/100|[from]move: U-turn
|
|-weather|RainDance|[upkeep]
|upkeep
|turn|13
|
|t:|1641825540
|move|p2a: Dragapult|Draco Meteor|p1a: Tornadus
|-damage|p1a: Tornadus|0 fnt
|-unboost|p2a: Dragapult|spa|2
|faint|p1a: Tornadus
|
|-weather|RainDance|[upkeep]
|upkeep
|
|t:|1641825543
|switch|p1a: Barraskewda|Barraskewda, M|88/100
|-damage|p1a: Barraskewda|76/100|[from] Stealth Rock
|turn|14
|-message|SL21CC sadfrog forfeited.
|
|win|SL21CC Leviathan
|raw|SL21CC sadfrog's rating: 1220 &rarr; <strong>1203</strong><br />(-17 for losing)
|raw|SL21CC Leviathan's rating: 1188 &rarr; <strong>1217</strong><br />(+29 for winning)
|l|☆SL21CC sadfrog
|l|☆SL21CC Leviathan
