|raw|<div class="broadcast-blue"><strong>This battle is required to be public due to a player having a name starting with 'sl21cc'.</div>
|j|☆SL21CC sadfrog
|j|☆solitary dream
|t:|1641824662
|gametype|singles
|player|p1|SL21CC sadfrog|170|1217
|player|p2|solitary dream|solitarydream.jpg|1227
|teamsize|p1|6
|teamsize|p2|6
|gen|8
|tier|[Gen 8] OU
|rated|
|rule|Sleep Clause Mod: Limit one foe put to sleep
|rule|Species Clause: Limit one of each Pokémon
|rule|OHKO Clause: OHKO moves are banned
|rule|Evasion Moves Clause: Evasion moves are banned
|rule|Endless Battle Clause: Forcing endless battles is banned
|rule|HP Percentage Mod: HP is shown in percentages
|rule|Dynamax Clause: You cannot dynamax
|clearpoke
|poke|p1|Landorus-Therian, M|
|poke|p1|Tapu Lele|
|poke|p1|Weavile, M|
|poke|p1|Ferrothorn, M|
|poke|p1|Victini|
|poke|p1|Tapu Fini|
|poke|p2|Slowbro-Galar, M|
|poke|p2|Seismitoad, M|
|poke|p2|Mew|
|poke|p2|Melmetal|
|poke|p2|Clefable, M|
|poke|p2|Zapdos|
|teampreview
|
|t:|1641824677
|start
|switch|p1a: Landorus|Landorus-Therian, M|100/100
|switch|p2a: Clefable|Clefable, M|100/100
|-ability|p1a: Landorus|Intimidate|boost
|-unboost|p2a: Clefable|atk|1
|turn|1
|inactive|Battle timer is ON: inactive players will automatically lose when time's up. (requested by SL21CC sadfrog)
|
|t:|1641824687
|switch|p1a: Victini|Victini|100/100
|move|p2a: Clefable|Ice Beam|p1a: Victini
|-resisted|p1a: Victini
|-damage|p1a: Victini|83/100
|
|upkeep
|turn|2
|
|t:|1641824695
|switch|p2a: Seismitoad|Seismitoad, M|100/100
|move|p1a: Victini|U-turn|p2a: Seismitoad
|-damage|p2a: Seismitoad|80/100
|
|t:|1641824697
|switch|p1a: Tapu Lele|Tapu Lele|100/100|[from]move: U-turn
|-fieldstart|move: Psychic Terrain|[from] ability: Psychic Surge|[of] p1a: Tapu Lele
|
|-heal|p2a: Seismitoad|86/100|[from] item: Leftovers
|upkeep
|turn|3
|
|t:|1641824702
|switch|p2a: Melmetal|Melmetal|100/100
|move|p1a: Tapu Lele|Moonblast|p2a: Melmetal
|-resisted|p2a: Melmetal
|-damage|p2a: Melmetal|59/100
|
|upkeep
|turn|4
|
|t:|1641824711
|switch|p1a: Landorus|Landorus-Therian, M|100/100
|-ability|p1a: Landorus|Intimidate|boost
|-unboost|p2a: Melmetal|atk|1
|move|p2a: Melmetal|Superpower|p1a: Landorus
|-resisted|p1a: Landorus
|-damage|p1a: Landorus|89/100
|-unboost|p2a: Melmetal|atk|1
|-unboost|p2a: Melmetal|def|1
|-damage|p2a: Melmetal|43/100|[from] item: Rocky Helmet|[of] p1a: Landorus
|
|upkeep
|turn|5
|
|t:|1641824716
|switch|p2a: Zapdos|Zapdos|100/100
|move|p1a: Landorus|Stealth Rock|p2a: Zapdos
|-sidestart|p2: solitary dream|move: Stealth Rock
|
|upkeep
|turn|6
|j| adreamew
|
|t:|1641824722
|move|p2a: Zapdos|Hurricane|p1a: Landorus
|-damage|p1a: Landorus|22/100
|-start|p1a: Landorus|confusion
|-activate|p1a: Landorus|confusion
|-damage|p1a: Landorus|13/100|[from] confusion
|
|-fieldend|move: Psychic Terrain
|upkeep
|turn|7
|
|t:|1641824733
|move|p2a: Zapdos|Hurricane|p1a: Landorus
|-damage|p1a: Landorus|0 fnt
|faint|p1a: Landorus
|
|upkeep
|
|t:|1641824737
|switch|p1a: Weavile|Weavile, M|100/100
|-ability|p1a: Weavile|Pressure
|turn|8
|
|t:|1641824751
|switch|p2a: Seismitoad|Seismitoad, M|86/100
|-damage|p2a: Seismitoad|80/100|[from] Stealth Rock
|move|p1a: Weavile|Triple Axel|p2a: Seismitoad|[miss]
|-miss|p1a: Weavile|p2a: Seismitoad
|
|-heal|p2a: Seismitoad|86/100|[from] item: Leftovers
|upkeep
|turn|9
|
|t:|1641824760
|move|p1a: Weavile|Swords Dance|p1a: Weavile
|-boost|p1a: Weavile|atk|2
|move|p2a: Seismitoad|Earthquake|p1a: Weavile
|-damage|p1a: Weavile|41/100
|
|-heal|p2a: Seismitoad|93/100|[from] item: Leftovers
|upkeep
|turn|10
|
|t:|1641824762
|move|p1a: Weavile|Triple Axel|p2a: Seismitoad
|-damage|p2a: Seismitoad|74/100
|-damage|p2a: Seismitoad|34/100
|-hitcount|p2a: Seismitoad|2
|move|p2a: Seismitoad|Earthquake|p1a: Weavile
|-damage|p1a: Weavile|0 fnt
|faint|p1a: Weavile
|
|-heal|p2a: Seismitoad|40/100|[from] item: Leftovers
|upkeep
|c|☆SL21CC sadfrog|gg
|
|t:|1641824773
|switch|p1a: Tapu Lele|Tapu Lele|100/100
|-fieldstart|move: Psychic Terrain|[from] ability: Psychic Surge|[of] p1a: Tapu Lele
|turn|11
|
|t:|1641824777
|move|p1a: Tapu Lele|Moonblast|p2a: Seismitoad
|-damage|p2a: Seismitoad|0 fnt
|faint|p2a: Seismitoad
|
|upkeep
|
|t:|1641824779
|switch|p2a: Slowbro|Slowbro-Galar, M|100/100
|-damage|p2a: Slowbro|88/100|[from] Stealth Rock
|turn|12
|-activate|p2a: Slowbro|item: Quick Claw
|
|t:|1641824785
|switch|p1a: Tapu Fini|Tapu Fini|100/100
|-fieldstart|move: Misty Terrain|[from] ability: Misty Surge|[of] p1a: Tapu Fini
|move|p2a: Slowbro|Nasty Plot|p2a: Slowbro
|-boost|p2a: Slowbro|spa|2
|
|upkeep
|turn|13
|-activate|p2a: Slowbro|ability: Quick Draw
|
|t:|1641824788
|move|p2a: Slowbro|Psyshock|p1a: Tapu Fini
|-damage|p1a: Tapu Fini|44/100
|move|p1a: Tapu Fini|Surf|p2a: Slowbro
|-damage|p2a: Slowbro|54/100
|
|-heal|p1a: Tapu Fini|50/100|[from] item: Leftovers
|upkeep
|turn|14
|
|t:|1641824792
|move|p1a: Tapu Fini|Surf|p2a: Slowbro
|-damage|p2a: Slowbro|14/100
|move|p2a: Slowbro|Psyshock|p1a: Tapu Fini
|-damage|p1a: Tapu Fini|0 fnt
|faint|p1a: Tapu Fini
|
|upkeep
|
|t:|1641824797
|switch|p1a: Victini|Victini|83/100
|turn|15
|-activate|p2a: Slowbro|ability: Quick Draw
|
|t:|1641824803
|move|p2a: Slowbro|Psyshock|p1a: Victini
|-resisted|p1a: Victini
|-damage|p1a: Victini|44/100
|move|p1a: Victini|Blue Flare|p2a: Slowbro
|-damage|p2a: Slowbro|0 fnt
|faint|p2a: Slowbro
|
|upkeep
|
|t:|1641824808
|switch|p2a: Zapdos|Zapdos|100/100
|turn|16
|
|t:|1641824819
|switch|p1a: Ferrothorn|Ferrothorn, M|100/100
|move|p2a: Zapdos|Hurricane|p1a: Ferrothorn
|-damage|p1a: Ferrothorn|59/100
|
|-heal|p1a: Ferrothorn|66/100|[from] item: Leftovers
|-fieldend|Misty Terrain
|upkeep
|turn|17
|
|t:|1641824823
|move|p2a: Zapdos|Hurricane|p1a: Ferrothorn
|-damage|p1a: Ferrothorn|26/100
|move|p1a: Ferrothorn|Knock Off|p2a: Zapdos
|-damage|p2a: Zapdos|80/100
|-enditem|p2a: Zapdos|Heavy-Duty Boots|[from] move: Knock Off|[of] p1a: Ferrothorn
|
|-heal|p1a: Ferrothorn|32/100|[from] item: Leftovers
|upkeep
|turn|18
|
|t:|1641824829
|move|p2a: Zapdos|Hurricane|p1a: Ferrothorn
|-damage|p1a: Ferrothorn|0 fnt
|faint|p1a: Ferrothorn
|
|upkeep
|
|t:|1641824831
|switch|p1a: Tapu Lele|Tapu Lele|100/100
|-fieldstart|move: Psychic Terrain|[from] ability: Psychic Surge|[of] p1a: Tapu Lele
|turn|19
|
|t:|1641824835
|move|p1a: Tapu Lele|Moonblast|p2a: Zapdos
|-damage|p2a: Zapdos|11/100
|-unboost|p2a: Zapdos|spa|1
|move|p2a: Zapdos|Thunderbolt|p1a: Tapu Lele
|-damage|p1a: Tapu Lele|65/100
|
|upkeep
|turn|20
|
|t:|1641824837
|move|p1a: Tapu Lele|Moonblast|p2a: Zapdos
|-damage|p2a: Zapdos|0 fnt
|faint|p2a: Zapdos
|
|upkeep
|
|t:|1641824839
|switch|p2a: Melmetal|Melmetal|43/100
|-damage|p2a: Melmetal|37/100|[from] Stealth Rock
|turn|21
|
|t:|1641824841
|move|p1a: Tapu Lele|Moonblast|p2a: Melmetal
|-resisted|p2a: Melmetal
|-damage|p2a: Melmetal|0 fnt
|faint|p2a: Melmetal
|
|upkeep
|
|t:|1641824846
|switch|p2a: Mew|Mew|100/100
|-damage|p2a: Mew|88/100|[from] Stealth Rock
|turn|22
|
|t:|1641824849
|move|p2a: Mew|Cosmic Power|p2a: Mew
|-boost|p2a: Mew|def|1
|-boost|p2a: Mew|spd|1
|move|p1a: Tapu Lele|Moonblast|p2a: Mew
|-damage|p2a: Mew|46/100
|
|upkeep
|turn|23
|
|t:|1641824851
|move|p2a: Mew|Soft-Boiled|p2a: Mew
|-heal|p2a: Mew|96/100
|move|p1a: Tapu Lele|Moonblast|p2a: Mew
|-damage|p2a: Mew|51/100
|-unboost|p2a: Mew|spa|1
|
|-fieldend|move: Psychic Terrain
|upkeep
|turn|24
|
|t:|1641824854
|move|p2a: Mew|Cosmic Power|p2a: Mew
|-boost|p2a: Mew|def|1
|-boost|p2a: Mew|spd|1
|move|p1a: Tapu Lele|Moonblast|p2a: Mew
|-damage|p2a: Mew|23/100
|
|upkeep
|turn|25
|
|t:|1641824856
|move|p2a: Mew|Soft-Boiled|p2a: Mew
|-heal|p2a: Mew|73/100
|move|p1a: Tapu Lele|Moonblast|p2a: Mew
|-damage|p2a: Mew|43/100
|
|upkeep
|turn|26
|
|t:|1641824859
|move|p2a: Mew|Cosmic Power|p2a: Mew
|-boost|p2a: Mew|def|1
|-boost|p2a: Mew|spd|1
|move|p1a: Tapu Lele|Moonblast|p2a: Mew
|-damage|p2a: Mew|16/100
|
|upkeep
|turn|27
|l| adreamew
|
|t:|1641824861
|move|p2a: Mew|Soft-Boiled|p2a: Mew
|-heal|p2a: Mew|66/100
|move|p1a: Tapu Lele|Moonblast|p2a: Mew
|-damage|p2a: Mew|40/100
|-unboost|p2a: Mew|spa|1
|
|upkeep
|turn|28
|j| adreamew
|
|t:|1641824864
|move|p2a: Mew|Soft-Boiled|p2a: Mew
|-heal|p2a: Mew|90/100
|move|p1a: Tapu Lele|Moonblast|p2a: Mew
|-damage|p2a: Mew|66/100
|
|upkeep
|turn|29
|
|t:|1641824868
|move|p2a: Mew|Cosmic Power|p2a: Mew
|-boost|p2a: Mew|def|1
|-boost|p2a: Mew|spd|1
|move|p1a: Tapu Lele|Moonblast|p2a: Mew
|-damage|p2a: Mew|45/100
|
|upkeep
|turn|30
|
|t:|1641824874
|move|p2a: Mew|Soft-Boiled|p2a: Mew
|-heal|p2a: Mew|95/100
|move|p1a: Tapu Lele|Moonblast|p2a: Mew
|-damage|p2a: Mew|75/100
|
|upkeep
|turn|31
|
|t:|1641824878
|move|p2a: Mew|Cosmic Power|p2a: Mew
|-boost|p2a: Mew|def|1
|-boost|p2a: Mew|spd|1
|move|p1a: Tapu Lele|Moonblast|p2a: Mew
|-damage|p2a: Mew|57/100
|-unboost|p2a: Mew|spa|1
|
|upkeep
|turn|32
|
|t:|1641824884
|move|p2a: Mew|Soft-Boiled|p2a: Mew
|-heal|p2a: Mew|100/100
|move|p1a: Tapu Lele|Moonblast|p2a: Mew
|-damage|p2a: Mew|82/100
|
|upkeep
|turn|33
|
|t:|1641824889
|move|p2a: Mew|Cosmic Power|p2a: Mew
|-boost|p2a: Mew|def|1
|-boost|p2a: Mew|spd|1
|move|p1a: Tapu Lele|Moonblast|p2a: Mew
|-crit|p2a: Mew
|-damage|p2a: Mew|0 fnt
|faint|p2a: Mew
|
|upkeep
|
|t:|1641824892
|switch|p2a: Clefable|Clefable, M|100/100
|turn|34
|
|t:|1641824895
|move|p1a: Tapu Lele|Moonblast|p2a: Clefable
|-damage|p2a: Clefable|10/100
|-unboost|p2a: Clefable|spa|1
|move|p2a: Clefable|Thunder|p1a: Tapu Lele|[miss]
|-miss|p2a: Clefable|p1a: Tapu Lele
|
|upkeep
|turn|35
|
|t:|1641824898
|move|p1a: Tapu Lele|Moonblast|p2a: Clefable
|-damage|p2a: Clefable|0 fnt
|faint|p2a: Clefable
|
|win|SL21CC sadfrog
|raw|SL21CC sadfrog's rating: 1217 &rarr; <strong>1233</strong><br />(+16 for winning)
|raw|solitary dream's rating: 1227 &rarr; <strong>1211</strong><br />(-16 for losing)
|l|☆solitary dream
