|raw|<div class="broadcast-blue"><strong>This battle is required to be public due to a player having a name starting with 'sl21cc'.</div>
|j|☆SL21CC 东方不败
|j|☆solitary dream
|t:|1641824000
|gametype|singles
|player|p1|SL21CC 东方不败|cheryl|1302
|player|p2|solitary dream|solitarydream.jpg|1255
|teamsize|p1|6
|teamsize|p2|6
|gen|8
|tier|[Gen 8] OU
|rated|
|rule|Sleep Clause Mod: Limit one foe put to sleep
|rule|Species Clause: Limit one of each Pokémon
|rule|OHKO Clause: OHKO moves are banned
|rule|Evasion Moves Clause: Evasion moves are banned
|rule|Endless Battle Clause: Forcing endless battles is banned
|rule|HP Percentage Mod: HP is shown in percentages
|rule|Dynamax Clause: You cannot dynamax
|clearpoke
|poke|p1|Ferrothorn, F|
|poke|p1|Heatran, M|
|poke|p1|Tapu Fini|
|poke|p1|Landorus-Therian, M|
|poke|p1|Clefable, F|
|poke|p1|Regieleki|
|poke|p2|Slowbro-Galar, F|
|poke|p2|Seismitoad, M|
|poke|p2|Mew|
|poke|p2|Melmetal|
|poke|p2|Clefable, M|
|poke|p2|Zapdos|
|teampreview
|j| adreamew
|
|t:|1641824024
|start
|switch|p1a: Heatran|Heatran, M|100/100
|switch|p2a: Clefable|Clefable, M|100/100
|turn|1
|
|t:|1641824027
|move|p2a: Clefable|Focus Blast|p1a: Heatran|[miss]
|-miss|p2a: Clefable|p1a: Heatran
|move|p1a: Heatran|Magma Storm|p2a: Clefable|[miss]
|-miss|p1a: Heatran|p2a: Clefable
|
|upkeep
|turn|2
|
|t:|1641824036
|switch|p1a: Clefable|Clefable, F|100/100
|move|p2a: Clefable|Focus Blast|p1a: Clefable
|-resisted|p1a: Clefable
|-damage|p1a: Clefable|78/100
|
|upkeep
|turn|3
|
|t:|1641824038
|move|p2a: Clefable|Thunder|p1a: Clefable
|-damage|p1a: Clefable|43/100
|-status|p1a: Clefable|par
|cant|p1a: Clefable|par
|
|upkeep
|turn|4
|
|t:|1641824042
|move|p2a: Clefable|Ice Beam|p1a: Clefable
|-damage|p1a: Clefable|12/100 par
|move|p1a: Clefable|Soft-Boiled|p1a: Clefable
|-heal|p1a: Clefable|62/100 par
|
|upkeep
|turn|5
|
|t:|1641824044
|move|p2a: Clefable|Ice Beam|p1a: Clefable
|-damage|p1a: Clefable|29/100 par
|cant|p1a: Clefable|par
|
|upkeep
|turn|6
|
|t:|1641824049
|switch|p1a: Heatran|Heatran, M|100/100
|move|p2a: Clefable|Ice Beam|p1a: Heatran
|-resisted|p1a: Heatran
|-damage|p1a: Heatran|96/100
|
|-heal|p1a: Heatran|100/100|[from] item: Leftovers
|upkeep
|turn|7
|
|t:|1641824052
|move|p2a: Clefable|Focus Blast|p1a: Heatran|[miss]
|-miss|p2a: Clefable|p1a: Heatran
|move|p1a: Heatran|Magma Storm|p2a: Clefable
|-damage|p2a: Clefable|54/100
|-activate|p2a: Clefable|move: Magma Storm|[of] p1a: Heatran
|
|upkeep
|turn|8
|
|t:|1641824057
|move|p2a: Clefable|Focus Blast|p1a: Heatran|[miss]
|-miss|p2a: Clefable|p1a: Heatran
|move|p1a: Heatran|Heavy Slam|p2a: Clefable
|-supereffective|p2a: Clefable
|-damage|p2a: Clefable|0 fnt
|faint|p2a: Clefable
|
|upkeep
|
|t:|1641824062
|switch|p2a: Seismitoad|Seismitoad, M|100/100
|turn|9
|
|t:|1641824066
|move|p1a: Heatran|Taunt|p2a: Seismitoad
|-start|p2a: Seismitoad|move: Taunt
|cant|p2a: Seismitoad|move: Taunt|Stealth Rock
|
|upkeep
|turn|10
|j| sl21cc vogut
|
|t:|1641824076
|switch|p1a: Ferrothorn|Ferrothorn, F|100/100
|switch|p2a: Slowbro|Slowbro-Galar, F|100/100
|
|upkeep
|turn|11
|
|t:|1641824083
|move|p2a: Slowbro|Nasty Plot|p2a: Slowbro
|-boost|p2a: Slowbro|spa|2
|move|p1a: Ferrothorn|Leech Seed|p2a: Slowbro
|-start|p2a: Slowbro|move: Leech Seed
|
|-damage|p2a: Slowbro|88/100|[from] Leech Seed|[of] p1a: Ferrothorn
|upkeep
|turn|12
|-activate|p2a: Slowbro|item: Quick Claw
|
|t:|1641824092
|switch|p1a: Tapu Fini|Tapu Fini|100/100
|-fieldstart|move: Misty Terrain|[from] ability: Misty Surge|[of] p1a: Tapu Fini
|move|p2a: Slowbro|Focus Blast|p1a: Tapu Fini
|-resisted|p1a: Tapu Fini
|-damage|p1a: Tapu Fini|73/100
|
|-heal|p1a: Tapu Fini|79/100|[from] item: Leftovers
|-damage|p2a: Slowbro|75/100|[from] Leech Seed|[of] p1a: Tapu Fini
|-heal|p1a: Tapu Fini|93/100|[silent]
|upkeep
|turn|13
|-activate|p2a: Slowbro|ability: Quick Draw
|
|t:|1641824109
|move|p2a: Slowbro|Psyshock|p1a: Tapu Fini
|-damage|p1a: Tapu Fini|42/100
|move|p1a: Tapu Fini|Calm Mind|p1a: Tapu Fini
|-boost|p1a: Tapu Fini|spa|1
|-boost|p1a: Tapu Fini|spd|1
|
|-heal|p1a: Tapu Fini|48/100|[from] item: Leftovers
|-damage|p2a: Slowbro|63/100|[from] Leech Seed|[of] p1a: Tapu Fini
|-heal|p1a: Tapu Fini|62/100|[silent]
|upkeep
|turn|14
|-activate|p2a: Slowbro|ability: Quick Draw
|
|t:|1641824123
|switch|p1a: Ferrothorn|Ferrothorn, F|100/100
|move|p2a: Slowbro|Psyshock|p1a: Ferrothorn
|-resisted|p1a: Ferrothorn
|-damage|p1a: Ferrothorn|78/100
|
|-heal|p1a: Ferrothorn|84/100|[from] item: Leftovers
|-damage|p2a: Slowbro|50/100|[from] Leech Seed|[of] p1a: Ferrothorn
|-heal|p1a: Ferrothorn|98/100|[silent]
|upkeep
|turn|15
|
|t:|1641824133
|switch|p2a: Zapdos|Zapdos|100/100
|switch|p1a: Landorus|Landorus-Therian, M|100/100
|-ability|p1a: Landorus|Intimidate|boost
|-unboost|p2a: Zapdos|atk|1
|
|upkeep
|turn|16
|
|t:|1641824147
|move|p1a: Landorus|Explosion|p2a: Zapdos
|-damage|p2a: Zapdos|8/100
|faint|p1a: Landorus
|move|p2a: Zapdos|Hurricane|p1: Landorus|[notarget]
|-fail|p2a: Zapdos
|
|-fieldend|Misty Terrain
|upkeep
|
|t:|1641824151
|switch|p1a: Regieleki|Regieleki|100/100
|turn|17
|
|t:|1641824160
|switch|p1a: Clefable|Clefable, F|29/100 par
|switch|p2a: Seismitoad|Seismitoad, M|100/100
|
|upkeep
|turn|18
|
|t:|1641824164
|move|p2a: Seismitoad|Earthquake|p1a: Clefable
|-damage|p1a: Clefable|3/100 par
|cant|p1a: Clefable|par
|
|upkeep
|turn|19
|j| SL21CC sadfrog
|
|t:|1641824175
|switch|p1a: Ferrothorn|Ferrothorn, F|98/100
|move|p2a: Seismitoad|Earthquake|p1a: Ferrothorn
|-damage|p1a: Ferrothorn|77/100
|
|-heal|p1a: Ferrothorn|83/100|[from] item: Leftovers
|upkeep
|turn|20
|
|t:|1641824185
|move|p2a: Seismitoad|Stealth Rock|p1a: Ferrothorn
|-sidestart|p1: SL21CC 东方不败|move: Stealth Rock
|move|p1a: Ferrothorn|Leech Seed|p2a: Seismitoad
|-start|p2a: Seismitoad|move: Leech Seed
|
|-heal|p1a: Ferrothorn|89/100|[from] item: Leftovers
|-damage|p2a: Seismitoad|88/100|[from] Leech Seed|[of] p1a: Ferrothorn
|-heal|p1a: Ferrothorn|100/100|[silent]
|upkeep
|turn|21
|
|t:|1641824195
|switch|p2a: Zapdos|Zapdos|8/100
|move|p1a: Ferrothorn|Leech Seed|p2a: Zapdos
|-start|p2a: Zapdos|move: Leech Seed
|
|-damage|p2a: Zapdos|0 fnt|[from] Leech Seed|[of] p1a: Ferrothorn
|faint|p2a: Zapdos
|upkeep
|
|t:|1641824197
|switch|p2a: Melmetal|Melmetal|100/100
|turn|22
|-activate|p2a: Melmetal|item: Quick Claw
|
|t:|1641824204
|move|p2a: Melmetal|Superpower|p1a: Ferrothorn
|-supereffective|p1a: Ferrothorn
|-damage|p1a: Ferrothorn|45/100
|-unboost|p2a: Melmetal|atk|1
|-unboost|p2a: Melmetal|def|1
|-damage|p2a: Melmetal|88/100|[from] ability: Iron Barbs|[of] p1a: Ferrothorn
|move|p1a: Ferrothorn|Leech Seed|p2a: Melmetal
|-start|p2a: Melmetal|move: Leech Seed
|
|-heal|p1a: Ferrothorn|52/100|[from] item: Leftovers
|-damage|p2a: Melmetal|76/100|[from] Leech Seed|[of] p1a: Ferrothorn
|-heal|p1a: Ferrothorn|67/100|[silent]
|upkeep
|turn|23
|l| SL21CC sadfrog
|l| sl21cc vogut
|
|t:|1641824212
|switch|p2a: Slowbro|Slowbro-Galar, F|50/100
|move|p1a: Ferrothorn|Stealth Rock|p2a: Slowbro
|-sidestart|p2: solitary dream|move: Stealth Rock
|
|-heal|p1a: Ferrothorn|74/100|[from] item: Leftovers
|upkeep
|turn|24
|-activate|p2a: Slowbro|ability: Quick Draw
|
|t:|1641824220
|move|p2a: Slowbro|Focus Blast|p1a: Ferrothorn|[miss]
|-miss|p2a: Slowbro|p1a: Ferrothorn
|move|p1a: Ferrothorn|Leech Seed|p2a: Slowbro|[miss]
|-miss|p1a: Ferrothorn|p2a: Slowbro
|
|-heal|p1a: Ferrothorn|80/100|[from] item: Leftovers
|upkeep
|turn|25
|
|t:|1641824223
|move|p2a: Slowbro|Focus Blast|p1a: Ferrothorn|[miss]
|-miss|p2a: Slowbro|p1a: Ferrothorn
|move|p1a: Ferrothorn|Leech Seed|p2a: Slowbro
|-start|p2a: Slowbro|move: Leech Seed
|
|-heal|p1a: Ferrothorn|86/100|[from] item: Leftovers
|-damage|p2a: Slowbro|38/100|[from] Leech Seed|[of] p1a: Ferrothorn
|-heal|p1a: Ferrothorn|99/100|[silent]
|upkeep
|turn|26
|
|t:|1641824227
|move|p2a: Slowbro|Focus Blast|p1a: Ferrothorn
|-supereffective|p1a: Ferrothorn
|-damage|p1a: Ferrothorn|38/100
|-unboost|p1a: Ferrothorn|spd|1
|move|p1a: Ferrothorn|Spikes|p2a: Slowbro
|-sidestart|p2: solitary dream|Spikes
|
|-heal|p1a: Ferrothorn|45/100|[from] item: Leftovers
|-damage|p2a: Slowbro|25/100|[from] Leech Seed|[of] p1a: Ferrothorn
|-heal|p1a: Ferrothorn|58/100|[silent]
|upkeep
|turn|27
|
|t:|1641824242
|switch|p2a: Melmetal|Melmetal|76/100
|-damage|p2a: Melmetal|70/100|[from] Stealth Rock
|-damage|p2a: Melmetal|57/100|[from] Spikes
|switch|p1a: Heatran|Heatran, M|100/100
|-damage|p1a: Heatran|88/100|[from] Stealth Rock
|
|-heal|p1a: Heatran|94/100|[from] item: Leftovers
|upkeep
|turn|28
|
|t:|1641824244
|move|p1a: Heatran|Magma Storm|p2a: Melmetal
|-supereffective|p2a: Melmetal
|-damage|p2a: Melmetal|0 fnt
|faint|p2a: Melmetal
|
|-heal|p1a: Heatran|100/100|[from] item: Leftovers
|upkeep
|
|t:|1641824246
|switch|p2a: Mew|Mew|100/100
|-damage|p2a: Mew|88/100|[from] Spikes
|-damage|p2a: Mew|76/100|[from] Stealth Rock
|turn|29
|
|t:|1641824260
|move|p2a: Mew|Cosmic Power|p2a: Mew
|-boost|p2a: Mew|def|1
|-boost|p2a: Mew|spd|1
|move|p1a: Heatran|Taunt|p2a: Mew
|-start|p2a: Mew|move: Taunt
|
|upkeep
|turn|30
|
|t:|1641824265
|move|p2a: Mew|Body Press|p1a: Heatran
|-supereffective|p1a: Heatran
|-damage|p1a: Heatran|51/100
|move|p1a: Heatran|Magma Storm|p2a: Mew|[miss]
|-miss|p1a: Heatran|p2a: Mew
|
|-heal|p1a: Heatran|57/100|[from] item: Leftovers
|upkeep
|turn|31
|
|t:|1641824270
|move|p2a: Mew|Body Press|p1a: Heatran
|-supereffective|p1a: Heatran
|-damage|p1a: Heatran|9/100
|move|p1a: Heatran|Magma Storm|p2a: Mew
|-damage|p2a: Mew|53/100
|-activate|p2a: Mew|move: Magma Storm|[of] p1a: Heatran
|
|-heal|p1a: Heatran|15/100|[from] item: Leftovers
|-damage|p2a: Mew|40/100|[from] move: Magma Storm|[partiallytrapped]
|upkeep
|turn|32
|
|t:|1641824278
|move|p2a: Mew|Body Press|p1a: Heatran
|-supereffective|p1a: Heatran
|-crit|p1a: Heatran
|-damage|p1a: Heatran|0 fnt
|faint|p1a: Heatran
|
|-end|p2a: Mew|Magma Storm|[partiallytrapped]|[silent]
|-end|p2a: Mew|move: Taunt
|upkeep
|j| 66yy壶壶天王
|
|t:|1641824283
|switch|p1a: Ferrothorn|Ferrothorn, F|58/100
|-damage|p1a: Ferrothorn|52/100|[from] Stealth Rock
|turn|33
|
|t:|1641824286
|move|p2a: Mew|Soft-Boiled|p2a: Mew
|-heal|p2a: Mew|90/100
|move|p1a: Ferrothorn|Leech Seed|p2a: Mew
|-start|p2a: Mew|move: Leech Seed
|
|-heal|p1a: Ferrothorn|58/100|[from] item: Leftovers
|-damage|p2a: Mew|78/100|[from] Leech Seed|[of] p1a: Ferrothorn
|-heal|p1a: Ferrothorn|72/100|[silent]
|upkeep
|turn|34
|
|t:|1641824289
|switch|p1a: Tapu Fini|Tapu Fini|62/100
|-damage|p1a: Tapu Fini|50/100|[from] Stealth Rock
|-fieldstart|move: Misty Terrain|[from] ability: Misty Surge|[of] p1a: Tapu Fini
|move|p2a: Mew|Cosmic Power|p2a: Mew
|-boost|p2a: Mew|def|1
|-boost|p2a: Mew|spd|1
|
|-heal|p1a: Tapu Fini|56/100|[from] item: Leftovers
|-damage|p2a: Mew|66/100|[from] Leech Seed|[of] p1a: Tapu Fini
|-heal|p1a: Tapu Fini|71/100|[silent]
|upkeep
|turn|35
|
|t:|1641824291
|move|p2a: Mew|Stored Power|p1a: Tapu Fini
|-damage|p1a: Tapu Fini|44/100
|move|p1a: Tapu Fini|Calm Mind|p1a: Tapu Fini
|-boost|p1a: Tapu Fini|spa|1
|-boost|p1a: Tapu Fini|spd|1
|
|-heal|p1a: Tapu Fini|50/100|[from] item: Leftovers
|-damage|p2a: Mew|53/100|[from] Leech Seed|[of] p1a: Tapu Fini
|-heal|p1a: Tapu Fini|64/100|[silent]
|upkeep
|turn|36
|
|t:|1641824296
|switch|p2a: Seismitoad|Seismitoad, M|88/100
|-damage|p2a: Seismitoad|76/100|[from] Spikes
|-damage|p2a: Seismitoad|70/100|[from] Stealth Rock
|move|p1a: Tapu Fini|Calm Mind|p1a: Tapu Fini
|-boost|p1a: Tapu Fini|spa|1
|-boost|p1a: Tapu Fini|spd|1
|
|-heal|p1a: Tapu Fini|70/100|[from] item: Leftovers
|-heal|p2a: Seismitoad|76/100|[from] item: Leftovers
|upkeep
|turn|37
|
|t:|1641824301
|move|p1a: Tapu Fini|Calm Mind|p1a: Tapu Fini
|-boost|p1a: Tapu Fini|spa|1
|-boost|p1a: Tapu Fini|spd|1
|move|p2a: Seismitoad|Earthquake|p1a: Tapu Fini
|-damage|p1a: Tapu Fini|47/100
|
|-heal|p1a: Tapu Fini|53/100|[from] item: Leftovers
|-heal|p2a: Seismitoad|82/100|[from] item: Leftovers
|upkeep
|turn|38
|
|t:|1641824303
|move|p1a: Tapu Fini|Draining Kiss|p2a: Seismitoad
|-damage|p2a: Seismitoad|54/100
|-heal|p1a: Tapu Fini|79/100|[from] drain|[of] p2a: Seismitoad
|move|p2a: Seismitoad|Earthquake|p1a: Tapu Fini
|-damage|p1a: Tapu Fini|57/100
|
|-heal|p1a: Tapu Fini|63/100|[from] item: Leftovers
|-heal|p2a: Seismitoad|60/100|[from] item: Leftovers
|-fieldend|Misty Terrain
|upkeep
|turn|39
|
|t:|1641824307
|move|p1a: Tapu Fini|Taunt|p2a: Seismitoad
|-start|p2a: Seismitoad|move: Taunt
|cant|p2a: Seismitoad|move: Taunt|Toxic
|
|-heal|p1a: Tapu Fini|69/100|[from] item: Leftovers
|-heal|p2a: Seismitoad|66/100|[from] item: Leftovers
|upkeep
|turn|40
|
|t:|1641824309
|move|p1a: Tapu Fini|Calm Mind|p1a: Tapu Fini
|-boost|p1a: Tapu Fini|spa|1
|-boost|p1a: Tapu Fini|spd|1
|move|p2a: Seismitoad|Earthquake|p1a: Tapu Fini
|-damage|p1a: Tapu Fini|48/100
|
|-heal|p1a: Tapu Fini|54/100|[from] item: Leftovers
|-heal|p2a: Seismitoad|72/100|[from] item: Leftovers
|upkeep
|turn|41
|
|t:|1641824311
|move|p1a: Tapu Fini|Calm Mind|p1a: Tapu Fini
|-boost|p1a: Tapu Fini|spa|1
|-boost|p1a: Tapu Fini|spd|1
|move|p2a: Seismitoad|Earthquake|p1a: Tapu Fini
|-damage|p1a: Tapu Fini|32/100
|
|-heal|p1a: Tapu Fini|38/100|[from] item: Leftovers
|-heal|p2a: Seismitoad|78/100|[from] item: Leftovers
|-end|p2a: Seismitoad|move: Taunt
|upkeep
|turn|42
|
|t:|1641824312
|move|p1a: Tapu Fini|Draining Kiss|p2a: Seismitoad
|-damage|p2a: Seismitoad|33/100
|-heal|p1a: Tapu Fini|79/100|[from] drain|[of] p2a: Seismitoad
|move|p2a: Seismitoad|Earthquake|p1a: Tapu Fini
|-damage|p1a: Tapu Fini|57/100
|
|-heal|p1a: Tapu Fini|63/100|[from] item: Leftovers
|-heal|p2a: Seismitoad|39/100|[from] item: Leftovers
|upkeep
|turn|43
|
|t:|1641824316
|move|p1a: Tapu Fini|Draining Kiss|p2a: Seismitoad
|-crit|p2a: Seismitoad
|-damage|p2a: Seismitoad|0 fnt
|-heal|p1a: Tapu Fini|98/100|[from] drain|[of] p2a: Seismitoad
|faint|p2a: Seismitoad
|
|-heal|p1a: Tapu Fini|100/100|[from] item: Leftovers
|upkeep
|-message|solitary dream forfeited.
|
|win|SL21CC 东方不败
|raw|SL21CC 东方不败's rating: 1302 &rarr; <strong>1316</strong><br />(+14 for winning)
|raw|solitary dream's rating: 1255 &rarr; <strong>1242</strong><br />(-13 for losing)
|l|☆SL21CC 东方不败
|l|☆solitary dream
|l| 66yy壶壶天王
