|raw|<div class="broadcast-blue"><strong>This battle is required to be public due to a player having a name starting with 'sl21cc'.</div>
|j|☆SL21CC KFC嫩牛五方
|j|☆solitary dream
|t:|1641824404
|gametype|singles
|player|p1|SL21CC KFC嫩牛五方|baker|1299
|player|p2|solitary dream|solitarydream.jpg|1242
|teamsize|p1|6
|teamsize|p2|6
|gen|8
|tier|[Gen 8] OU
|rated|
|rule|Sleep Clause Mod: Limit one foe put to sleep
|rule|Species Clause: Limit one of each Pokémon
|rule|OHKO Clause: OHKO moves are banned
|rule|Evasion Moves Clause: Evasion moves are banned
|rule|Endless Battle Clause: Forcing endless battles is banned
|rule|HP Percentage Mod: HP is shown in percentages
|rule|Dynamax Clause: You cannot dynamax
|clearpoke
|poke|p1|Melmetal|
|poke|p1|Cresselia, F|
|poke|p1|Crawdaunt, M|
|poke|p1|Hatterene, F|
|poke|p1|Porygon2|
|poke|p1|Marowak-Alola, M|
|poke|p2|Slowbro-Galar, F|
|poke|p2|Seismitoad, M|
|poke|p2|Mew|
|poke|p2|Melmetal|
|poke|p2|Clefable, F|
|poke|p2|Zapdos|
|teampreview
|
|t:|1641824410
|start
|switch|p1a: Marowak|Marowak-Alola, M|100/100
|switch|p2a: Clefable|Clefable, F|100/100
|turn|1
|j| SL22CC 蜜雪冰城
|
|t:|1641824436
|move|p2a: Clefable|Thunder|p1a: Marowak
|-damage|p1a: Marowak|54/100
|move|p1a: Marowak|Flare Blitz|p2a: Clefable
|-damage|p2a: Clefable|0 fnt
|faint|p2a: Clefable
|
|upkeep
|j| sl21cc vogut
|
|t:|1641824441
|switch|p2a: Seismitoad|Seismitoad, M|100/100
|turn|2
|j| adreamew
|l| sl21cc vogut
|j| SL21CC 东方不败
|
|t:|1641824501
|switch|p1a: Hatterene|Hatterene, F|100/100
|move|p2a: Seismitoad|Earthquake|p1a: Hatterene
|-damage|p1a: Hatterene|75/100
|
|upkeep
|turn|3
|
|t:|1641824507
|move|p2a: Seismitoad|Earthquake|p1a: Hatterene
|-damage|p1a: Hatterene|47/100
|move|p1a: Hatterene|Psychic|p2a: Seismitoad
|-damage|p2a: Seismitoad|72/100
|
|-heal|p2a: Seismitoad|78/100|[from] item: Leftovers
|upkeep
|turn|4
|
|t:|1641824510
|move|p2a: Seismitoad|Earthquake|p1a: Hatterene
|-damage|p1a: Hatterene|21/100
|move|p1a: Hatterene|Trick Room|p1a: Hatterene
|-fieldstart|move: Trick Room|[of] p1a: Hatterene
|
|-heal|p2a: Seismitoad|84/100|[from] item: Leftovers
|upkeep
|turn|5
|j| MeteoricArC
|
|t:|1641824512
|move|p1a: Hatterene|Psychic|p2a: Seismitoad
|-crit|p2a: Seismitoad
|-damage|p2a: Seismitoad|38/100
|move|p2a: Seismitoad|Stealth Rock|p1a: Hatterene
|move|p1a: Hatterene|Stealth Rock|p2a: Seismitoad|[from]ability: Magic Bounce
|-sidestart|p2: solitary dream|move: Stealth Rock
|
|-heal|p2a: Seismitoad|44/100|[from] item: Leftovers
|upkeep
|turn|6
|
|t:|1641824514
|move|p1a: Hatterene|Healing Wish|p1a: Hatterene
|faint|p1a: Hatterene
|move|p2a: Seismitoad|Earthquake|p1: Hatterene|[notarget]
|-fail|p2a: Seismitoad
|
|-heal|p2a: Seismitoad|50/100|[from] item: Leftovers
|upkeep
|
|t:|1641824519
|switch|p1a: Knocked|Crawdaunt, M, shiny|100/100
|turn|7
|
|t:|1641824521
|move|p1a: Knocked|Knock Off|p2a: Seismitoad
|-damage|p2a: Seismitoad|0 fnt
|-enditem|p2a: Seismitoad|Leftovers|[from] move: Knock Off|[of] p1a: Knocked
|faint|p2a: Seismitoad
|-damage|p1a: Knocked|90/100|[from] item: Life Orb
|
|upkeep
|
|t:|1641824523
|switch|p2a: Melmetal|Melmetal|100/100
|-damage|p2a: Melmetal|94/100|[from] Stealth Rock
|turn|8
|
|t:|1641824541
|move|p1a: Knocked|Knock Off|p2a: Melmetal
|-damage|p2a: Melmetal|38/100
|-enditem|p2a: Melmetal|Quick Claw|[from] move: Knock Off|[of] p1a: Knocked
|-damage|p1a: Knocked|80/100|[from] item: Life Orb
|move|p2a: Melmetal|Thunder Punch|p1a: Knocked
|-supereffective|p1a: Knocked
|-damage|p1a: Knocked|0 fnt
|faint|p1a: Knocked
|
|-fieldend|move: Trick Room
|upkeep
|
|t:|1641824545
|switch|p1a: Melmetal|Melmetal|100/100
|turn|9
|l| MeteoricArC
|
|t:|1641824550
|move|p2a: Melmetal|Superpower|p1a: Melmetal
|-supereffective|p1a: Melmetal
|-damage|p1a: Melmetal|47/100
|-unboost|p2a: Melmetal|atk|1
|-unboost|p2a: Melmetal|def|1
|move|p1a: Melmetal|Double Iron Bash|p2a: Melmetal
|-resisted|p2a: Melmetal
|-damage|p2a: Melmetal|11/100
|-resisted|p2a: Melmetal
|-damage|p2a: Melmetal|0 fnt
|faint|p2a: Melmetal
|-hitcount|p2: Melmetal|2
|
|upkeep
|
|t:|1641824553
|switch|p2a: Zapdos|Zapdos|100/100
|turn|10
|
|t:|1641824559
|switch|p1a: Cresselia|Cresselia, F|100/100
|move|p2a: Zapdos|Thunderbolt|p1a: Cresselia
|-damage|p1a: Cresselia|69/100
|
|upkeep
|turn|11
|j| SL21CC tangkeke
|j| jiokopg_fkok43
|
|t:|1641824564
|switch|p2a: Slowbro|Slowbro-Galar, F|100/100
|-damage|p2a: Slowbro|88/100|[from] Stealth Rock
|move|p1a: Cresselia|Trick Room|p1a: Cresselia
|-fieldstart|move: Trick Room|[of] p1a: Cresselia
|
|upkeep
|turn|12
|-activate|p2a: Slowbro|item: Quick Claw
|
|t:|1641824568
|switch|p1a: Marowak|Marowak-Alola, M|54/100
|-heal|p1a: Marowak|100/100|[from] move: Healing Wish
|move|p2a: Slowbro|Nasty Plot|p2a: Slowbro
|-boost|p2a: Slowbro|spa|2
|
|upkeep
|turn|13
|
|t:|1641824572
|move|p1a: Marowak|Poltergeist|p2a: Slowbro
|-activate|p2a: Slowbro|move: Poltergeist|Quick Claw
|-supereffective|p2a: Slowbro
|-damage|p2a: Slowbro|0 fnt
|faint|p2a: Slowbro
|
|upkeep
|
|t:|1641824574
|switch|p2a: Zapdos|Zapdos|100/100
|turn|14
|
|t:|1641824597
|move|p1a: Marowak|Flare Blitz|p2a: Zapdos
|-damage|p2a: Zapdos|0 fnt
|faint|p2a: Zapdos
|
|upkeep
|
|t:|1641824601
|switch|p2a: Mew|Mew|100/100
|-damage|p2a: Mew|88/100|[from] Stealth Rock
|turn|15
|j| SL21CC Leviathan
|
|t:|1641824610
|move|p1a: Marowak|Flare Blitz|p2a: Mew
|-damage|p2a: Mew|0 fnt
|faint|p2a: Mew
|
|win|SL21CC KFC嫩牛五方
|raw|SL21CC KFC嫩牛五方's rating: 1283 &rarr; <strong>1297</strong><br />(+14 for winning)
|raw|solitary dream's rating: 1242 &rarr; <strong>1227</strong><br />(-15 for losing)
|l|☆solitary dream
|j| sl21cckhl
|l| sl21cckhl
|l| SL21CC 东方不败
|l| jiokopg_fkok43
|l| SL21CC tangkeke
|l|☆SL21CC KFC嫩牛五方
|l| SL22CC 蜜雪冰城
