|raw|<div class="broadcast-blue"><strong>This battle is required to be public due to a player having a name starting with 'sl21cc'.</div>
|j|☆SL21CC Crawdaunt
|j|☆SL21CC Leviathan
|t:|1641814986
|gametype|singles
|player|p1|SL21CC Crawdaunt|102|1184
|player|p2|SL21CC Leviathan|guitarist|1253
|teamsize|p1|6
|teamsize|p2|6
|gen|8
|tier|[Gen 8] OU
|rated|
|rule|Sleep Clause Mod: Limit one foe put to sleep
|rule|Species Clause: Limit one of each Pokémon
|rule|OHKO Clause: OHKO moves are banned
|rule|Evasion Moves Clause: Evasion moves are banned
|rule|Endless Battle Clause: Forcing endless battles is banned
|rule|HP Percentage Mod: HP is shown in percentages
|rule|Dynamax Clause: You cannot dynamax
|clearpoke
|poke|p1|Crawdaunt, F|
|poke|p1|Zapdos|
|poke|p1|Pelipper, M|
|poke|p1|Swampert, M|
|poke|p1|Omastar, F|
|poke|p1|Ferrothorn, F|
|poke|p2|Blacephalon|
|poke|p2|Ferrothorn, M|
|poke|p2|Landorus-Therian, M|
|poke|p2|Tapu Fini|
|poke|p2|Tapu Lele|
|poke|p2|Tyranitar, M|
|teampreview
|j| adreamew
|j| sl21cc vogut
|j| suicidu
|j| Water gh0st
|inactive|Battle timer is ON: inactive players will automatically lose when time's up. (requested by SL21CC Crawdaunt)
|
|t:|1641815078
|start
|switch|p1a: Zapdos|Zapdos|100/100
|switch|p2a: Tapu Fini|Tapu Fini|100/100
|-fieldstart|move: Misty Terrain|[from] ability: Misty Surge|[of] p2a: Tapu Fini
|-ability|p1a: Zapdos|Pressure
|turn|1
|
|t:|1641815092
|switch|p1a: Swampert|Swampert, M|100/100
|move|p2a: Tapu Fini|Trick|p1a: Swampert
|-activate|p2a: Tapu Fini|move: Trick|[of] p1a: Swampert
|-item|p1a: Swampert|Choice Scarf|[from] move: Trick
|-item|p2a: Tapu Fini|Leftovers|[from] move: Trick
|
|upkeep
|turn|2
|
|t:|1641815099
|move|p2a: Tapu Fini|Moonblast|p1a: Swampert
|-damage|p1a: Swampert|75/100
|-unboost|p1a: Swampert|spa|1
|move|p1a: Swampert|Flip Turn|p2a: Tapu Fini
|-resisted|p2a: Tapu Fini
|-damage|p2a: Tapu Fini|90/100
|
|t:|1641815106
|switch|p1a: Ferrothorn|Ferrothorn, F|100/100|[from]move: Flip Turn
|
|-heal|p2a: Tapu Fini|97/100|[from] item: Leftovers
|upkeep
|turn|3
|
|t:|1641815113
|switch|p2a: Landorus|Landorus-Therian, M|100/100
|-ability|p2a: Landorus|Intimidate|boost
|-unboost|p1a: Ferrothorn|atk|1
|move|p1a: Ferrothorn|Leech Seed|p2a: Landorus|[miss]
|-miss|p1a: Ferrothorn|p2a: Landorus
|
|upkeep
|turn|4
|l| suicidu
|
|t:|1641815120
|move|p2a: Landorus|Stealth Rock|p1a: Ferrothorn
|-sidestart|p1: SL21CC Crawdaunt|move: Stealth Rock
|move|p1a: Ferrothorn|Leech Seed|p2a: Landorus
|-start|p2a: Landorus|move: Leech Seed
|
|-damage|p2a: Landorus|88/100|[from] Leech Seed|[of] p1a: Ferrothorn
|upkeep
|turn|5
|
|t:|1641815130
|switch|p2a: Blacephalon|Blacephalon|100/100
|switch|p1a: Zapdos|Zapdos|100/100
|-ability|p1a: Zapdos|Pressure
|
|-fieldend|Misty Terrain
|upkeep
|turn|6
|
|t:|1641815155
|move|p2a: Blacephalon|Flamethrower|p1a: Zapdos
|-damage|p1a: Zapdos|49/100
|move|p1a: Zapdos|Defog|p2a: Blacephalon
|-unboost|p2a: Blacephalon|evasion|1
|-sideend|p1: SL21CC Crawdaunt|Stealth Rock|[from] move: Defog|[of] p1a: Zapdos
|
|upkeep
|turn|7
|
|t:|1641815162
|switch|p1a: Swampert|Swampert, M|75/100
|move|p2a: Blacephalon|Shadow Ball|p1a: Swampert
|-damage|p1a: Swampert|46/100
|
|upkeep
|turn|8
|j| rffydsdhh
|l| rffydsdhh
|
|t:|1641815179
|switch|p2a: Ferrothorn|Ferrothorn, M|100/100
|move|p1a: Swampert|Flip Turn|p2a: Ferrothorn
|-resisted|p2a: Ferrothorn
|-damage|p2a: Ferrothorn|93/100
|-damage|p1a: Swampert|33/100|[from] ability: Iron Barbs|[of] p2a: Ferrothorn
|-damage|p1a: Swampert|17/100|[from] item: Rocky Helmet|[of] p2a: Ferrothorn
|
|t:|1641815190
|switch|p1a: Crawdaunt|Crawdaunt, F|100/100|[from]move: Flip Turn
|
|upkeep
|turn|9
|
|t:|1641815203
|switch|p2a: Tapu Fini|Tapu Fini|97/100
|-fieldstart|move: Misty Terrain|[from] ability: Misty Surge|[of] p2a: Tapu Fini
|move|p1a: Crawdaunt|Knock Off|p2a: Tapu Fini
|-resisted|p2a: Tapu Fini
|-damage|p2a: Tapu Fini|52/100
|-enditem|p2a: Tapu Fini|Leftovers|[from] move: Knock Off|[of] p1a: Crawdaunt
|
|upkeep
|turn|10
|
|t:|1641815214
|switch|p1a: Ferrothorn|Ferrothorn, F|100/100
|move|p2a: Tapu Fini|Trick|p1a: Ferrothorn
|-activate|p2a: Tapu Fini|move: Trick|[of] p1a: Ferrothorn
|-enditem|p1a: Ferrothorn|Rocky Helmet|[silent]|[from] move: Trick
|-item|p2a: Tapu Fini|Rocky Helmet|[from] move: Trick
|
|upkeep
|turn|11
|j| WAVE555
|
|t:|1641815229
|switch|p2a: Blacephalon|Blacephalon|100/100
|switch|p1a: Crawdaunt|Crawdaunt, F|100/100
|
|upkeep
|turn|12
|l| sl21cc vogut
|
|t:|1641815243
|switch|p2a: Ferrothorn|Ferrothorn, M|93/100
|move|p1a: Crawdaunt|Knock Off|p2a: Ferrothorn
|-damage|p2a: Ferrothorn|29/100
|-damage|p1a: Crawdaunt|88/100|[from] ability: Iron Barbs|[of] p2a: Ferrothorn
|-damage|p1a: Crawdaunt|72/100|[from] item: Rocky Helmet|[of] p2a: Ferrothorn
|-enditem|p2a: Ferrothorn|Rocky Helmet|[from] move: Knock Off|[of] p1a: Crawdaunt
|
|upkeep
|turn|13
|
|t:|1641815252
|move|p1a: Crawdaunt|Knock Off|p2a: Ferrothorn
|-damage|p2a: Ferrothorn|0 fnt
|-damage|p1a: Crawdaunt|59/100|[from] ability: Iron Barbs|[of] p2a: Ferrothorn
|faint|p2a: Ferrothorn
|
|-fieldend|Misty Terrain
|upkeep
|
|t:|1641815257
|switch|p2a: Tapu Lele|Tapu Lele|100/100
|-fieldstart|move: Psychic Terrain|[from] ability: Psychic Surge|[of] p2a: Tapu Lele
|turn|14
|
|t:|1641815265
|switch|p2a: Blacephalon|Blacephalon|100/100
|switch|p1a: Swampert|Swampert, M|17/100
|
|upkeep
|turn|15
|
|t:|1641815272
|move|p2a: Blacephalon|Shadow Ball|p1a: Swampert
|-damage|p1a: Swampert|0 fnt
|faint|p1a: Swampert
|-ability|p2a: Blacephalon|Beast Boost|boost
|-boost|p2a: Blacephalon|spa|1
|
|upkeep
|
|t:|1641815279
|switch|p1a: Pelipper|Pelipper, M|100/100
|-weather|RainDance|[from] ability: Drizzle|[of] p1a: Pelipper
|turn|16
|
|t:|1641815293
|move|p2a: Blacephalon|Shadow Ball|p1a: Pelipper
|-damage|p1a: Pelipper|0 fnt
|faint|p1a: Pelipper
|-ability|p2a: Blacephalon|Beast Boost|boost
|-boost|p2a: Blacephalon|spa|1
|
|-weather|RainDance|[upkeep]
|upkeep
|
|t:|1641815313
|switch|p1a: Omastar|Omastar, F|100/100
|turn|17
|inactive|SL21CC Leviathan has 120 seconds left.
|inactive|SL21CC Leviathan has 90 seconds left.
|
|t:|1641815377
|switch|p1a: Ferrothorn|Ferrothorn, F|100/100
|move|p2a: Blacephalon|Shadow Ball|p1a: Ferrothorn
|-damage|p1a: Ferrothorn|18/100
|
|-weather|RainDance|[upkeep]
|upkeep
|turn|18
|
|t:|1641815386
|move|p2a: Blacephalon|Shadow Ball|p1a: Ferrothorn
|-damage|p1a: Ferrothorn|0 fnt
|faint|p1a: Ferrothorn
|-ability|p2a: Blacephalon|Beast Boost|boost
|-boost|p2a: Blacephalon|spa|1
|
|-weather|RainDance|[upkeep]
|-fieldend|move: Psychic Terrain
|upkeep
|
|t:|1641815395
|switch|p1a: Crawdaunt|Crawdaunt, F|59/100
|turn|19
|inactive|SL21CC Leviathan has 90 seconds left.
|inactive|SL21CC Leviathan has 60 seconds left.
|inactive|SL21CC Leviathan has 30 seconds left.
|inactive|SL21CC Leviathan has 20 seconds left.
|inactive|SL21CC Leviathan has 15 seconds left.
|inactive|SL21CC Leviathan has 10 seconds left.
|inactive|SL21CC Leviathan has 5 seconds left.
|-message|SL21CC Leviathan lost due to inactivity.
|
|win|SL21CC Crawdaunt
|raw|SL21CC Crawdaunt's rating: 1184 &rarr; <strong>1216</strong><br />(+32 for winning)
|raw|SL21CC Leviathan's rating: 1253 &rarr; <strong>1234</strong><br />(-19 for losing)
|l|☆SL21CC Leviathan
|l|☆SL21CC Crawdaunt
