|raw|<div class="broadcast-blue"><strong>This battle is required to be public due to a player having a name starting with 'sl21cc'.</div>
|j|☆SL21CC XIAOBAO
|j|☆chickwayne
|t:|1641809216
|gametype|singles
|player|p1|SL21CC XIAOBAO|marley|1323
|player|p2|chickwayne|chickwayne.gif|1158
|teamsize|p1|6
|teamsize|p2|6
|gen|8
|tier|[Gen 8] OU
|rated|
|rule|Sleep Clause Mod: Limit one foe put to sleep
|rule|Species Clause: Limit one of each Pokémon
|rule|OHKO Clause: OHKO moves are banned
|rule|Evasion Moves Clause: Evasion moves are banned
|rule|Endless Battle Clause: Forcing endless battles is banned
|rule|HP Percentage Mod: HP is shown in percentages
|rule|Dynamax Clause: You cannot dynamax
|clearpoke
|poke|p1|Reuniclus, M|
|poke|p1|Hippowdon, M|
|poke|p1|Excadrill, M|
|poke|p1|Tangrowth, M|
|poke|p1|Corviknight, M|
|poke|p1|Toxapex, M|
|poke|p2|Glastrier|
|poke|p2|Kartana|
|poke|p2|Dragonite, F|
|poke|p2|Landorus-Therian, M|
|poke|p2|Tapu Fini|
|poke|p2|Dragapult, M|
|teampreview
|inactive|Battle timer is ON: inactive players will automatically lose when time's up. (requested by SL21CC XIAOBAO)
|j| SL22CC 蜜雪冰城
|j| Water gh0st
|j|♚chengduoldsuperbro
|j| SL21CCC徐坤
|c|☆SL21CC XIAOBAO|gl gl
|j| sl21cc vogut
|inactive|chickwayne has 120 seconds left.
|j| jiokopg_fkok43
|
|t:|1641809257
|start
|switch|p1a: Toxapex|Toxapex, M, shiny|100/100
|switch|p2a: Tapu Fini|Tapu Fini|100/100
|-fieldstart|move: Misty Terrain|[from] ability: Misty Surge|[of] p2a: Tapu Fini
|turn|1
|j| SL21CC interest
|
|t:|1641809262
|switch|p1a: Excadrill|Excadrill, M, shiny|100/100
|move|p2a: Tapu Fini|Trick|p1a: Excadrill
|-activate|p2a: Tapu Fini|move: Trick|[of] p1a: Excadrill
|-item|p1a: Excadrill|Choice Scarf|[from] move: Trick
|-item|p2a: Tapu Fini|Leftovers|[from] move: Trick
|
|upkeep
|turn|2
|
|t:|1641809270
|switch|p2a: Landorus|Landorus-Therian, M|100/100
|-ability|p2a: Landorus|Intimidate|boost
|-unboost|p1a: Excadrill|atk|1
|move|p1a: Excadrill|Iron Head|p2a: Landorus
|-damage|p2a: Landorus|68/100
|
|upkeep
|turn|3
|
|t:|1641809277
|move|p1a: Excadrill|Iron Head|p2a: Landorus
|-damage|p2a: Landorus|36/100
|move|p2a: Landorus|U-turn|p1a: Excadrill
|-resisted|p1a: Excadrill
|-crit|p1a: Excadrill
|-damage|p1a: Excadrill|69/100
|j| SL21CC Leviathan
|
|t:|1641809283
|switch|p2a: Kartana|Kartana|100/100|[from]move: U-turn
|
|upkeep
|turn|4
|
|t:|1641809287
|switch|p1a: Tangrowth|Tangrowth, M, shiny|100/100
|move|p2a: Kartana|Knock Off|p1a: Tangrowth
|-damage|p1a: Tangrowth|78/100
|-damage|p2a: Kartana|84/100|[from] item: Rocky Helmet|[of] p1a: Tangrowth
|-enditem|p1a: Tangrowth|Rocky Helmet|[from] move: Knock Off|[of] p2a: Kartana
|-damage|p2a: Kartana|74/100|[from] item: Life Orb
|
|upkeep
|turn|5
|
|t:|1641809296
|switch|p2a: Glastrier|Glastrier|100/100
|move|p1a: Tangrowth|Giga Drain|p2a: Glastrier
|-crit|p2a: Glastrier
|-damage|p2a: Glastrier|66/100
|-heal|p1a: Tangrowth|95/100|[from] drain|[of] p2a: Glastrier
|
|-fieldend|Misty Terrain
|upkeep
|turn|6
|
|t:|1641809301
|switch|p1a: Toxapex|Toxapex, M, shiny|100/100
|move|p2a: Glastrier|Swords Dance|p2a: Glastrier
|-boost|p2a: Glastrier|atk|2
|
|upkeep
|turn|7
|
|t:|1641809305
|move|p2a: Glastrier|High Horsepower|p1a: Toxapex
|-supereffective|p1a: Toxapex
|-damage|p1a: Toxapex|11/100
|-damage|p2a: Glastrier|49/100|[from] item: Rocky Helmet|[of] p1a: Toxapex
|move|p1a: Toxapex|Haze|p1a: Toxapex
|-clearallboost
|
|upkeep
|turn|8
|
|t:|1641809313
|switch|p1a: Excadrill|Excadrill, M, shiny|69/100
|move|p2a: Glastrier|Swords Dance|p2a: Glastrier
|-boost|p2a: Glastrier|atk|2
|
|upkeep
|turn|9
|
|t:|1641809320
|switch|p2a: Tapu Fini|Tapu Fini|100/100
|-fieldstart|move: Misty Terrain|[from] ability: Misty Surge|[of] p2a: Tapu Fini
|move|p1a: Excadrill|Iron Head|p2a: Tapu Fini
|-damage|p2a: Tapu Fini|65/100
|
|-heal|p2a: Tapu Fini|71/100|[from] item: Leftovers
|upkeep
|turn|10
|
|t:|1641809323
|move|p1a: Excadrill|Iron Head|p2a: Tapu Fini
|-damage|p2a: Tapu Fini|31/100
|move|p2a: Tapu Fini|Calm Mind|p2a: Tapu Fini
|-boost|p2a: Tapu Fini|spa|1
|-boost|p2a: Tapu Fini|spd|1
|
|-heal|p2a: Tapu Fini|37/100|[from] item: Leftovers
|upkeep
|turn|11
|
|t:|1641809328
|switch|p2a: Landorus|Landorus-Therian, M|36/100
|-ability|p2a: Landorus|Intimidate|boost
|-unboost|p1a: Excadrill|atk|1
|move|p1a: Excadrill|Iron Head|p2a: Landorus
|-damage|p2a: Landorus|5/100
|
|upkeep
|turn|12
|
|t:|1641809331
|switch|p2a: Kartana|Kartana|74/100
|move|p1a: Excadrill|Iron Head|p2a: Kartana
|-resisted|p2a: Kartana
|-damage|p2a: Kartana|61/100
|
|upkeep
|turn|13
|
|t:|1641809333
|switch|p1a: Tangrowth|Tangrowth, M, shiny|100/100
|switch|p2a: Dragapult|Dragapult, M|100/100
|
|-fieldend|Misty Terrain
|upkeep
|turn|14
|
|t:|1641809337
|switch|p1a: Hippowdon|Hippowdon, M, shiny|100/100
|-weather|Sandstorm|[from] ability: Sand Stream|[of] p1a: Hippowdon
|move|p2a: Dragapult|Shadow Ball|p1a: Hippowdon
|-damage|p1a: Hippowdon|57/100
|-unboost|p1a: Hippowdon|spd|1
|
|-weather|Sandstorm|[upkeep]
|-damage|p2a: Dragapult|95/100|[from] Sandstorm
|upkeep
|turn|15
|
|t:|1641809343
|switch|p1a: Corviknight|Corviknight, M, shiny|100/100
|-ability|p1a: Corviknight|Pressure
|move|p2a: Dragapult|Shadow Ball|p1a: Corviknight
|-damage|p1a: Corviknight|64/100
|
|-weather|Sandstorm|[upkeep]
|-damage|p2a: Dragapult|89/100|[from] Sandstorm
|-heal|p1a: Corviknight|70/100|[from] item: Leftovers
|upkeep
|turn|16
|
|t:|1641809349
|move|p2a: Dragapult|Shadow Ball|p1a: Corviknight
|-damage|p1a: Corviknight|32/100
|-unboost|p1a: Corviknight|spd|1
|move|p1a: Corviknight|Roost|p1a: Corviknight
|-heal|p1a: Corviknight|82/100
|-singleturn|p1a: Corviknight|move: Roost
|
|-weather|Sandstorm|[upkeep]
|-damage|p2a: Dragapult|83/100|[from] Sandstorm
|-heal|p1a: Corviknight|88/100|[from] item: Leftovers
|upkeep
|turn|17
|
|t:|1641809353
|move|p2a: Dragapult|Shadow Ball|p1a: Corviknight
|-damage|p1a: Corviknight|32/100
|-unboost|p1a: Corviknight|spd|1
|move|p1a: Corviknight|Roost|p1a: Corviknight
|-heal|p1a: Corviknight|82/100
|-singleturn|p1a: Corviknight|move: Roost
|
|-weather|Sandstorm|[upkeep]
|-damage|p2a: Dragapult|77/100|[from] Sandstorm
|-heal|p1a: Corviknight|88/100|[from] item: Leftovers
|upkeep
|turn|18
|
|t:|1641809359
|switch|p1a: Excadrill|Excadrill, M, shiny|69/100
|move|p2a: Dragapult|Shadow Ball|p1a: Excadrill
|-damage|p1a: Excadrill|0 fnt
|faint|p1a: Excadrill
|
|-weather|Sandstorm|[upkeep]
|-damage|p2a: Dragapult|71/100|[from] Sandstorm
|upkeep
|
|t:|1641809361
|switch|p1a: Hippowdon|Hippowdon, M, shiny|57/100
|turn|19
|
|t:|1641809364
|switch|p2a: Landorus|Landorus-Therian, M|5/100
|-ability|p2a: Landorus|Intimidate|boost
|-unboost|p1a: Hippowdon|atk|1
|move|p1a: Hippowdon|Stealth Rock|p2a: Landorus
|-sidestart|p2: chickwayne|move: Stealth Rock
|
|-weather|Sandstorm|[upkeep]
|upkeep
|turn|20
|
|t:|1641809370
|switch|p1a: Reuniclus|Reuniclus, M, shiny|100/100
|move|p2a: Landorus|U-turn|p1a: Reuniclus
|-supereffective|p1a: Reuniclus
|-crit|p1a: Reuniclus
|-damage|p1a: Reuniclus|10/100
|
|t:|1641809381
|switch|p2a: Dragapult|Dragapult, M|71/100|[from]move: U-turn
|-damage|p2a: Dragapult|58/100|[from] Stealth Rock
|
|-weather|Sandstorm|[upkeep]
|-damage|p2a: Dragapult|52/100|[from] Sandstorm
|-heal|p1a: Reuniclus|17/100|[from] item: Leftovers
|upkeep
|turn|21
|j| LT83AQ Yuki
|
|t:|1641809398
|move|p2a: Dragapult|Shadow Ball|p1a: Reuniclus
|-supereffective|p1a: Reuniclus
|-damage|p1a: Reuniclus|0 fnt
|faint|p1a: Reuniclus
|
|-weather|none
|upkeep
|
|t:|1641809400
|switch|p1a: Corviknight|Corviknight, M, shiny|88/100
|-ability|p1a: Corviknight|Pressure
|turn|22
|
|t:|1641809408
|move|p2a: Dragapult|Shadow Ball|p1a: Corviknight
|-damage|p1a: Corviknight|46/100
|move|p1a: Corviknight|Roost|p1a: Corviknight
|-heal|p1a: Corviknight|96/100
|-singleturn|p1a: Corviknight|move: Roost
|
|-heal|p1a: Corviknight|100/100|[from] item: Leftovers
|upkeep
|turn|23
|
|t:|1641809415
|move|p2a: Dragapult|Shadow Ball|p1a: Corviknight
|-damage|p1a: Corviknight|62/100
|move|p1a: Corviknight|Bulk Up|p1a: Corviknight
|-boost|p1a: Corviknight|atk|1
|-boost|p1a: Corviknight|def|1
|
|-heal|p1a: Corviknight|68/100|[from] item: Leftovers
|upkeep
|turn|24
|
|t:|1641809421
|switch|p2a: Tapu Fini|Tapu Fini|37/100
|-damage|p2a: Tapu Fini|25/100|[from] Stealth Rock
|-fieldstart|move: Misty Terrain|[from] ability: Misty Surge|[of] p2a: Tapu Fini
|move|p1a: Corviknight|Roost|p1a: Corviknight
|-heal|p1a: Corviknight|100/100
|-singleturn|p1a: Corviknight|move: Roost
|
|-heal|p2a: Tapu Fini|31/100|[from] item: Leftovers
|upkeep
|turn|25
|
|t:|1641809426
|move|p2a: Tapu Fini|Calm Mind|p2a: Tapu Fini
|-boost|p2a: Tapu Fini|spa|1
|-boost|p2a: Tapu Fini|spd|1
|move|p1a: Corviknight|Substitute|p1a: Corviknight
|-start|p1a: Corviknight|Substitute
|-damage|p1a: Corviknight|76/100
|
|-heal|p2a: Tapu Fini|37/100|[from] item: Leftovers
|-heal|p1a: Corviknight|82/100|[from] item: Leftovers
|upkeep
|turn|26
|
|t:|1641809429
|move|p2a: Tapu Fini|Calm Mind|p2a: Tapu Fini
|-boost|p2a: Tapu Fini|spa|1
|-boost|p2a: Tapu Fini|spd|1
|move|p1a: Corviknight|Brave Bird|p2a: Tapu Fini
|-damage|p2a: Tapu Fini|0 fnt
|faint|p2a: Tapu Fini
|-damage|p1a: Corviknight|71/100|[from] Recoil
|
|-heal|p1a: Corviknight|77/100|[from] item: Leftovers
|upkeep
|
|t:|1641809434
|switch|p2a: Dragapult|Dragapult, M|52/100
|-damage|p2a: Dragapult|40/100|[from] Stealth Rock
|turn|27
|
|t:|1641809438
|switch|p1a: Toxapex|Toxapex, M, shiny|44/100
|move|p2a: Dragapult|Fire Blast|p1a: Toxapex
|-resisted|p1a: Toxapex
|-damage|p1a: Toxapex|21/100
|
|upkeep
|turn|28
|
|t:|1641809443
|switch|p1a: Hippowdon|Hippowdon, M, shiny|57/100
|-weather|Sandstorm|[from] ability: Sand Stream|[of] p1a: Hippowdon
|move|p2a: Dragapult|Fire Blast|p1a: Hippowdon
|-damage|p1a: Hippowdon|16/100
|
|-weather|Sandstorm|[upkeep]
|-damage|p2a: Dragapult|34/100|[from] Sandstorm
|-fieldend|Misty Terrain
|upkeep
|turn|29
|
|t:|1641809451
|switch|p2a: Landorus|Landorus-Therian, M|5/100
|-damage|p2a: Landorus|0 fnt|[from] Stealth Rock
|faint|p2a: Landorus
|switch|p1a: Toxapex|Toxapex, M, shiny|54/100
|
|-weather|Sandstorm|[upkeep]
|-damage|p1a: Toxapex|48/100|[from] Sandstorm
|upkeep
|
|t:|1641809460
|switch|p2a: Kartana|Kartana|61/100
|-damage|p2a: Kartana|55/100|[from] Stealth Rock
|turn|30
|
|t:|1641809463
|switch|p1a: Tangrowth|Tangrowth, M, shiny|100/100
|move|p2a: Kartana|Swords Dance|p2a: Kartana
|-boost|p2a: Kartana|atk|2
|
|-weather|Sandstorm|[upkeep]
|-damage|p1a: Tangrowth|94/100|[from] Sandstorm
|upkeep
|turn|31
|
|t:|1641809466
|move|p2a: Kartana|Sacred Sword|p1a: Tangrowth
|-damage|p1a: Tangrowth|54/100
|-damage|p2a: Kartana|45/100|[from] item: Life Orb
|move|p1a: Tangrowth|Focus Blast|p2a: Kartana
|-supereffective|p2a: Kartana
|-damage|p2a: Kartana|0 fnt
|faint|p2a: Kartana
|
|-weather|Sandstorm|[upkeep]
|-damage|p1a: Tangrowth|48/100|[from] Sandstorm
|upkeep
|
|t:|1641809478
|switch|p2a: Dragapult|Dragapult, M|34/100
|-damage|p2a: Dragapult|22/100|[from] Stealth Rock
|turn|32
|
|t:|1641809481
|move|p2a: Dragapult|Shadow Ball|p1a: Tangrowth
|-damage|p1a: Tangrowth|0 fnt
|faint|p1a: Tangrowth
|
|-weather|Sandstorm|[upkeep]
|-damage|p2a: Dragapult|16/100|[from] Sandstorm
|upkeep
|
|t:|1641809486
|switch|p1a: Toxapex|Toxapex, M, shiny|81/100
|turn|33
|
|t:|1641809488
|move|p2a: Dragapult|Shadow Ball|p1a: Toxapex
|-damage|p1a: Toxapex|32/100
|move|p1a: Toxapex|Knock Off|p2a: Dragapult
|-supereffective|p2a: Dragapult
|-damage|p2a: Dragapult|0 fnt
|-enditem|p2a: Dragapult|Choice Specs|[from] move: Knock Off|[of] p1a: Toxapex
|faint|p2a: Dragapult
|
|-weather|Sandstorm|[upkeep]
|-damage|p1a: Toxapex|26/100|[from] Sandstorm
|upkeep
|
|t:|1641809490
|switch|p2a: Dragonite|Dragonite, F|100/100
|turn|34
|
|t:|1641809496
|move|p2a: Dragonite|Dragon Dance|p2a: Dragonite
|-boost|p2a: Dragonite|atk|1
|-boost|p2a: Dragonite|spe|1
|move|p1a: Toxapex|Recover|p1a: Toxapex
|-heal|p1a: Toxapex|76/100
|
|-weather|Sandstorm|[upkeep]
|-damage|p2a: Dragonite|94/100|[from] Sandstorm
|-damage|p1a: Toxapex|70/100|[from] Sandstorm
|upkeep
|turn|35
|
|t:|1641809499
|move|p2a: Dragonite|Earthquake|p1a: Toxapex
|-supereffective|p1a: Toxapex
|-damage|p1a: Toxapex|0 fnt
|faint|p1a: Toxapex
|
|-weather|none
|upkeep
|
|t:|1641809503
|switch|p1a: Corviknight|Corviknight, M, shiny|77/100
|-ability|p1a: Corviknight|Pressure
|turn|36
|
|t:|1641809505
|move|p2a: Dragonite|Dragon Dance|p2a: Dragonite
|-boost|p2a: Dragonite|atk|1
|-boost|p2a: Dragonite|spe|1
|move|p1a: Corviknight|Roost|p1a: Corviknight
|-heal|p1a: Corviknight|100/100
|-singleturn|p1a: Corviknight|move: Roost
|
|upkeep
|turn|37
|
|t:|1641809509
|switch|p1a: Hippowdon|Hippowdon, M, shiny|16/100
|-weather|Sandstorm|[from] ability: Sand Stream|[of] p1a: Hippowdon
|move|p2a: Dragonite|Ice Punch|p1a: Hippowdon
|-supereffective|p1a: Hippowdon
|-damage|p1a: Hippowdon|0 fnt
|faint|p1a: Hippowdon
|
|-weather|Sandstorm|[upkeep]
|-damage|p2a: Dragonite|88/100|[from] Sandstorm
|upkeep
|
|t:|1641809511
|switch|p1a: Corviknight|Corviknight, M, shiny|100/100
|-ability|p1a: Corviknight|Pressure
|turn|38
|
|t:|1641809513
|move|p2a: Dragonite|Ice Punch|p1a: Corviknight
|-damage|p1a: Corviknight|53/100
|move|p1a: Corviknight|Bulk Up|p1a: Corviknight
|-boost|p1a: Corviknight|atk|1
|-boost|p1a: Corviknight|def|1
|
|-weather|Sandstorm|[upkeep]
|-damage|p2a: Dragonite|82/100|[from] Sandstorm
|-heal|p1a: Corviknight|59/100|[from] item: Leftovers
|upkeep
|turn|39
|
|t:|1641809516
|move|p2a: Dragonite|Ice Punch|p1a: Corviknight
|-damage|p1a: Corviknight|29/100
|-status|p1a: Corviknight|frz
|cant|p1a: Corviknight|frz
|
|-weather|Sandstorm|[upkeep]
|-damage|p2a: Dragonite|76/100|[from] Sandstorm
|-heal|p1a: Corviknight|35/100 frz|[from] item: Leftovers
|upkeep
|turn|40
|
|t:|1641809520
|move|p2a: Dragonite|Dragon Dance|p2a: Dragonite
|-boost|p2a: Dragonite|atk|1
|-boost|p2a: Dragonite|spe|1
|cant|p1a: Corviknight|frz
|
|-weather|Sandstorm|[upkeep]
|-damage|p2a: Dragonite|70/100|[from] Sandstorm
|-heal|p1a: Corviknight|41/100 frz|[from] item: Leftovers
|upkeep
|turn|41
|
|t:|1641809521
|move|p2a: Dragonite|Ice Punch|p1a: Corviknight
|-damage|p1a: Corviknight|3/100 frz
|cant|p1a: Corviknight|frz
|
|-weather|Sandstorm|[upkeep]
|-damage|p2a: Dragonite|63/100|[from] Sandstorm
|-heal|p1a: Corviknight|9/100 frz|[from] item: Leftovers
|upkeep
|turn|42
|
|t:|1641809525
|move|p2a: Dragonite|Ice Punch|p1a: Corviknight
|-damage|p1a: Corviknight|0 fnt
|faint|p1a: Corviknight
|
|win|chickwayne
|raw|SL21CC XIAOBAO's rating: 1323 &rarr; <strong>1300</strong><br />(-23 for losing)
|raw|chickwayne's rating: 1158 &rarr; <strong>1200</strong><br />(+42 for winning)
|c|☆SL21CC XIAOBAO|:(
|c|☆SL21CC XIAOBAO|gg
|l|☆SL21CC XIAOBAO
|c|☆chickwayne|sry
|c|☆chickwayne|mt
|l| SL21CC Leviathan
|l| SL21CCC徐坤
|l|♚chengduoldsuperbro
|l| LT83AQ Yuki
|l| sl21cc vogut
|l| Water gh0st
|l| jiokopg_fkok43
|j| tivid brenked
|l|☆chickwayne
|l| tivid brenked
|l| SL22CC 蜜雪冰城
