|raw|<div class="broadcast-blue"><strong>This battle is required to be public due to a player having a name starting with 'sl21cc'.</div>
|j|☆SL21CC Winona
|j|☆SL21CC91影先生
|t:|1641741648
|gametype|singles
|player|p1|SL21CC Winona|winona|1325
|player|p2|SL21CC91影先生|acetrainer-gen4dp|1375
|teamsize|p1|6
|teamsize|p2|6
|gen|8
|tier|[Gen 8] OU
|rated|
|rule|Sleep Clause Mod: Limit one foe put to sleep
|rule|Species Clause: Limit one of each Pokémon
|rule|OHKO Clause: OHKO moves are banned
|rule|Evasion Moves Clause: Evasion moves are banned
|rule|Endless Battle Clause: Forcing endless battles is banned
|rule|HP Percentage Mod: HP is shown in percentages
|rule|Dynamax Clause: You cannot dynamax
|clearpoke
|poke|p1|Zapdos|
|poke|p1|Urshifu-*, F|
|poke|p1|Weavile, F|
|poke|p1|Slowking, F|
|poke|p1|Ferrothorn, M|
|poke|p1|Landorus-Therian, M|
|poke|p2|Hippowdon, F|
|poke|p2|Slowking, M|
|poke|p2|Clefable, F|
|poke|p2|Ferrothorn, M|
|poke|p2|Tornadus-Therian, M|
|poke|p2|Volcarona, M|
|teampreview
|inactive|Battle timer is ON: inactive players will automatically lose when time's up. (requested by SL21CC Winona)
|c|☆SL21CC91影先生|🐳！
|j| eastnovel
|c|☆SL21CC Winona|疲惫
|inactive|SL21CC Winona has 120 seconds left.
|
|t:|1641741687
|start
|switch|p1a: Landorus|Landorus-Therian, M|100/100
|switch|p2a: Tornadus|Tornadus-Therian, M|100/100
|-ability|p1a: Landorus|Intimidate|boost
|-unboost|p2a: Tornadus|atk|1
|turn|1
|
|t:|1641741694
|switch|p1a: Zapdos|Zapdos|100/100
|move|p2a: Tornadus|Knock Off|p1a: Zapdos
|-damage|p1a: Zapdos|83/100
|-enditem|p1a: Zapdos|Heavy-Duty Boots|[from] move: Knock Off|[of] p2a: Tornadus
|
|upkeep
|turn|2
|
|t:|1641741701
|switch|p2a: Hippowdon|Hippowdon, F, shiny|100/100
|-weather|Sandstorm|[from] ability: Sand Stream|[of] p2a: Hippowdon
|move|p1a: Zapdos|Hurricane|p2a: Hippowdon
|-damage|p2a: Hippowdon|57/100
|-start|p2a: Hippowdon|confusion
|
|-weather|Sandstorm|[upkeep]
|-damage|p1a: Zapdos|77/100|[from] Sandstorm
|-heal|p2a: Hippowdon|63/100|[from] item: Leftovers
|upkeep
|turn|3
|
|t:|1641741712
|switch|p1a: Slowking|Slowking, F|100/100
|-activate|p2a: Hippowdon|confusion
|move|p2a: Hippowdon|Slack Off|p2a: Hippowdon
|-heal|p2a: Hippowdon|100/100
|
|-weather|Sandstorm|[upkeep]
|-damage|p1a: Slowking|94/100|[from] Sandstorm
|upkeep
|turn|4
|j| 15184697ing
|
|t:|1641741722
|switch|p2a: Tornadus|Tornadus-Therian, M|100/100
|move|p1a: Slowking|Scald|p2a: Tornadus
|-damage|p2a: Tornadus|69/100
|
|-weather|Sandstorm|[upkeep]
|-damage|p2a: Tornadus|63/100|[from] Sandstorm
|-damage|p1a: Slowking|88/100|[from] Sandstorm
|upkeep
|turn|5
|
|t:|1641741726
|switch|p1a: Zapdos|Zapdos|77/100
|move|p2a: Tornadus|Knock Off|p1a: Zapdos
|-damage|p1a: Zapdos|61/100
|-status|p2a: Tornadus|par|[from] ability: Static|[of] p1a: Zapdos
|
|-weather|Sandstorm|[upkeep]
|-damage|p1a: Zapdos|54/100|[from] Sandstorm
|-damage|p2a: Tornadus|57/100 par|[from] Sandstorm
|upkeep
|turn|6
|
|t:|1641741730
|switch|p2a: Hippowdon|Hippowdon, F, shiny|100/100
|move|p1a: Zapdos|Roost|p1a: Zapdos
|-heal|p1a: Zapdos|100/100
|-singleturn|p1a: Zapdos|move: Roost
|
|-weather|none
|upkeep
|turn|7
|j| adreamew
|
|t:|1641741738
|switch|p1a: Ferrothorn|Ferrothorn, M|100/100
|move|p2a: Hippowdon|Stealth Rock|p1a: Ferrothorn
|-sidestart|p1: SL21CC Winona|move: Stealth Rock
|
|upkeep
|turn|8
|
|t:|1641741747
|switch|p2a: Volcarona|Volcarona, M|100/100
|move|p1a: Ferrothorn|Stealth Rock|p2a: Volcarona
|-sidestart|p2: SL21CC91影先生|move: Stealth Rock
|
|upkeep
|turn|9
|j|♚The Steel Shadow
|j| jingtianlangtaosha
|
|t:|1641741755
|switch|p1a: Landorus|Landorus-Therian, M|100/100
|-damage|p1a: Landorus|88/100|[from] Stealth Rock
|-ability|p1a: Landorus|Intimidate|boost
|-unboost|p2a: Volcarona|atk|1
|move|p2a: Volcarona|Flamethrower|p1a: Landorus
|-damage|p1a: Landorus|58/100
|
|-heal|p1a: Landorus|64/100|[from] item: Leftovers
|upkeep
|turn|10
|
|t:|1641741761
|switch|p2a: Tornadus|Tornadus-Therian, M|90/100 par
|move|p1a: Landorus|Earthquake|p2a: Tornadus
|-immune|p2a: Tornadus
|
|-heal|p1a: Landorus|70/100|[from] item: Leftovers
|upkeep
|turn|11
|
|t:|1641741768
|move|p1a: Landorus|U-turn|p2a: Tornadus
|-resisted|p2a: Tornadus
|-damage|p2a: Tornadus|76/100 par
|
|t:|1641741776
|switch|p1a: Zapdos|Zapdos|100/100|[from]move: U-turn
|-damage|p1a: Zapdos|76/100|[from] Stealth Rock
|move|p2a: Tornadus|Knock Off|p1a: Zapdos
|-damage|p1a: Zapdos|58/100
|
|upkeep
|turn|12
|
|t:|1641741782
|switch|p2a: Slowking|Slowking, M|100/100
|move|p1a: Zapdos|Roost|p1a: Zapdos
|-heal|p1a: Zapdos|100/100
|-singleturn|p1a: Zapdos|move: Roost
|
|upkeep
|turn|13
|j|+dragonitenb
|
|t:|1641741792
|switch|p1a: Weavile|Weavile, F|100/100
|switch|p2a: Hippowdon|Hippowdon, F, shiny|100/100
|-damage|p2a: Hippowdon|94/100|[from] Stealth Rock
|-weather|Sandstorm|[from] ability: Sand Stream|[of] p2a: Hippowdon
|
|-weather|Sandstorm|[upkeep]
|-damage|p1a: Weavile|94/100|[from] Sandstorm
|-heal|p2a: Hippowdon|100/100|[from] item: Leftovers
|upkeep
|turn|14
|
|t:|1641741801
|switch|p1a: Ferrothorn|Ferrothorn, M|100/100
|-damage|p1a: Ferrothorn|94/100|[from] Stealth Rock
|switch|p2a: Ferrothorn|Ferrothorn, M|100/100
|-damage|p2a: Ferrothorn|94/100|[from] Stealth Rock
|
|-weather|Sandstorm|[upkeep]
|-heal|p2a: Ferrothorn|100/100|[from] item: Leftovers
|-heal|p1a: Ferrothorn|100/100|[from] item: Leftovers
|upkeep
|turn|15
|
|t:|1641741812
|move|p2a: Ferrothorn|Knock Off|p1a: Ferrothorn
|-damage|p1a: Ferrothorn|87/100
|-damage|p2a: Ferrothorn|88/100|[from] ability: Iron Barbs|[of] p1a: Ferrothorn
|-enditem|p1a: Ferrothorn|Leftovers|[from] move: Knock Off|[of] p2a: Ferrothorn
|move|p1a: Ferrothorn|Knock Off|p2a: Ferrothorn
|-damage|p2a: Ferrothorn|76/100
|-damage|p1a: Ferrothorn|75/100|[from] ability: Iron Barbs|[of] p2a: Ferrothorn
|-enditem|p2a: Ferrothorn|Leftovers|[from] move: Knock Off|[of] p1a: Ferrothorn
|
|-weather|Sandstorm|[upkeep]
|upkeep
|turn|16
|
|t:|1641741830
|switch|p1a: Zapdos|Zapdos|100/100
|-damage|p1a: Zapdos|76/100|[from] Stealth Rock
|move|p2a: Ferrothorn|Spikes|p1a: Zapdos
|-sidestart|p1: SL21CC Winona|Spikes
|
|-weather|Sandstorm|[upkeep]
|-damage|p1a: Zapdos|69/100|[from] Sandstorm
|upkeep
|turn|17
|
|t:|1641741839
|switch|p1a: Landorus|Landorus-Therian, M|70/100
|-damage|p1a: Landorus|57/100|[from] Stealth Rock
|-ability|p1a: Landorus|Intimidate|boost
|-unboost|p2a: Ferrothorn|atk|1
|switch|p2a: Hippowdon|Hippowdon, F, shiny|100/100
|-damage|p2a: Hippowdon|94/100|[from] Stealth Rock
|
|-weather|none
|-heal|p1a: Landorus|63/100|[from] item: Leftovers
|-heal|p2a: Hippowdon|100/100|[from] item: Leftovers
|upkeep
|turn|18
|
|t:|1641741845
|switch|p2a: Tornadus|Tornadus-Therian, M|100/100 par
|move|p1a: Landorus|Toxic||[still]
|-fail|p1a: Landorus
|
|-heal|p1a: Landorus|69/100|[from] item: Leftovers
|upkeep
|turn|19
|l| eastnovel
|
|t:|1641741854
|move|p1a: Landorus|Defog|p2a: Tornadus
|-unboost|p2a: Tornadus|evasion|1
|-sideend|p2: SL21CC91影先生|Stealth Rock|[from] move: Defog|[of] p1a: Landorus
|-sideend|p1: SL21CC Winona|Spikes|[from] move: Defog|[of] p1a: Landorus
|-sideend|p1: SL21CC Winona|Stealth Rock|[from] move: Defog|[of] p1a: Landorus
|cant|p2a: Tornadus|par
|
|-heal|p1a: Landorus|75/100|[from] item: Leftovers
|upkeep
|turn|20
|
|t:|1641741859
|move|p1a: Landorus|U-turn|p2a: Tornadus
|-resisted|p2a: Tornadus
|-damage|p2a: Tornadus|87/100 par
|
|t:|1641741864
|switch|p1a: Zapdos|Zapdos|69/100|[from]move: U-turn
|cant|p2a: Tornadus|par
|
|upkeep
|turn|21
|
|t:|1641741869
|switch|p1a: Urshifu|Urshifu-Rapid-Strike, F|100/100
|switch|p2a: Hippowdon|Hippowdon, F, shiny|100/100
|-weather|Sandstorm|[from] ability: Sand Stream|[of] p2a: Hippowdon
|
|-weather|Sandstorm|[upkeep]
|-damage|p1a: Urshifu|94/100|[from] Sandstorm
|upkeep
|turn|22
|
|t:|1641741879
|switch|p2a: Ferrothorn|Ferrothorn, M|76/100
|move|p1a: Urshifu|Surging Strikes|p2a: Ferrothorn
|-resisted|p2a: Ferrothorn
|-crit|p2a: Ferrothorn
|-damage|p2a: Ferrothorn|67/100
|-damage|p1a: Urshifu|82/100|[from] ability: Iron Barbs|[of] p2a: Ferrothorn
|-resisted|p2a: Ferrothorn
|-crit|p2a: Ferrothorn
|-damage|p2a: Ferrothorn|58/100
|-damage|p1a: Urshifu|70/100|[from] ability: Iron Barbs|[of] p2a: Ferrothorn
|-resisted|p2a: Ferrothorn
|-crit|p2a: Ferrothorn
|-damage|p2a: Ferrothorn|50/100
|-damage|p1a: Urshifu|57/100|[from] ability: Iron Barbs|[of] p2a: Ferrothorn
|-hitcount|p2a: Ferrothorn|3
|
|-weather|Sandstorm|[upkeep]
|-damage|p1a: Urshifu|51/100|[from] Sandstorm
|upkeep
|turn|23
|
|t:|1641741885
|switch|p1a: Zapdos|Zapdos|69/100
|move|p2a: Ferrothorn|Leech Seed|p1a: Zapdos
|-start|p1a: Zapdos|move: Leech Seed
|
|-weather|Sandstorm|[upkeep]
|-damage|p1a: Zapdos|63/100|[from] Sandstorm
|-damage|p1a: Zapdos|51/100|[from] Leech Seed|[of] p2a: Ferrothorn
|-heal|p2a: Ferrothorn|61/100|[silent]
|upkeep
|turn|24
|
|t:|1641741891
|switch|p2a: Hippowdon|Hippowdon, F, shiny|100/100
|move|p1a: Zapdos|Heat Wave|p2a: Hippowdon|[miss]
|-miss|p1a: Zapdos|p2a: Hippowdon
|
|-weather|Sandstorm|[upkeep]
|-damage|p1a: Zapdos|44/100|[from] Sandstorm
|-damage|p1a: Zapdos|32/100|[from] Leech Seed|[of] p2a: Hippowdon
|upkeep
|turn|25
|
|t:|1641741894
|switch|p1a: Urshifu|Urshifu-Rapid-Strike, F|51/100
|move|p2a: Hippowdon|Stealth Rock|p1a: Urshifu
|-sidestart|p1: SL21CC Winona|move: Stealth Rock
|
|-weather|none
|upkeep
|turn|26
|
|t:|1641741903
|switch|p2a: Ferrothorn|Ferrothorn, M|61/100
|move|p1a: Urshifu|U-turn|p2a: Ferrothorn
|-damage|p2a: Ferrothorn|39/100
|-damage|p1a: Urshifu|39/100|[from] ability: Iron Barbs|[of] p2a: Ferrothorn
|
|t:|1641741910
|switch|p1a: Landorus|Landorus-Therian, M|75/100|[from]move: U-turn
|-damage|p1a: Landorus|63/100|[from] Stealth Rock
|-ability|p1a: Landorus|Intimidate|boost
|-unboost|p2a: Ferrothorn|atk|1
|
|-heal|p1a: Landorus|69/100|[from] item: Leftovers
|upkeep
|turn|27
|
|t:|1641741912
|move|p1a: Landorus|Earthquake|p2a: Ferrothorn
|-damage|p2a: Ferrothorn|11/100
|move|p2a: Ferrothorn|Leech Seed|p1a: Landorus
|-start|p1a: Landorus|move: Leech Seed
|
|-heal|p1a: Landorus|75/100|[from] item: Leftovers
|-damage|p1a: Landorus|63/100|[from] Leech Seed|[of] p2a: Ferrothorn
|-heal|p2a: Ferrothorn|25/100|[silent]
|upkeep
|turn|28
|
|t:|1641741918
|move|p1a: Landorus|U-turn|p2a: Ferrothorn
|-damage|p2a: Ferrothorn|12/100
|-damage|p1a: Landorus|50/100|[from] ability: Iron Barbs|[of] p2a: Ferrothorn
|
|t:|1641741926
|switch|p1a: Ferrothorn|Ferrothorn, M|75/100|[from]move: U-turn
|-damage|p1a: Ferrothorn|68/100|[from] Stealth Rock
|move|p2a: Ferrothorn|Knock Off|p1a: Ferrothorn
|-damage|p1a: Ferrothorn|62/100
|-damage|p2a: Ferrothorn|0 fnt|[from] ability: Iron Barbs|[of] p1a: Ferrothorn
|faint|p2a: Ferrothorn
|
|upkeep
|
|t:|1641741931
|switch|p2a: Volcarona|Volcarona, M|100/100
|turn|29
|
|t:|1641741955
|switch|p1a: Zapdos|Zapdos|32/100
|-damage|p1a: Zapdos|7/100|[from] Stealth Rock
|move|p2a: Volcarona|Quiver Dance|p2a: Volcarona
|-boost|p2a: Volcarona|spa|1
|-boost|p2a: Volcarona|spd|1
|-boost|p2a: Volcarona|spe|1
|
|upkeep
|turn|30
|
|t:|1641741958
|move|p2a: Volcarona|Flamethrower|p1a: Zapdos
|-damage|p1a: Zapdos|0 fnt
|faint|p1a: Zapdos
|
|upkeep
|
|t:|1641741963
|switch|p1a: Urshifu|Urshifu-Rapid-Strike, F|39/100
|-damage|p1a: Urshifu|33/100|[from] Stealth Rock
|turn|31
|
|t:|1641741966
|move|p1a: Urshifu|Aqua Jet|p2a: Volcarona
|-supereffective|p2a: Volcarona
|-damage|p2a: Volcarona|40/100
|move|p2a: Volcarona|Flamethrower|p1a: Urshifu
|-resisted|p1a: Urshifu
|-damage|p1a: Urshifu|0 fnt
|faint|p1a: Urshifu
|
|upkeep
|
|t:|1641741971
|switch|p1a: Slowking|Slowking, F|100/100
|turn|32
|
|t:|1641741973
|move|p2a: Volcarona|Roost|p2a: Volcarona
|-heal|p2a: Volcarona|91/100
|-singleturn|p2a: Volcarona|move: Roost
|move|p1a: Slowking|Scald|p2a: Volcarona
|-supereffective|p2a: Volcarona
|-damage|p2a: Volcarona|58/100
|
|upkeep
|turn|33
|
|t:|1641741981
|move|p2a: Volcarona|Roost|p2a: Volcarona
|-heal|p2a: Volcarona|100/100
|-singleturn|p2a: Volcarona|move: Roost
|move|p1a: Slowking|Future Sight|p2a: Volcarona
|-start|p1a: Slowking|move: Future Sight
|
|upkeep
|turn|34
|
|t:|1641741985
|move|p2a: Volcarona|Quiver Dance|p2a: Volcarona
|-boost|p2a: Volcarona|spa|1
|-boost|p2a: Volcarona|spd|1
|-boost|p2a: Volcarona|spe|1
|move|p1a: Slowking|Scald|p2a: Volcarona
|-supereffective|p2a: Volcarona
|-damage|p2a: Volcarona|76/100
|
|upkeep
|turn|35
|
|t:|1641741987
|move|p2a: Volcarona|Bug Buzz|p1a: Slowking
|-supereffective|p1a: Slowking
|-damage|p1a: Slowking|0 fnt
|faint|p1a: Slowking
|
|-end|p2a: Volcarona|move: Future Sight
|-damage|p2a: Volcarona|58/100
|upkeep
|-message|SL21CC Winona forfeited.
|
|win|SL21CC91影先生
|raw|SL21CC Winona's rating: 1325 &rarr; <strong>1312</strong><br />(-13 for losing)
|raw|SL21CC91影先生's rating: 1375 &rarr; <strong>1392</strong><br />(+17 for winning)
|l|☆SL21CC Winona
|l|☆SL21CC91影先生
|j|☆SL21CC Winona
|player|p1|SL21CC Winona|winona
|l|♚The Steel Shadow
|l| jingtianlangtaosha
