|raw|<div class="broadcast-blue"><strong>This battle is required to be public due to a player having a name starting with 'sl21cc'.</div>
|j|☆SL21CC 东方不败
|j|☆SL21CC 91舒先生
|t:|1641825346
|gametype|singles
|player|p1|SL21CC 东方不败|cheryl|1344
|player|p2|SL21CC 91舒先生|chickwayne.gif|1422
|teamsize|p1|6
|teamsize|p2|6
|gen|8
|tier|[Gen 8] OU
|rated|
|rule|Sleep Clause Mod: Limit one foe put to sleep
|rule|Species Clause: Limit one of each Pokémon
|rule|OHKO Clause: OHKO moves are banned
|rule|Evasion Moves Clause: Evasion moves are banned
|rule|Endless Battle Clause: Forcing endless battles is banned
|rule|HP Percentage Mod: HP is shown in percentages
|rule|Dynamax Clause: You cannot dynamax
|clearpoke
|poke|p1|Tapu Lele|
|poke|p1|Victini|
|poke|p1|Landorus-Therian, M|
|poke|p1|Kartana|
|poke|p1|Melmetal|
|poke|p1|Dragapult, M|
|poke|p2|Bisharp, F|
|poke|p2|Slowking, M|
|poke|p2|Hippowdon, F|
|poke|p2|Tapu Koko|
|poke|p2|Clefable, M|
|poke|p2|Skarmory, M|
|teampreview
|c|☆SL21CC 91舒先生|哼哼
|j| eastnovel
|inactive|Battle timer is ON: inactive players will automatically lose when time's up. (requested by SL21CC 91舒先生)
|c|☆SL21CC 91舒先生|东方不败事吧
|c|☆SL21CC 东方不败|终于排到了
|j| sl21cc ap
|
|t:|1641825378
|start
|switch|p1a: Landorus|Landorus-Therian, M|100/100
|switch|p2a: Slowking|Slowking, M|100/100
|-ability|p1a: Landorus|Intimidate|boost
|-unboost|p2a: Slowking|atk|1
|turn|1
|j| adreamew
|
|t:|1641825387
|move|p1a: Landorus|Earthquake|p2a: Slowking
|-crit|p2a: Slowking
|-damage|p2a: Slowking|0 fnt
|faint|p2a: Slowking
|
|upkeep
|c|☆SL21CC 91舒先生|？？？
|
|t:|1641825392
|switch|p2a: Skarmory|Skarmory, M|100/100
|turn|2
|j| sl21cckhl
|c|☆SL21CC 东方不败|笑死我了
|j| sl21cc vogut
|
|t:|1641825403
|move|p1a: Landorus|Smack Down|p2a: Skarmory
|-damage|p2a: Skarmory|89/100
|-start|p2a: Skarmory|Smack Down
|move|p2a: Skarmory|Spikes|p1a: Landorus
|-sidestart|p1: SL21CC 东方不败|Spikes
|
|upkeep
|turn|3
|
|t:|1641825410
|switch|p2a: Hippowdon|Hippowdon, F, shiny|100/100
|-weather|Sandstorm|[from] ability: Sand Stream|[of] p2a: Hippowdon
|move|p1a: Landorus|Earthquake|p2a: Hippowdon
|-damage|p2a: Hippowdon|49/100
|
|-weather|Sandstorm|[upkeep]
|-heal|p2a: Hippowdon|55/100|[from] item: Leftovers
|upkeep
|turn|4
|
|t:|1641825413
|move|p1a: Landorus|Earthquake|p2a: Hippowdon
|-damage|p2a: Hippowdon|6/100
|move|p2a: Hippowdon|Slack Off|p2a: Hippowdon
|-heal|p2a: Hippowdon|56/100
|
|-weather|Sandstorm|[upkeep]
|-heal|p2a: Hippowdon|62/100|[from] item: Leftovers
|upkeep
|turn|5
|
|t:|1641825419
|switch|p2a: Skarmory|Skarmory, M|89/100
|move|p1a: Landorus|Earthquake|p2a: Skarmory
|-immune|p2a: Skarmory
|
|-weather|Sandstorm|[upkeep]
|upkeep
|turn|6
|
|t:|1641825422
|move|p1a: Landorus|Stealth Rock|p2a: Skarmory
|-sidestart|p2: SL21CC 91舒先生|move: Stealth Rock
|move|p2a: Skarmory|Iron Defense|p2a: Skarmory
|-boost|p2a: Skarmory|def|2
|
|-weather|Sandstorm|[upkeep]
|upkeep
|turn|7
|j| SL21CC姐ISthequeen
|
|t:|1641825428
|move|p1a: Landorus|U-turn|p2a: Skarmory
|-resisted|p2a: Skarmory
|-damage|p2a: Skarmory|86/100
|-damage|p1a: Landorus|84/100|[from] item: Rocky Helmet|[of] p2a: Skarmory
|
|t:|1641825431
|switch|p1a: Dragapult|Dragapult, M|100/100|[from]move: U-turn
|-damage|p1a: Dragapult|88/100|[from] Spikes
|move|p2a: Skarmory|Spikes|p1a: Dragapult
|-sidestart|p1: SL21CC 东方不败|Spikes
|
|-weather|none
|upkeep
|turn|8
|
|t:|1641825439
|switch|p2a: Bisharp|Bisharp, F|100/100
|-damage|p2a: Bisharp|95/100|[from] Stealth Rock
|move|p1a: Dragapult|Shadow Ball|p2a: Bisharp
|-resisted|p2a: Bisharp
|-damage|p2a: Bisharp|50/100
|
|upkeep
|turn|9
|
|t:|1641825445
|switch|p1a: Melmetal|Melmetal|100/100
|-damage|p1a: Melmetal|84/100|[from] Spikes
|move|p2a: Bisharp|Knock Off|p1a: Melmetal
|-damage|p1a: Melmetal|41/100
|-enditem|p1a: Melmetal|Assault Vest|[from] move: Knock Off|[of] p2a: Bisharp
|
|upkeep
|turn|10
|
|t:|1641825455
|switch|p2a: Skarmory|Skarmory, M|86/100
|-damage|p2a: Skarmory|74/100|[from] Stealth Rock
|move|p1a: Melmetal|Thunder Punch|p2a: Skarmory
|-supereffective|p2a: Skarmory
|-damage|p2a: Skarmory|29/100
|-damage|p1a: Melmetal|24/100|[from] item: Rocky Helmet|[of] p2a: Skarmory
|
|upkeep
|turn|11
|
|t:|1641825463
|move|p2a: Skarmory|Roost|p2a: Skarmory
|-heal|p2a: Skarmory|79/100
|-singleturn|p2a: Skarmory|move: Roost
|move|p1a: Melmetal|Earthquake|p2a: Skarmory
|-supereffective|p2a: Skarmory
|-damage|p2a: Skarmory|30/100
|
|upkeep
|turn|12
|
|t:|1641825468
|switch|p1a: Victini|Victini|100/100
|move|p2a: Skarmory|Roost|p2a: Skarmory
|-heal|p2a: Skarmory|80/100
|-singleturn|p2a: Skarmory|move: Roost
|
|upkeep
|turn|13
|
|t:|1641825481
|switch|p2a: Hippowdon|Hippowdon, F, shiny|62/100
|-damage|p2a: Hippowdon|56/100|[from] Stealth Rock
|-weather|Sandstorm|[from] ability: Sand Stream|[of] p2a: Hippowdon
|move|p1a: Victini|V-create|p2a: Hippowdon
|-damage|p2a: Hippowdon|15/100
|-unboost|p1a: Victini|spe|1
|-unboost|p1a: Victini|def|1
|-unboost|p1a: Victini|spd|1
|
|-weather|Sandstorm|[upkeep]
|-damage|p1a: Victini|94/100|[from] Sandstorm
|-heal|p2a: Hippowdon|21/100|[from] item: Leftovers
|upkeep
|turn|14
|c| SL21CC姐ISthequeen|鸡哥你这个队是不是上个cdl时期的
|
|t:|1641825494
|move|p1a: Victini|V-create|p2a: Hippowdon
|-damage|p2a: Hippowdon|0 fnt
|-unboost|p1a: Victini|spe|1
|-unboost|p1a: Victini|def|1
|-unboost|p1a: Victini|spd|1
|faint|p2a: Hippowdon
|
|-weather|Sandstorm|[upkeep]
|-damage|p1a: Victini|88/100|[from] Sandstorm
|upkeep
|c|☆SL21CC 91舒先生|是啊啊
|
|t:|1641825505
|switch|p2a: Tapu Koko|Tapu Koko|100/100
|-fieldstart|move: Electric Terrain|[from] ability: Electric Surge|[of] p2a: Tapu Koko
|turn|15
|
|t:|1641825511
|switch|p1a: Landorus|Landorus-Therian, M|84/100
|-ability|p1a: Landorus|Intimidate|boost
|-unboost|p2a: Tapu Koko|atk|1
|move|p2a: Tapu Koko|Calm Mind|p2a: Tapu Koko
|-boost|p2a: Tapu Koko|spa|1
|-boost|p2a: Tapu Koko|spd|1
|
|-weather|Sandstorm|[upkeep]
|-damage|p2a: Tapu Koko|95/100|[from] Sandstorm
|upkeep
|turn|16
|
|t:|1641825515
|switch|p2a: Skarmory|Skarmory, M|80/100
|-damage|p2a: Skarmory|68/100|[from] Stealth Rock
|move|p1a: Landorus|Earthquake|p2a: Skarmory
|-immune|p2a: Skarmory
|
|-weather|Sandstorm|[upkeep]
|upkeep
|turn|17
|
|t:|1641825518
|move|p1a: Landorus|Smack Down|p2a: Skarmory
|-damage|p2a: Skarmory|55/100
|-start|p2a: Skarmory|Smack Down
|move|p2a: Skarmory|Roost|p2a: Skarmory
|-heal|p2a: Skarmory|100/100
|-singleturn|p2a: Skarmory|move: Roost
|
|-weather|none
|upkeep
|turn|18
|j|♚Jqlove
|
|t:|1641825527
|move|p1a: Landorus|Earthquake|p2a: Skarmory
|-supereffective|p2a: Skarmory
|-damage|p2a: Skarmory|18/100
|move|p2a: Skarmory|Body Press|p1a: Landorus
|-resisted|p1a: Landorus
|-damage|p1a: Landorus|68/100
|
|upkeep
|turn|19
|c|☆SL21CC 东方不败|打死你
|
|t:|1641825537
|move|p1a: Landorus|Earthquake|p2a: Skarmory
|-supereffective|p2a: Skarmory
|-damage|p2a: Skarmory|0 fnt
|faint|p2a: Skarmory
|
|-fieldend|move: Electric Terrain
|upkeep
|
|t:|1641825539
|switch|p2a: Clefable|Clefable, M|100/100
|turn|20
|
|t:|1641825541
|move|p1a: Landorus|Earthquake|p2a: Clefable
|-damage|p2a: Clefable|40/100
|move|p2a: Clefable|Moonblast|p1a: Landorus
|-damage|p1a: Landorus|24/100
|-unboost|p1a: Landorus|spa|1
|
|upkeep
|turn|21
|
|t:|1641825546
|move|p1a: Landorus|Earthquake|p2a: Clefable
|-crit|p2a: Clefable
|-damage|p2a: Clefable|0 fnt
|faint|p2a: Clefable
|
|upkeep
|
|t:|1641825549
|switch|p2a: Tapu Koko|Tapu Koko|95/100
|-fieldstart|move: Electric Terrain|[from] ability: Electric Surge|[of] p2a: Tapu Koko
|turn|22
|j| SL21CC Leviathan
|
|t:|1641825557
|move|p2a: Tapu Koko|Dazzling Gleam|p1a: Landorus
|-damage|p1a: Landorus|0 fnt
|faint|p1a: Landorus
|
|upkeep
|
|t:|1641825561
|switch|p1a: Tapu Lele|Tapu Lele|100/100
|-damage|p1a: Tapu Lele|84/100|[from] Spikes
|-fieldstart|move: Psychic Terrain|[from] ability: Psychic Surge|[of] p1a: Tapu Lele
|turn|23
|j|+dragonitenb
|
|t:|1641825570
|switch|p2a: Bisharp|Bisharp, F|50/100
|-damage|p2a: Bisharp|44/100|[from] Stealth Rock
|move|p1a: Tapu Lele|Moonblast|p2a: Bisharp
|-damage|p2a: Bisharp|0 fnt
|faint|p2a: Bisharp
|
|upkeep
|
|t:|1641825571
|switch|p2a: Tapu Koko|Tapu Koko|95/100
|-fieldstart|move: Electric Terrain|[from] ability: Electric Surge|[of] p2a: Tapu Koko
|turn|24
|
|t:|1641825574
|move|p2a: Tapu Koko|Calm Mind|p2a: Tapu Koko
|-boost|p2a: Tapu Koko|spa|1
|-boost|p2a: Tapu Koko|spd|1
|move|p1a: Tapu Lele|Moonblast|p2a: Tapu Koko
|-damage|p2a: Tapu Koko|7/100
|
|upkeep
|turn|25
|
|t:|1641825580
|move|p2a: Tapu Koko|Thunderbolt|p1a: Tapu Lele
|-damage|p1a: Tapu Lele|5/100
|move|p1a: Tapu Lele|Moonblast|p2a: Tapu Koko
|-damage|p2a: Tapu Koko|0 fnt
|faint|p2a: Tapu Koko
|
|win|SL21CC 东方不败
|raw|SL21CC 东方不败's rating: 1344 &rarr; <strong>1363</strong><br />(+19 for winning)
|raw|SL21CC 91舒先生's rating: 1422 &rarr; <strong>1397</strong><br />(-25 for losing)
|l|♚Jqlove
|l|☆SL21CC 91舒先生
|l| sl21cc ap
|l| sl21cc vogut
|l| SL21CC Leviathan
|l|☆SL21CC 东方不败
|l| SL21CC姐ISthequeen
|j| SL21CCC徐坤
|l| eastnovel
