|raw|<div class="broadcast-blue"><strong>This battle is required to be public due to a player having a name starting with 'sl21cc'.</div>
|j|☆SL21CC 东方不败
|j|☆solitary dream
|t:|1641823261
|gametype|singles
|player|p1|SL21CC 东方不败|cheryl|1272
|player|p2|solitary dream|solitarydream.jpg|1271
|teamsize|p1|6
|teamsize|p2|6
|gen|8
|tier|[Gen 8] OU
|rated|
|rule|Sleep Clause Mod: Limit one foe put to sleep
|rule|Species Clause: Limit one of each Pokémon
|rule|OHKO Clause: OHKO moves are banned
|rule|Evasion Moves Clause: Evasion moves are banned
|rule|Endless Battle Clause: Forcing endless battles is banned
|rule|HP Percentage Mod: HP is shown in percentages
|rule|Dynamax Clause: You cannot dynamax
|clearpoke
|poke|p1|Nihilego|
|poke|p1|Tapu Lele|
|poke|p1|Magnezone|
|poke|p1|Weavile, F|
|poke|p1|Slowbro, M|
|poke|p1|Landorus-Therian, M|
|poke|p2|Slowbro-Galar, F|
|poke|p2|Seismitoad, M|
|poke|p2|Mew|
|poke|p2|Melmetal|
|poke|p2|Clefable, F|
|poke|p2|Zapdos|
|teampreview
|j| SL21CC姐ISthequeen
|
|t:|1641823281
|start
|switch|p1a: Nihilego|Nihilego|100/100
|switch|p2a: Clefable|Clefable, F|100/100
|turn|1
|l| SL21CC姐ISthequeen
|
|t:|1641823288
|switch|p2a: Melmetal|Melmetal|100/100
|move|p1a: Nihilego|Grass Knot|p2a: Melmetal
|-resisted|p2a: Melmetal
|-damage|p2a: Melmetal|65/100
|
|upkeep
|turn|2
|j| SL21CC tangkeke
|j| adreamew
|
|t:|1641823295
|switch|p1a: Slowbro|Slowbro, M|100/100
|move|p2a: Melmetal|Double Iron Bash|p1a: Slowbro
|-resisted|p1a: Slowbro
|-damage|p1a: Slowbro|82/100
|-resisted|p1a: Slowbro
|-damage|p1a: Slowbro|64/100
|-hitcount|p1a: Slowbro|2
|
|upkeep
|turn|3
|
|t:|1641823300
|switch|p2a: Zapdos|Zapdos|100/100
|move|p1a: Slowbro|Teleport|p1a: Slowbro
|
|t:|1641823304
|switch|p1a: Nihilego|Nihilego|100/100|[from]move: Teleport
|
|upkeep
|turn|4
|
|t:|1641823313
|switch|p2a: Seismitoad|Seismitoad, M|100/100
|move|p1a: Nihilego|Grass Knot|p2a: Seismitoad
|-supereffective|p2a: Seismitoad
|-damage|p2a: Seismitoad|0 fnt
|faint|p2a: Seismitoad
|-ability|p1a: Nihilego|Beast Boost|boost
|-boost|p1a: Nihilego|spa|1
|
|upkeep
|
|t:|1641823316
|switch|p2a: Mew|Mew|100/100
|turn|5
|
|t:|1641823324
|move|p1a: Nihilego|Grass Knot|p2a: Mew
|-damage|p2a: Mew|85/100
|move|p2a: Mew|Dragon Dance|p2a: Mew
|-boost|p2a: Mew|atk|1
|-boost|p2a: Mew|spe|1
|
|-heal|p2a: Mew|91/100|[from] item: Leftovers
|upkeep
|turn|6
|
|t:|1641823326
|switch|p1a: Slowbro|Slowbro, M|97/100
|move|p2a: Mew|Dragon Dance|p2a: Mew
|-boost|p2a: Mew|atk|1
|-boost|p2a: Mew|spe|1
|
|-heal|p2a: Mew|98/100|[from] item: Leftovers
|upkeep
|turn|7
|
|t:|1641823329
|switch|p2a: Slowbro|Slowbro-Galar, F|100/100
|move|p1a: Slowbro|Scald|p2a: Slowbro
|-damage|p2a: Slowbro|65/100
|
|upkeep
|turn|8
|
|t:|1641823333
|move|p2a: Slowbro|Nasty Plot|p2a: Slowbro
|-boost|p2a: Slowbro|spa|2
|move|p1a: Slowbro|Future Sight|p2a: Slowbro
|-start|p1a: Slowbro|move: Future Sight
|
|upkeep
|turn|9
|
|t:|1641823337
|move|p2a: Slowbro|Ice Beam|p1a: Slowbro
|-resisted|p1a: Slowbro
|-damage|p1a: Slowbro|75/100
|move|p1a: Slowbro|Slack Off|p1a: Slowbro
|-heal|p1a: Slowbro|100/100
|
|upkeep
|turn|10
|
|t:|1641823341
|move|p2a: Slowbro|Nasty Plot|p2a: Slowbro
|-boost|p2a: Slowbro|spa|2
|move|p1a: Slowbro|Slack Off||[still]
|-fail|p1a: Slowbro|heal
|
|-end|p2a: Slowbro|move: Future Sight
|-damage|p2a: Slowbro|18/100
|upkeep
|turn|11
|
|t:|1641823343
|move|p2a: Slowbro|Ice Beam|p1a: Slowbro
|-resisted|p1a: Slowbro
|-damage|p1a: Slowbro|72/100
|move|p1a: Slowbro|Scald|p2a: Slowbro
|-damage|p2a: Slowbro|0 fnt
|faint|p2a: Slowbro
|
|upkeep
|
|t:|1641823346
|switch|p2a: Clefable|Clefable, F|100/100
|turn|12
|j| sl21cckhl
|
|t:|1641823351
|switch|p1a: Landorus|Landorus-Therian, M|100/100
|-ability|p1a: Landorus|Intimidate|boost
|-unboost|p2a: Clefable|atk|1
|move|p2a: Clefable|Thunder|p1a: Landorus
|-immune|p1a: Landorus
|
|upkeep
|turn|13
|
|t:|1641823357
|move|p1a: Landorus|U-turn|p2a: Clefable
|-resisted|p2a: Clefable
|-damage|p2a: Clefable|85/100
|
|t:|1641823361
|switch|p1a: Nihilego|Nihilego|100/100|[from]move: U-turn
|move|p2a: Clefable|Ice Beam|p1a: Nihilego
|-damage|p1a: Nihilego|75/100
|
|upkeep
|turn|14
|
|t:|1641823366
|move|p1a: Nihilego|Sludge Bomb|p2a: Clefable
|-supereffective|p2a: Clefable
|-damage|p2a: Clefable|0 fnt
|faint|p2a: Clefable
|-ability|p1a: Nihilego|Beast Boost|boost
|-boost|p1a: Nihilego|spa|1
|
|upkeep
|
|t:|1641823368
|switch|p2a: Melmetal|Melmetal|65/100
|turn|15
|-activate|p2a: Melmetal|item: Quick Claw
|
|t:|1641823371
|switch|p1a: Slowbro|Slowbro, M|100/100
|move|p2a: Melmetal|Double Iron Bash|p1a: Slowbro
|-resisted|p1a: Slowbro
|-damage|p1a: Slowbro|82/100
|-resisted|p1a: Slowbro
|-damage|p1a: Slowbro|65/100
|-hitcount|p1a: Slowbro|2
|
|upkeep
|turn|16
|-activate|p2a: Melmetal|item: Quick Claw
|
|t:|1641823375
|move|p2a: Melmetal|Thunder Punch|p1a: Slowbro
|-supereffective|p1a: Slowbro
|-damage|p1a: Slowbro|6/100
|move|p1a: Slowbro|Teleport|p1a: Slowbro
|
|t:|1641823379
|switch|p1a: Magnezone|Magnezone|100/100|[from]move: Teleport
|
|upkeep
|turn|17
|-activate|p2a: Melmetal|item: Quick Claw
|
|t:|1641823381
|move|p2a: Melmetal|Earthquake|p1a: Magnezone
|-supereffective|p1a: Magnezone
|-damage|p1a: Magnezone|0 fnt
|faint|p1a: Magnezone
|
|upkeep
|c|☆SL21CC 东方不败|？？？？？？？？？？？|
|
|t:|1641823403
|switch|p1a: Landorus|Landorus-Therian, M|100/100
|-ability|p1a: Landorus|Intimidate|boost
|-unboost|p2a: Melmetal|atk|1
|turn|18
|c|☆solitary dream|神说 不可快过我
|
|t:|1641823415
|switch|p2a: Zapdos|Zapdos|100/100
|move|p1a: Landorus|U-turn|p2a: Zapdos
|-resisted|p2a: Zapdos
|-damage|p2a: Zapdos|90/100
|-status|p1a: Landorus|par|[from] ability: Static|[of] p2a: Zapdos
|
|t:|1641823418
|switch|p1a: Nihilego|Nihilego|75/100|[from]move: U-turn
|
|upkeep
|turn|19
|
|t:|1641823422
|move|p1a: Nihilego|Power Gem|p2a: Zapdos
|-supereffective|p2a: Zapdos
|-damage|p2a: Zapdos|0 fnt
|faint|p2a: Zapdos
|-ability|p1a: Nihilego|Beast Boost|boost
|-boost|p1a: Nihilego|spa|1
|
|upkeep
|
|t:|1641823424
|switch|p2a: Melmetal|Melmetal|65/100
|turn|20
|
|t:|1641823429
|switch|p1a: Landorus|Landorus-Therian, M|100/100 par
|-ability|p1a: Landorus|Intimidate|boost
|-unboost|p2a: Melmetal|atk|1
|move|p2a: Melmetal|Double Iron Bash|p1a: Landorus
|-damage|p1a: Landorus|74/100 par
|-damage|p1a: Landorus|46/100 par
|-hitcount|p1a: Landorus|2
|
|-heal|p1a: Landorus|52/100 par|[from] item: Leftovers
|upkeep
|turn|21
|
|t:|1641823432
|move|p2a: Melmetal|Double Iron Bash|p1a: Landorus
|-damage|p1a: Landorus|28/100 par
|-damage|p1a: Landorus|1/100 par
|-hitcount|p1a: Landorus|2
|cant|p1a: Landorus|flinch
|
|-heal|p1a: Landorus|7/100 par|[from] item: Leftovers
|upkeep
|turn|22
|
|t:|1641823436
|move|p2a: Melmetal|Double Iron Bash|p1a: Landorus
|-crit|p1a: Landorus
|-damage|p1a: Landorus|0 fnt
|faint|p1a: Landorus
|-hitcount|p1: Landorus|1
|
|upkeep
|
|t:|1641823440
|switch|p1a: Tapu Lele|Tapu Lele|100/100
|-fieldstart|move: Psychic Terrain|[from] ability: Psychic Surge|[of] p1a: Tapu Lele
|turn|23
|
|t:|1641823442
|move|p1a: Tapu Lele|Thunderbolt|p2a: Melmetal
|-damage|p2a: Melmetal|28/100
|move|p2a: Melmetal|Double Iron Bash|p1a: Tapu Lele
|-supereffective|p1a: Tapu Lele
|-damage|p1a: Tapu Lele|6/100
|-supereffective|p1a: Tapu Lele
|-damage|p1a: Tapu Lele|0 fnt
|faint|p1a: Tapu Lele
|-hitcount|p1: Tapu Lele|2
|
|upkeep
|
|t:|1641823445
|switch|p1a: Weavile|Weavile, F|100/100
|turn|24
|
|t:|1641823446
|move|p1a: Weavile|Low Kick|p2a: Melmetal
|-supereffective|p2a: Melmetal
|-damage|p2a: Melmetal|0 fnt
|faint|p2a: Melmetal
|
|upkeep
|
|t:|1641823448
|switch|p2a: Mew|Mew|98/100
|turn|25
|
|t:|1641823453
|switch|p1a: Slowbro|Slowbro, M|39/100
|move|p2a: Mew|Dragon Dance|p2a: Mew
|-boost|p2a: Mew|atk|1
|-boost|p2a: Mew|spe|1
|
|-heal|p2a: Mew|100/100|[from] item: Leftovers
|upkeep
|turn|26
|
|t:|1641823456
|move|p2a: Mew|Psychic Fangs|p1a: Slowbro
|-resisted|p1a: Slowbro
|-damage|p1a: Slowbro|11/100
|move|p1a: Slowbro|Slack Off|p1a: Slowbro
|-heal|p1a: Slowbro|62/100
|
|upkeep
|turn|27
|
|t:|1641823462
|move|p2a: Mew|Dragon Dance|p2a: Mew
|-boost|p2a: Mew|atk|1
|-boost|p2a: Mew|spe|1
|move|p1a: Slowbro|Scald|p2a: Mew
|-damage|p2a: Mew|74/100
|-status|p2a: Mew|brn
|-activate|p2a: Mew|ability: Synchronize
|-status|p1a: Slowbro|brn
|
|-heal|p2a: Mew|80/100 brn|[from] item: Leftovers
|-damage|p2a: Mew|74/100 brn|[from] brn
|-damage|p1a: Slowbro|55/100 brn|[from] brn
|-fieldend|move: Psychic Terrain
|upkeep
|turn|28
|
|t:|1641823465
|move|p2a: Mew|Dragon Dance|p2a: Mew
|-boost|p2a: Mew|atk|1
|-boost|p2a: Mew|spe|1
|move|p1a: Slowbro|Slack Off|p1a: Slowbro
|-heal|p1a: Slowbro|100/100 brn
|
|-heal|p2a: Mew|80/100 brn|[from] item: Leftovers
|-damage|p2a: Mew|74/100 brn|[from] brn
|-damage|p1a: Slowbro|94/100 brn|[from] brn
|upkeep
|turn|29
|
|t:|1641823467
|move|p2a: Mew|Dragon Dance|p2a: Mew
|-boost|p2a: Mew|atk|1
|-boost|p2a: Mew|spe|1
|move|p1a: Slowbro|Scald|p2a: Mew
|-damage|p2a: Mew|48/100 brn
|
|-heal|p2a: Mew|54/100 brn|[from] item: Leftovers
|-damage|p2a: Mew|48/100 brn|[from] brn
|-damage|p1a: Slowbro|88/100 brn|[from] brn
|upkeep
|turn|30
|
|t:|1641823470
|move|p2a: Mew|Psychic Fangs|p1a: Slowbro
|-resisted|p1a: Slowbro
|-damage|p1a: Slowbro|68/100 brn
|move|p1a: Slowbro|Scald|p2a: Mew
|-damage|p2a: Mew|18/100 brn
|
|-heal|p2a: Mew|25/100 brn|[from] item: Leftovers
|-damage|p2a: Mew|18/100 brn|[from] brn
|-damage|p1a: Slowbro|62/100 brn|[from] brn
|upkeep
|turn|31
|
|t:|1641823472
|move|p2a: Mew|Psychic Fangs|p1a: Slowbro
|-resisted|p1a: Slowbro
|-damage|p1a: Slowbro|41/100 brn
|move|p1a: Slowbro|Scald|p2a: Mew
|-damage|p2a: Mew|0 fnt
|faint|p2a: Mew
|
|win|SL21CC 东方不败
|raw|SL21CC 东方不败's rating: 1272 &rarr; <strong>1288</strong><br />(+16 for winning)
|raw|solitary dream's rating: 1271 &rarr; <strong>1255</strong><br />(-16 for losing)
|l|☆solitary dream
|l|☆SL21CC 东方不败
|j| SL21CC姐ISthequeen
|l| SL21CC姐ISthequeen
