|raw|<div class="broadcast-blue"><strong>This battle is required to be public due to a player having a name starting with 'sl21cc'.</div>
|j|☆9skythunderouskick
|j|☆sl21cc vogut
|t:|1641712030
|gametype|singles
|player|p1|9skythunderouskick|170|1316
|player|p2|sl21cc vogut|twins|1176
|teamsize|p1|6
|teamsize|p2|6
|gen|8
|tier|[Gen 8] OU
|rated|
|rule|Sleep Clause Mod: Limit one foe put to sleep
|rule|Species Clause: Limit one of each Pokémon
|rule|OHKO Clause: OHKO moves are banned
|rule|Evasion Moves Clause: Evasion moves are banned
|rule|Endless Battle Clause: Forcing endless battles is banned
|rule|HP Percentage Mod: HP is shown in percentages
|rule|Dynamax Clause: You cannot dynamax
|clearpoke
|poke|p1|Slowbro-Galar, F|
|poke|p1|Seismitoad, M|
|poke|p1|Mew|
|poke|p1|Melmetal|
|poke|p1|Clefable, M|
|poke|p1|Zapdos|
|poke|p2|Landorus-Therian, M|
|poke|p2|Buzzwole|
|poke|p2|Ferrothorn, M|
|poke|p2|Slowking-Galar, F|
|poke|p2|Tapu Fini|
|poke|p2|Dragapult, F|
|teampreview
|
|t:|1641712042
|start
|switch|p1a: Clefable|Clefable, M|100/100
|switch|p2a: Dragapult|Dragapult, F|100/100
|turn|1
|
|t:|1641712052
|switch|p1a: Seismitoad|Seismitoad, M|100/100
|move|p2a: Dragapult|U-turn|p1a: Seismitoad
|-damage|p1a: Seismitoad|82/100
|
|t:|1641712058
|switch|p2a: Buzzwole|Buzzwole|100/100|[from]move: U-turn
|
|-heal|p1a: Seismitoad|88/100|[from] item: Leftovers
|upkeep
|turn|2
|
|t:|1641712061
|switch|p1a: Zapdos|Zapdos|100/100
|move|p2a: Buzzwole|Close Combat|p1a: Zapdos
|-resisted|p1a: Zapdos
|-damage|p1a: Zapdos|69/100
|-unboost|p2a: Buzzwole|def|1
|-unboost|p2a: Buzzwole|spd|1
|-status|p2a: Buzzwole|par|[from] ability: Static|[of] p1a: Zapdos
|
|upkeep
|turn|3
|
|t:|1641712069
|switch|p2a: Landorus|Landorus-Therian, M|100/100
|-ability|p2a: Landorus|Intimidate|boost
|-unboost|p1a: Zapdos|atk|1
|move|p1a: Zapdos|Hurricane|p2a: Landorus
|-damage|p2a: Landorus|46/100
|
|-heal|p2a: Landorus|52/100|[from] item: Leftovers
|upkeep
|turn|4
|
|t:|1641712072
|move|p1a: Zapdos|Hurricane|p2a: Landorus|[miss]
|-miss|p1a: Zapdos|p2a: Landorus
|move|p2a: Landorus|Toxic|p1a: Zapdos
|-status|p1a: Zapdos|tox
|
|-heal|p2a: Landorus|58/100|[from] item: Leftovers
|-damage|p1a: Zapdos|63/100 tox|[from] psn
|upkeep
|turn|5
|
|t:|1641712079
|switch|p2a: Slowking|Slowking-Galar, F, shiny|100/100
|move|p1a: Zapdos|Hurricane|p2a: Slowking
|-damage|p2a: Slowking|71/100
|
|-damage|p1a: Zapdos|51/100 tox|[from] psn
|upkeep
|turn|6
|
|t:|1641712082
|switch|p1a: Seismitoad|Seismitoad, M|88/100
|switch|p2a: Landorus|Landorus-Therian, M|58/100
|-ability|p2a: Landorus|Intimidate|boost
|-unboost|p1a: Seismitoad|atk|1
|
|-heal|p2a: Landorus|64/100|[from] item: Leftovers
|-heal|p1a: Seismitoad|94/100|[from] item: Leftovers
|upkeep
|turn|7
|
|t:|1641712085
|move|p2a: Landorus|Earthquake|p1a: Seismitoad
|-damage|p1a: Seismitoad|48/100
|move|p1a: Seismitoad|Stealth Rock|p2a: Landorus
|-sidestart|p2: sl21cc vogut|move: Stealth Rock
|
|-heal|p2a: Landorus|70/100|[from] item: Leftovers
|-heal|p1a: Seismitoad|54/100|[from] item: Leftovers
|upkeep
|turn|8
|
|t:|1641712090
|move|p2a: Landorus|Earthquake|p1a: Seismitoad
|-damage|p1a: Seismitoad|6/100
|move|p1a: Seismitoad|Scald|p2a: Landorus
|-supereffective|p2a: Landorus
|-damage|p2a: Landorus|27/100
|
|-heal|p2a: Landorus|33/100|[from] item: Leftovers
|-heal|p1a: Seismitoad|12/100|[from] item: Leftovers
|upkeep
|turn|9
|
|t:|1641712095
|switch|p1a: Zapdos|Zapdos|51/100 tox
|move|p2a: Landorus|Earthquake|p1a: Zapdos
|-immune|p1a: Zapdos
|
|-heal|p2a: Landorus|40/100|[from] item: Leftovers
|-damage|p1a: Zapdos|45/100 tox|[from] psn
|upkeep
|turn|10
|
|t:|1641712102
|switch|p2a: Slowking|Slowking-Galar, F, shiny|100/100
|-damage|p2a: Slowking|88/100|[from] Stealth Rock
|move|p1a: Zapdos|Hurricane|p2a: Slowking
|-damage|p2a: Slowking|58/100
|
|-damage|p1a: Zapdos|33/100 tox|[from] psn
|upkeep
|turn|11
|
|t:|1641712108
|switch|p1a: Melmetal|Melmetal|100/100
|switch|p2a: Landorus|Landorus-Therian, M|40/100
|-damage|p2a: Landorus|27/100|[from] Stealth Rock
|-ability|p2a: Landorus|Intimidate|boost
|-unboost|p1a: Melmetal|atk|1
|
|-heal|p2a: Landorus|33/100|[from] item: Leftovers
|upkeep
|turn|12
|
|t:|1641712112
|switch|p2a: Ferrothorn|Ferrothorn, M|100/100
|-damage|p2a: Ferrothorn|94/100|[from] Stealth Rock
|move|p1a: Melmetal|Double Iron Bash|p2a: Ferrothorn
|-resisted|p2a: Ferrothorn
|-damage|p2a: Ferrothorn|85/100
|-damage|p1a: Melmetal|88/100|[from] ability: Iron Barbs|[of] p2a: Ferrothorn
|-damage|p1a: Melmetal|72/100|[from] item: Rocky Helmet|[of] p2a: Ferrothorn
|-resisted|p2a: Ferrothorn
|-crit|p2a: Ferrothorn
|-damage|p2a: Ferrothorn|68/100
|-damage|p1a: Melmetal|59/100|[from] ability: Iron Barbs|[of] p2a: Ferrothorn
|-damage|p1a: Melmetal|43/100|[from] item: Rocky Helmet|[of] p2a: Ferrothorn
|-hitcount|p2a: Ferrothorn|2
|
|upkeep
|turn|13
|
|t:|1641712120
|switch|p1a: Clefable|Clefable, M|100/100
|move|p2a: Ferrothorn|Stealth Rock|p1a: Clefable
|-sidestart|p1: 9skythunderouskick|move: Stealth Rock
|
|upkeep
|turn|14
|
|t:|1641712128
|switch|p2a: Tapu Fini|Tapu Fini|100/100
|-damage|p2a: Tapu Fini|88/100|[from] Stealth Rock
|-fieldstart|move: Misty Terrain|[from] ability: Misty Surge|[of] p2a: Tapu Fini
|move|p1a: Clefable|Fire Blast|p2a: Tapu Fini
|-resisted|p2a: Tapu Fini
|-damage|p2a: Tapu Fini|76/100
|
|-heal|p2a: Tapu Fini|82/100|[from] item: Leftovers
|upkeep
|turn|15
|
|t:|1641712131
|move|p1a: Clefable|Thunder|p2a: Tapu Fini
|-supereffective|p2a: Tapu Fini
|-damage|p2a: Tapu Fini|34/100
|move|p2a: Tapu Fini|Knock Off|p1a: Clefable
|-resisted|p1a: Clefable
|-damage|p1a: Clefable|91/100
|-enditem|p1a: Clefable|Life Orb|[from] move: Knock Off|[of] p2a: Tapu Fini
|
|-heal|p2a: Tapu Fini|40/100|[from] item: Leftovers
|upkeep
|turn|16
|
|t:|1641712137
|switch|p2a: Slowking|Slowking-Galar, F, shiny|91/100
|-damage|p2a: Slowking|79/100|[from] Stealth Rock
|move|p1a: Clefable|Thunder|p2a: Slowking
|-damage|p2a: Slowking|64/100
|
|upkeep
|turn|17
|j| SL21CC Winona
|
|t:|1641712142
|switch|p1a: Seismitoad|Seismitoad, M|12/100
|-damage|p1a: Seismitoad|6/100|[from] Stealth Rock
|move|p2a: Slowking|Future Sight|p1a: Seismitoad
|-start|p2a: Slowking|move: Future Sight
|
|-heal|p1a: Seismitoad|12/100|[from] item: Leftovers
|upkeep
|turn|18
|
|t:|1641712147
|switch|p2a: Tapu Fini|Tapu Fini|40/100
|-damage|p2a: Tapu Fini|28/100|[from] Stealth Rock
|move|p1a: Seismitoad|Scald|p2a: Tapu Fini
|-resisted|p2a: Tapu Fini
|-damage|p2a: Tapu Fini|21/100
|
|-heal|p2a: Tapu Fini|27/100|[from] item: Leftovers
|-heal|p1a: Seismitoad|18/100|[from] item: Leftovers
|-fieldend|Misty Terrain
|upkeep
|turn|19
|
|t:|1641712150
|move|p2a: Tapu Fini|Moonblast|p1a: Seismitoad
|-damage|p1a: Seismitoad|0 fnt
|faint|p1a: Seismitoad
|
|-hint|Future Sight did not hit because the target is fainted.
|-heal|p2a: Tapu Fini|33/100|[from] item: Leftovers
|upkeep
|inactive|Battle timer is ON: inactive players will automatically lose when time's up. (requested by sl21cc vogut)
|
|t:|1641712159
|switch|p1a: Slowbro|Slowbro-Galar, F|100/100
|-damage|p1a: Slowbro|88/100|[from] Stealth Rock
|turn|20
|
|t:|1641712162
|move|p2a: Tapu Fini|Knock Off|p1a: Slowbro
|-supereffective|p1a: Slowbro
|-damage|p1a: Slowbro|60/100
|-enditem|p1a: Slowbro|Quick Claw|[from] move: Knock Off|[of] p2a: Tapu Fini
|move|p1a: Slowbro|Nasty Plot|p1a: Slowbro
|-boost|p1a: Slowbro|spa|2
|
|-heal|p2a: Tapu Fini|40/100|[from] item: Leftovers
|upkeep
|turn|21
|
|t:|1641712169
|move|p2a: Tapu Fini|Knock Off|p1a: Slowbro
|-supereffective|p1a: Slowbro
|-damage|p1a: Slowbro|40/100
|move|p1a: Slowbro|Psyshock|p2a: Tapu Fini
|-damage|p2a: Tapu Fini|0 fnt
|faint|p2a: Tapu Fini
|
|upkeep
|
|t:|1641712174
|switch|p2a: Buzzwole|Buzzwole|100/100 par
|-damage|p2a: Buzzwole|88/100 par|[from] Stealth Rock
|turn|22
|-activate|p1a: Slowbro|ability: Quick Draw
|
|t:|1641712176
|move|p1a: Slowbro|Psyshock|p2a: Buzzwole
|-supereffective|p2a: Buzzwole
|-damage|p2a: Buzzwole|0 fnt
|faint|p2a: Buzzwole
|
|upkeep
|
|t:|1641712178
|switch|p2a: Dragapult|Dragapult, F|100/100
|-damage|p2a: Dragapult|88/100|[from] Stealth Rock
|turn|23
|-activate|p1a: Slowbro|ability: Quick Draw
|
|t:|1641712180
|move|p1a: Slowbro|Ice Beam|p2a: Dragapult
|-supereffective|p2a: Dragapult
|-damage|p2a: Dragapult|0 fnt
|faint|p2a: Dragapult
|
|upkeep
|
|t:|1641712184
|switch|p2a: Landorus|Landorus-Therian, M|33/100
|-damage|p2a: Landorus|21/100|[from] Stealth Rock
|-ability|p2a: Landorus|Intimidate|boost
|-unboost|p1a: Slowbro|atk|1
|turn|24
|-activate|p1a: Slowbro|ability: Quick Draw
|
|t:|1641712186
|move|p1a: Slowbro|Ice Beam|p2a: Landorus
|-supereffective|p2a: Landorus
|-damage|p2a: Landorus|0 fnt
|faint|p2a: Landorus
|
|upkeep
|
|t:|1641712191
|switch|p2a: Slowking|Slowking-Galar, F, shiny|97/100
|-damage|p2a: Slowking|85/100|[from] Stealth Rock
|turn|25
|j| SL21CC interest
|
|t:|1641712194
|move|p1a: Slowbro|Psyshock|p2a: Slowking
|-damage|p2a: Slowking|13/100
|move|p2a: Slowking|Future Sight|p1a: Slowbro
|-start|p2a: Slowking|move: Future Sight
|
|upkeep
|turn|26
|l| SL21CC interest
|
|t:|1641712196
|switch|p2a: Ferrothorn|Ferrothorn, M|68/100
|-damage|p2a: Ferrothorn|61/100|[from] Stealth Rock
|move|p1a: Slowbro|Psyshock|p2a: Ferrothorn
|-resisted|p2a: Ferrothorn
|-damage|p2a: Ferrothorn|41/100
|
|upkeep
|turn|27
|
|t:|1641712198
|move|p1a: Slowbro|Focus Blast|p2a: Ferrothorn|[miss]
|-miss|p1a: Slowbro|p2a: Ferrothorn
|move|p2a: Ferrothorn|Knock Off|p1a: Slowbro
|-supereffective|p1a: Slowbro
|-damage|p1a: Slowbro|12/100
|
|-end|p1a: Slowbro|move: Future Sight
|-damage|p1a: Slowbro|0 fnt
|faint|p1a: Slowbro
|upkeep
|
|t:|1641712204
|switch|p1a: Mew|Mew|100/100
|-damage|p1a: Mew|88/100|[from] Stealth Rock
|turn|28
|
|t:|1641712219
|move|p1a: Mew|Close Combat|p2a: Ferrothorn
|-supereffective|p2a: Ferrothorn
|-damage|p2a: Ferrothorn|0 fnt
|-unboost|p1a: Mew|def|1
|-unboost|p1a: Mew|spd|1
|-damage|p1a: Mew|76/100|[from] ability: Iron Barbs|[of] p2a: Ferrothorn
|-damage|p1a: Mew|59/100|[from] item: Rocky Helmet|[of] p2a: Ferrothorn
|faint|p2a: Ferrothorn
|
|-heal|p1a: Mew|66/100|[from] item: Leftovers
|upkeep
|
|t:|1641712221
|switch|p2a: Slowking|Slowking-Galar, F, shiny|46/100
|-damage|p2a: Slowking|34/100|[from] Stealth Rock
|turn|29
|
|t:|1641712223
|move|p1a: Mew|Psychic Fangs|p2a: Slowking
|-damage|p2a: Slowking|0 fnt
|faint|p2a: Slowking
|
|win|9skythunderouskick
|raw|9skythunderouskick's rating: 1316 &rarr; <strong>1326</strong><br />(+10 for winning)
|raw|sl21cc vogut's rating: 1176 &rarr; <strong>1162</strong><br />(-14 for losing)
|j| SL21CC 999司马
