|raw|<div class="broadcast-blue"><strong>This battle is required to be public due to a player having a name starting with 'sl21cc'.</div>
|j|☆SL21CC Leviathan
|j|☆bing_gan233
|t:|1641739938
|gametype|singles
|player|p1|SL21CC Leviathan|guitarist|1223
|player|p2|bing_gan233|170|1171
|teamsize|p1|6
|teamsize|p2|6
|gen|8
|tier|[Gen 8] OU
|rated|
|rule|Sleep Clause Mod: Limit one foe put to sleep
|rule|Species Clause: Limit one of each Pokémon
|rule|OHKO Clause: OHKO moves are banned
|rule|Evasion Moves Clause: Evasion moves are banned
|rule|Endless Battle Clause: Forcing endless battles is banned
|rule|HP Percentage Mod: HP is shown in percentages
|rule|Dynamax Clause: You cannot dynamax
|clearpoke
|poke|p1|Tyranitar, F|
|poke|p1|Volcarona, F|
|poke|p1|Tapu Fini|
|poke|p1|Landorus-Therian, M|
|poke|p1|Slowking-Galar, M|
|poke|p1|Dragonite, F|
|poke|p2|Barraskewda, M|
|poke|p2|Pelipper, M|
|poke|p2|Regieleki|
|poke|p2|Landorus-Therian, M|
|poke|p2|Xurkitree|
|poke|p2|Ferrothorn, M|
|teampreview
|j| 9skythunderouskick
|
|t:|1641739952
|start
|switch|p1a: Slowking|Slowking-Galar, M|100/100
|switch|p2a: Barraskewda|Barraskewda, M|100/100
|turn|1
|l|☆bing_gan233
|player|p2|
|j| vjdinf_dfji12
|j|☆bing_gan233
|player|p2|bing_gan233|170
|
|t:|1641739965
|move|p2a: Barraskewda|Flip Turn|p1a: Slowking
|-damage|p1a: Slowking|55/100
|
|t:|1641739968
|switch|p2a: Ferrothorn|Ferrothorn, M|100/100|[from]move: Flip Turn
|move|p1a: Slowking|Future Sight|p2a: Ferrothorn
|-start|p1a: Slowking|move: Future Sight
|
|upkeep
|turn|2
|
|t:|1641739974
|switch|p2a: Pelipper|Pelipper, M|100/100
|-weather|RainDance|[from] ability: Drizzle|[of] p2a: Pelipper
|move|p1a: Slowking|Flamethrower|p2a: Pelipper
|-resisted|p2a: Pelipper
|-damage|p2a: Pelipper|92/100
|
|-weather|RainDance|[upkeep]
|upkeep
|turn|3
|j| adreamew
|
|t:|1641739982
|move|p2a: Pelipper|U-turn|p1a: Slowking
|-damage|p1a: Slowking|46/100
|
|t:|1641739990
|switch|p2a: Ferrothorn|Ferrothorn, M|100/100|[from]move: U-turn
|move|p1a: Slowking|Flamethrower|p2a: Ferrothorn
|-supereffective|p2a: Ferrothorn
|-damage|p2a: Ferrothorn|67/100
|
|-weather|RainDance|[upkeep]
|-end|p2a: Ferrothorn|move: Future Sight
|-resisted|p2a: Ferrothorn
|-damage|p2a: Ferrothorn|49/100
|upkeep
|turn|4
|
|t:|1641740009
|move|p1a: Slowking|Future Sight|p2a: Ferrothorn
|-start|p1a: Slowking|move: Future Sight
|move|p2a: Ferrothorn|Stealth Rock|p1a: Slowking
|-sidestart|p1: SL21CC Leviathan|move: Stealth Rock
|
|-weather|RainDance|[upkeep]
|upkeep
|turn|5
|inactive|Battle timer is ON: inactive players will automatically lose when time's up. (requested by bing_gan233)
|
|t:|1641740015
|switch|p1a: Landorus|Landorus-Therian, M|100/100
|-damage|p1a: Landorus|88/100|[from] Stealth Rock
|-ability|p1a: Landorus|Intimidate|boost
|-unboost|p2a: Ferrothorn|atk|1
|switch|p2a: Landorus|Landorus-Therian, M|100/100
|-ability|p2a: Landorus|Intimidate|boost
|-unboost|p1a: Landorus|atk|1
|
|-weather|RainDance|[upkeep]
|-heal|p1a: Landorus|94/100|[from] item: Leftovers
|upkeep
|turn|6
|
|t:|1641740020
|move|p2a: Landorus|Weather Ball|p1a: Landorus
|-supereffective|p1a: Landorus
|-damage|p1a: Landorus|30/100
|move|p1a: Landorus|Stealth Rock|p2a: Landorus
|-sidestart|p2: bing_gan233|move: Stealth Rock
|
|-weather|RainDance|[upkeep]
|-end|p2a: Landorus|move: Future Sight
|-damage|p2a: Landorus|43/100
|-heal|p2a: Landorus|49/100|[from] item: Leftovers
|-heal|p1a: Landorus|36/100|[from] item: Leftovers
|upkeep
|turn|7
|
|t:|1641740031
|switch|p1a: Dragonite|Dragonite, F, shiny|100/100
|move|p2a: Landorus|Knock Off|p1a: Dragonite
|-damage|p1a: Dragonite|86/100
|-enditem|p1a: Dragonite|Heavy-Duty Boots|[from] move: Knock Off|[of] p2a: Landorus
|
|-weather|RainDance|[upkeep]
|-heal|p2a: Landorus|55/100|[from] item: Leftovers
|upkeep
|turn|8
|
|t:|1641740047
|move|p2a: Landorus|U-turn|p1a: Dragonite
|-resisted|p1a: Dragonite
|-damage|p1a: Dragonite|77/100
|
|t:|1641740075
|switch|p2a: Regieleki|Regieleki|100/100|[from]move: U-turn
|-damage|p2a: Regieleki|88/100|[from] Stealth Rock
|move|p1a: Dragonite|Ice Beam|p2a: Regieleki
|-damage|p2a: Regieleki|46/100
|
|-weather|RainDance|[upkeep]
|upkeep
|turn|9
|inactive|bing_gan233 has 120 seconds left.
|
|t:|1641740113
|switch|p1a: Slowking|Slowking-Galar, M|80/100
|-damage|p1a: Slowking|67/100|[from] Stealth Rock
|move|p2a: Regieleki|Volt Switch|p1a: Slowking
|-damage|p1a: Slowking|39/100
|
|t:|1641740120
|switch|p2a: Pelipper|Pelipper, M|92/100|[from]move: Volt Switch
|-damage|p2a: Pelipper|67/100|[from] Stealth Rock
|
|-weather|none
|upkeep
|turn|10
|
|t:|1641740127
|move|p2a: Pelipper|U-turn|p1a: Slowking
|-damage|p1a: Slowking|31/100
|
|t:|1641740129
|switch|p2a: Ferrothorn|Ferrothorn, M|49/100|[from]move: U-turn
|-damage|p2a: Ferrothorn|43/100|[from] Stealth Rock
|move|p1a: Slowking|Future Sight|p2a: Ferrothorn
|-start|p1a: Slowking|move: Future Sight
|
|upkeep
|turn|11
|
|t:|1641740134
|switch|p2a: Pelipper|Pelipper, M|67/100
|-damage|p2a: Pelipper|43/100|[from] Stealth Rock
|-weather|RainDance|[from] ability: Drizzle|[of] p2a: Pelipper
|move|p1a: Slowking|Flamethrower|p2a: Pelipper
|-resisted|p2a: Pelipper
|-damage|p2a: Pelipper|34/100
|
|-weather|RainDance|[upkeep]
|upkeep
|turn|12
|
|t:|1641740139
|move|p2a: Pelipper|Roost|p2a: Pelipper
|-heal|p2a: Pelipper|84/100
|-singleturn|p2a: Pelipper|move: Roost
|move|p1a: Slowking|Flamethrower|p2a: Pelipper
|-resisted|p2a: Pelipper
|-damage|p2a: Pelipper|75/100
|
|-weather|RainDance|[upkeep]
|-end|p2a: Pelipper|move: Future Sight
|-damage|p2a: Pelipper|4/100
|upkeep
|turn|13
|
|t:|1641740148
|move|p2a: Pelipper|U-turn|p1a: Slowking
|-damage|p1a: Slowking|23/100
|
|t:|1641740151
|switch|p2a: Barraskewda|Barraskewda, M|100/100|[from]move: U-turn
|-damage|p2a: Barraskewda|88/100|[from] Stealth Rock
|move|p1a: Slowking|Sludge Bomb|p2a: Barraskewda
|-damage|p2a: Barraskewda|5/100
|
|-weather|RainDance|[upkeep]
|upkeep
|turn|14
|
|t:|1641740160
|switch|p1a: Dragonite|Dragonite, F, shiny|77/100
|-damage|p1a: Dragonite|52/100|[from] Stealth Rock
|move|p2a: Barraskewda|Flip Turn|p1a: Dragonite
|-resisted|p1a: Dragonite
|-damage|p1a: Dragonite|25/100
|
|t:|1641740162
|switch|p2a: Regieleki|Regieleki|46/100|[from]move: Flip Turn
|-damage|p2a: Regieleki|33/100|[from] Stealth Rock
|
|-weather|RainDance|[upkeep]
|upkeep
|turn|15
|
|t:|1641740171
|move|p2a: Regieleki|Rapid Spin|p1a: Dragonite
|-damage|p1a: Dragonite|18/100
|-boost|p2a: Regieleki|spe|1
|-sideend|p2: bing_gan233|Stealth Rock|[from] move: Rapid Spin|[of] p2a: Regieleki
|move|p1a: Dragonite|Earthquake|p2a: Regieleki
|-supereffective|p2a: Regieleki
|-damage|p2a: Regieleki|0 fnt
|faint|p2a: Regieleki
|
|-weather|RainDance|[upkeep]
|upkeep
|
|t:|1641740177
|switch|p2a: Barraskewda|Barraskewda, M|5/100
|turn|16
|
|t:|1641740185
|move|p2a: Barraskewda|Flip Turn|p1a: Dragonite
|-resisted|p1a: Dragonite
|-damage|p1a: Dragonite|0 fnt
|faint|p1a: Dragonite
|
|t:|1641740187
|switch|p2a: Xurkitree|Xurkitree|100/100|[from]move: Flip Turn
|
|-weather|RainDance|[upkeep]
|upkeep
|
|t:|1641740192
|switch|p1a: Tyranitar|Tyranitar, F|100/100
|-damage|p1a: Tyranitar|88/100|[from] Stealth Rock
|-weather|Sandstorm|[from] ability: Sand Stream|[of] p1a: Tyranitar
|turn|17
|
|t:|1641740195
|switch|p2a: Pelipper|Pelipper, M|4/100
|-weather|RainDance|[from] ability: Drizzle|[of] p2a: Pelipper
|move|p1a: Tyranitar|Crunch|p2a: Pelipper
|-damage|p2a: Pelipper|0 fnt
|faint|p2a: Pelipper
|
|-weather|RainDance|[upkeep]
|upkeep
|
|t:|1641740199
|switch|p2a: Barraskewda|Barraskewda, M|5/100
|turn|18
|
|t:|1641740206
|switch|p1a: Landorus|Landorus-Therian, M|36/100
|-damage|p1a: Landorus|24/100|[from] Stealth Rock
|-ability|p1a: Landorus|Intimidate|boost
|-unboost|p2a: Barraskewda|atk|1
|move|p2a: Barraskewda|Liquidation|p1a: Landorus
|-supereffective|p1a: Landorus
|-damage|p1a: Landorus|0 fnt
|faint|p1a: Landorus
|
|-weather|RainDance|[upkeep]
|upkeep
|
|t:|1641740209
|switch|p1a: Tapu Fini|Tapu Fini|100/100
|-damage|p1a: Tapu Fini|88/100|[from] Stealth Rock
|-fieldstart|move: Misty Terrain|[from] ability: Misty Surge|[of] p1a: Tapu Fini
|turn|19
|
|t:|1641740214
|switch|p2a: Ferrothorn|Ferrothorn, M|43/100
|move|p1a: Tapu Fini|Trick|p2a: Ferrothorn
|-activate|p1a: Tapu Fini|move: Trick|[of] p2a: Ferrothorn
|-item|p2a: Ferrothorn|Choice Scarf|[from] move: Trick
|-item|p1a: Tapu Fini|Aguav Berry|[from] move: Trick
|
|-weather|RainDance|[upkeep]
|upkeep
|turn|20
|
|t:|1641740216
|move|p1a: Tapu Fini|Defog|p2a: Ferrothorn
|-unboost|p2a: Ferrothorn|evasion|1
|-sideend|p1: SL21CC Leviathan|Stealth Rock|[from] move: Defog|[of] p1a: Tapu Fini
|-fieldend|Misty Terrain
|move|p2a: Ferrothorn|Thunder Wave|p1a: Tapu Fini
|-status|p1a: Tapu Fini|par
|
|-weather|RainDance|[upkeep]
|upkeep
|turn|21
|
|t:|1641740228
|switch|p2a: Barraskewda|Barraskewda, M|5/100
|cant|p1a: Tapu Fini|par
|
|-weather|RainDance|[upkeep]
|upkeep
|turn|22
|
|t:|1641740233
|move|p2a: Barraskewda|Liquidation|p1a: Tapu Fini
|-resisted|p1a: Tapu Fini
|-damage|p1a: Tapu Fini|31/100 par
|move|p1a: Tapu Fini|Moonblast|p2a: Barraskewda
|-damage|p2a: Barraskewda|0 fnt
|faint|p2a: Barraskewda
|
|-weather|RainDance|[upkeep]
|upkeep
|
|t:|1641740239
|switch|p2a: Xurkitree|Xurkitree|100/100
|turn|23
|
|t:|1641740247
|switch|p1a: Slowking|Slowking-Galar, M|56/100
|move|p2a: Xurkitree|Thunderbolt|p1a: Slowking
|-damage|p1a: Slowking|30/100
|
|-weather|RainDance|[upkeep]
|upkeep
|turn|24
|
|t:|1641740260
|move|p2a: Xurkitree|Hypnosis|p1a: Slowking
|-status|p1a: Slowking|slp|[from] move: Hypnosis
|cant|p1a: Slowking|slp
|
|-weather|none
|upkeep
|turn|25
|
|t:|1641740266
|switch|p1a: Tyranitar|Tyranitar, F|88/100
|-weather|Sandstorm|[from] ability: Sand Stream|[of] p1a: Tyranitar
|move|p2a: Xurkitree|Thunderbolt|p1a: Tyranitar
|-damage|p1a: Tyranitar|47/100
|
|-weather|Sandstorm|[upkeep]
|-damage|p2a: Xurkitree|94/100|[from] Sandstorm
|upkeep
|turn|26
|
|t:|1641740281
|switch|p1a: Volcarona|Volcarona, F|100/100
|move|p2a: Xurkitree|Energy Ball|p1a: Volcarona
|-resisted|p1a: Volcarona
|-damage|p1a: Volcarona|92/100
|
|-weather|Sandstorm|[upkeep]
|-damage|p2a: Xurkitree|88/100|[from] Sandstorm
|-damage|p1a: Volcarona|85/100|[from] Sandstorm
|upkeep
|turn|27
|
|t:|1641740285
|move|p2a: Xurkitree|Thunderbolt|p1a: Volcarona
|-damage|p1a: Volcarona|30/100
|move|p1a: Volcarona|Quiver Dance|p1a: Volcarona
|-boost|p1a: Volcarona|spa|1
|-boost|p1a: Volcarona|spd|1
|-boost|p1a: Volcarona|spe|1
|
|-weather|Sandstorm|[upkeep]
|-damage|p1a: Volcarona|24/100|[from] Sandstorm
|-damage|p2a: Xurkitree|82/100|[from] Sandstorm
|upkeep
|turn|28
|
|t:|1641740291
|move|p1a: Volcarona|Roost|p1a: Volcarona
|-heal|p1a: Volcarona|74/100
|-singleturn|p1a: Volcarona|move: Roost
|move|p2a: Xurkitree|Thunderbolt|p1a: Volcarona
|-damage|p1a: Volcarona|39/100
|
|-weather|Sandstorm|[upkeep]
|-damage|p1a: Volcarona|33/100|[from] Sandstorm
|-damage|p2a: Xurkitree|76/100|[from] Sandstorm
|upkeep
|turn|29
|
|t:|1641740298
|move|p1a: Volcarona|Roost|p1a: Volcarona
|-heal|p1a: Volcarona|83/100
|-singleturn|p1a: Volcarona|move: Roost
|move|p2a: Xurkitree|Thunderbolt|p1a: Volcarona
|-damage|p1a: Volcarona|48/100
|
|-weather|none
|upkeep
|turn|30
|
|t:|1641740305
|switch|p2a: Landorus|Landorus-Therian, M|55/100
|-ability|p2a: Landorus|Intimidate|boost
|-unboost|p1a: Volcarona|atk|1
|move|p1a: Volcarona|Quiver Dance|p1a: Volcarona
|-boost|p1a: Volcarona|spa|1
|-boost|p1a: Volcarona|spd|1
|-boost|p1a: Volcarona|spe|1
|
|-heal|p2a: Landorus|61/100|[from] item: Leftovers
|upkeep
|turn|31
|
|t:|1641740310
|move|p1a: Volcarona|Flamethrower|p2a: Landorus
|-damage|p2a: Landorus|0 fnt
|faint|p2a: Landorus
|
|upkeep
|
|t:|1641740313
|switch|p2a: Ferrothorn|Ferrothorn, M|43/100
|turn|32
|
|t:|1641740315
|move|p1a: Volcarona|Flamethrower|p2a: Ferrothorn
|-supereffective|p2a: Ferrothorn
|-damage|p2a: Ferrothorn|0 fnt
|faint|p2a: Ferrothorn
|
|upkeep
|
|t:|1641740317
|switch|p2a: Xurkitree|Xurkitree|76/100
|turn|33
|
|t:|1641740320
|move|p1a: Volcarona|Flamethrower|p2a: Xurkitree
|-damage|p2a: Xurkitree|0 fnt
|faint|p2a: Xurkitree
|
|win|SL21CC Leviathan
|raw|SL21CC Leviathan's rating: 1223 &rarr; <strong>1237</strong><br />(+14 for winning)
|raw|bing_gan233's rating: 1171 &rarr; <strong>1152</strong><br />(-19 for losing)
|l|☆SL21CC Leviathan
|l|☆bing_gan233
