|raw|<div class="broadcast-blue"><strong>This battle is required to be public due to a player having a name starting with 'sl21cc'.</div>
|j|☆sl21cc ryekie
|j|☆SL22CC 蜜雪冰城
|t:|1641825048
|gametype|singles
|player|p1|sl21cc ryekie|pokemonrangerf-gen4|1323
|player|p2|SL22CC 蜜雪冰城|swimmerf-gen4dp|1240
|teamsize|p1|6
|teamsize|p2|6
|gen|8
|tier|[Gen 8] OU
|rated|
|rule|Sleep Clause Mod: Limit one foe put to sleep
|rule|Species Clause: Limit one of each Pokémon
|rule|OHKO Clause: OHKO moves are banned
|rule|Evasion Moves Clause: Evasion moves are banned
|rule|Endless Battle Clause: Forcing endless battles is banned
|rule|HP Percentage Mod: HP is shown in percentages
|rule|Dynamax Clause: You cannot dynamax
|clearpoke
|poke|p1|Tyranitar, M|
|poke|p1|Excadrill, M|
|poke|p1|Clefable, F|
|poke|p1|Skarmory, M|
|poke|p1|Slowbro, M|
|poke|p1|Tapu Koko|
|poke|p2|Excadrill, F|
|poke|p2|Garchomp, F|
|poke|p2|Kartana|
|poke|p2|Toxapex, M|
|poke|p2|Tyranitar, F|
|poke|p2|Landorus-Therian, M|
|teampreview
|inactive|Battle timer is ON: inactive players will automatically lose when time's up. (requested by SL22CC 蜜雪冰城)
|j| adreamew
|
|t:|1641825074
|start
|switch|p1a: Pixel Heart|Clefable, F|100/100
|switch|p2a: Landorus|Landorus-Therian, M|100/100
|-ability|p2a: Landorus|Intimidate|boost
|-unboost|p1a: Pixel Heart|atk|1
|turn|1
|
|t:|1641825087
|move|p2a: Landorus|U-turn|p1a: Pixel Heart
|-resisted|p1a: Pixel Heart
|-damage|p1a: Pixel Heart|91/100
|
|t:|1641825088
|switch|p2a: Tyranitar|Tyranitar, F|100/100|[from]move: U-turn
|-weather|Sandstorm|[from] ability: Sand Stream|[of] p2a: Tyranitar
|move|p1a: Pixel Heart|Stealth Rock|p2a: Tyranitar
|-sidestart|p2: SL22CC 蜜雪冰城|move: Stealth Rock
|
|-weather|Sandstorm|[upkeep]
|upkeep
|turn|2
|
|t:|1641825096
|move|p2a: Tyranitar|Stealth Rock|p1a: Pixel Heart
|-sidestart|p1: sl21cc ryekie|move: Stealth Rock
|move|p1a: Pixel Heart|Trick|p2a: Tyranitar
|-activate|p1a: Pixel Heart|move: Trick|[of] p2a: Tyranitar
|-item|p2a: Tyranitar|Sticky Barb|[from] move: Trick
|-item|p1a: Pixel Heart|Leftovers|[from] move: Trick
|
|-weather|Sandstorm|[upkeep]
|-heal|p1a: Pixel Heart|97/100|[from] item: Leftovers
|-damage|p2a: Tyranitar|88/100|[from] item: Sticky Barb
|upkeep
|turn|3
|
|t:|1641825105
|switch|p2a: Excadrill|Excadrill, F|100/100
|-damage|p2a: Excadrill|97/100|[from] Stealth Rock
|move|p1a: Pixel Heart|Moonblast|p2a: Excadrill
|-resisted|p2a: Excadrill
|-damage|p2a: Excadrill|78/100
|-unboost|p2a: Excadrill|spa|1
|
|-weather|Sandstorm|[upkeep]
|-heal|p2a: Excadrill|84/100|[from] item: Leftovers
|-heal|p1a: Pixel Heart|100/100|[from] item: Leftovers
|upkeep
|turn|4
|
|t:|1641825111
|switch|p1a: THE MUZZLE FACING|Skarmory, M|100/100
|-damage|p1a: THE MUZZLE FACING|88/100|[from] Stealth Rock
|move|p2a: Excadrill|Rapid Spin|p1a: THE MUZZLE FACING
|-resisted|p1a: THE MUZZLE FACING
|-damage|p1a: THE MUZZLE FACING|82/100
|-boost|p2a: Excadrill|spe|1
|-damage|p2a: Excadrill|67/100|[from] item: Rocky Helmet|[of] p1a: THE MUZZLE FACING
|-sideend|p2: SL22CC 蜜雪冰城|Stealth Rock|[from] move: Rapid Spin|[of] p2a: Excadrill
|
|-weather|Sandstorm|[upkeep]
|-heal|p2a: Excadrill|73/100|[from] item: Leftovers
|upkeep
|turn|5
|
|t:|1641825117
|switch|p2a: Toxapex|Toxapex, M|100/100
|move|p1a: THE MUZZLE FACING|Spikes|p2a: Toxapex
|-sidestart|p2: SL22CC 蜜雪冰城|Spikes
|
|-weather|none
|upkeep
|turn|6
|
|t:|1641825124
|switch|p1a: Pixel Heart|Clefable, F|100/100
|move|p2a: Toxapex|Scald|p1a: Pixel Heart
|-damage|p1a: Pixel Heart|88/100
|
|-heal|p1a: Pixel Heart|94/100|[from] item: Leftovers
|upkeep
|turn|7
|j| sl21cc vogut
|
|t:|1641825132
|move|p1a: Pixel Heart|Moonblast|p2a: Toxapex
|-resisted|p2a: Toxapex
|-damage|p2a: Toxapex|87/100
|move|p2a: Toxapex|Toxic Spikes|p1a: Pixel Heart
|-sidestart|p1: sl21cc ryekie|move: Toxic Spikes
|
|-heal|p1a: Pixel Heart|99/100|[from] item: Leftovers
|upkeep
|turn|8
|l| sl21cc vogut
|
|t:|1641825139
|move|p1a: Pixel Heart|Stealth Rock|p2a: Toxapex
|-sidestart|p2: SL22CC 蜜雪冰城|move: Stealth Rock
|move|p2a: Toxapex|Scald|p1a: Pixel Heart
|-damage|p1a: Pixel Heart|88/100
|
|-heal|p1a: Pixel Heart|94/100|[from] item: Leftovers
|upkeep
|turn|9
|
|t:|1641825143
|move|p1a: Pixel Heart|Moonblast|p2a: Toxapex
|-resisted|p2a: Toxapex
|-damage|p2a: Toxapex|73/100
|move|p2a: Toxapex|Scald|p1a: Pixel Heart
|-damage|p1a: Pixel Heart|80/100
|
|-heal|p1a: Pixel Heart|86/100|[from] item: Leftovers
|upkeep
|turn|10
|
|t:|1641825151
|move|p1a: Pixel Heart|Moonblast|p2a: Toxapex
|-resisted|p2a: Toxapex
|-damage|p2a: Toxapex|61/100
|move|p2a: Toxapex|Knock Off|p1a: Pixel Heart
|-resisted|p1a: Pixel Heart
|-damage|p1a: Pixel Heart|79/100
|-enditem|p1a: Pixel Heart|Leftovers|[from] move: Knock Off|[of] p2a: Toxapex
|
|upkeep
|turn|11
|
|t:|1641825160
|move|p1a: Pixel Heart|Moonblast|p2a: Toxapex
|-resisted|p2a: Toxapex
|-crit|p2a: Toxapex
|-damage|p2a: Toxapex|40/100
|move|p2a: Toxapex|Scald|p1a: Pixel Heart
|-damage|p1a: Pixel Heart|66/100
|-status|p1a: Pixel Heart|brn
|
|upkeep
|turn|12
|
|t:|1641825165
|switch|p1a: Angel’s Salad|Slowbro, M|100/100
|move|p2a: Toxapex|Scald|p1a: Angel’s Salad
|-resisted|p1a: Angel’s Salad
|-damage|p1a: Angel’s Salad|91/100
|
|upkeep
|turn|13
|
|t:|1641825183
|move|p1a: Angel’s Salad|Future Sight|p2a: Toxapex
|-start|p1a: Angel’s Salad|move: Future Sight
|move|p2a: Toxapex|Knock Off|p1a: Angel’s Salad
|-supereffective|p1a: Angel’s Salad
|-damage|p1a: Angel’s Salad|75/100
|-enditem|p1a: Angel’s Salad|Heavy-Duty Boots|[from] move: Knock Off|[of] p2a: Toxapex
|
|upkeep
|turn|14
|
|t:|1641825186
|switch|p2a: Tyranitar|Tyranitar, F|88/100
|-damage|p2a: Tyranitar|76/100|[from] Spikes
|-damage|p2a: Tyranitar|63/100|[from] Stealth Rock
|-weather|Sandstorm|[from] ability: Sand Stream|[of] p2a: Tyranitar
|move|p1a: Angel’s Salad|Teleport|p1a: Angel’s Salad
|
|t:|1641825189
|switch|p1a: Scars of FAUNA|Excadrill, M|100/100|[from]move: Teleport
|-damage|p1a: Scars of FAUNA|97/100|[from] Stealth Rock
|
|-weather|Sandstorm|[upkeep]
|-heal|p1a: Scars of FAUNA|100/100|[from] item: Leftovers
|-damage|p2a: Tyranitar|51/100|[from] item: Sticky Barb
|upkeep
|turn|15
|
|t:|1641825201
|move|p2a: Tyranitar|Protect|p2a: Tyranitar
|-singleturn|p2a: Tyranitar|Protect
|move|p1a: Scars of FAUNA|Iron Head|p2a: Tyranitar
|-activate|p2a: Tyranitar|move: Protect
|
|-weather|Sandstorm|[upkeep]
|-end|p2a: Tyranitar|move: Future Sight
|-immune|p2a: Tyranitar
|-damage|p2a: Tyranitar|38/100|[from] item: Sticky Barb
|upkeep
|turn|16
|
|t:|1641825205
|switch|p2a: Landorus|Landorus-Therian, M|100/100
|-damage|p2a: Landorus|88/100|[from] Stealth Rock
|-ability|p2a: Landorus|Intimidate|boost
|-unboost|p1a: Scars of FAUNA|atk|1
|move|p1a: Scars of FAUNA|Rapid Spin|p2a: Landorus
|-damage|p2a: Landorus|80/100
|-boost|p1a: Scars of FAUNA|spe|1
|-damage|p1a: Scars of FAUNA|84/100|[from] item: Rocky Helmet|[of] p2a: Landorus
|-sideend|p1: sl21cc ryekie|Toxic Spikes|[from] move: Rapid Spin|[of] p1a: Scars of FAUNA
|-sideend|p1: sl21cc ryekie|Stealth Rock|[from] move: Rapid Spin|[of] p1a: Scars of FAUNA
|
|-weather|Sandstorm|[upkeep]
|-heal|p1a: Scars of FAUNA|90/100|[from] item: Leftovers
|upkeep
|turn|17
|
|t:|1641825212
|switch|p1a: THE MUZZLE FACING|Skarmory, M|82/100
|move|p2a: Landorus|Stealth Rock|p1a: THE MUZZLE FACING
|-sidestart|p1: sl21cc ryekie|move: Stealth Rock
|
|-weather|Sandstorm|[upkeep]
|upkeep
|turn|18
|
|t:|1641825230
|switch|p2a: Toxapex|Toxapex, M|74/100
|-damage|p2a: Toxapex|62/100|[from] Stealth Rock
|-damage|p2a: Toxapex|49/100|[from] Spikes
|move|p1a: THE MUZZLE FACING|Spikes|p2a: Toxapex
|-sidestart|p2: SL22CC 蜜雪冰城|Spikes
|
|-weather|none
|upkeep
|turn|19
|
|t:|1641825245
|switch|p1a: Angel’s Salad|Slowbro, M|100/100
|-damage|p1a: Angel’s Salad|88/100|[from] Stealth Rock
|switch|p2a: Kartana|Kartana|100/100
|-damage|p2a: Kartana|94/100|[from] Stealth Rock
|-damage|p2a: Kartana|78/100|[from] Spikes
|
|upkeep
|turn|20
|
|t:|1641825258
|switch|p1a: THE MUZZLE FACING|Skarmory, M|82/100
|-damage|p1a: THE MUZZLE FACING|70/100|[from] Stealth Rock
|move|p2a: Kartana|Swords Dance|p2a: Kartana
|-boost|p2a: Kartana|atk|2
|
|upkeep
|turn|21
|
|t:|1641825262
|move|p2a: Kartana|Knock Off|p1a: THE MUZZLE FACING
|-damage|p1a: THE MUZZLE FACING|1/100
|-damage|p2a: Kartana|61/100|[from] item: Rocky Helmet|[of] p1a: THE MUZZLE FACING
|-enditem|p1a: THE MUZZLE FACING|Rocky Helmet|[from] move: Knock Off|[of] p2a: Kartana
|-damage|p2a: Kartana|51/100|[from] item: Life Orb
|move|p1a: THE MUZZLE FACING|Body Press|p2a: Kartana
|-supereffective|p2a: Kartana
|-damage|p2a: Kartana|0 fnt
|faint|p2a: Kartana
|
|upkeep
|
|t:|1641825266
|switch|p2a: Excadrill|Excadrill, F|73/100
|-damage|p2a: Excadrill|70/100|[from] Stealth Rock
|-damage|p2a: Excadrill|54/100|[from] Spikes
|turn|22
|
|t:|1641825276
|switch|p1a: Angel’s Salad|Slowbro, M|100/100
|-damage|p1a: Angel’s Salad|88/100|[from] Stealth Rock
|move|p2a: Excadrill|Rapid Spin|p1a: Angel’s Salad
|-damage|p1a: Angel’s Salad|77/100
|-boost|p2a: Excadrill|spe|1
|-sideend|p2: SL22CC 蜜雪冰城|Spikes|[from] move: Rapid Spin|[of] p2a: Excadrill
|-sideend|p2: SL22CC 蜜雪冰城|Stealth Rock|[from] move: Rapid Spin|[of] p2a: Excadrill
|
|-heal|p2a: Excadrill|60/100|[from] item: Leftovers
|upkeep
|turn|23
|
|t:|1641825288
|switch|p2a: Garchomp|Garchomp, F|100/100
|move|p1a: Angel’s Salad|Future Sight|p2a: Garchomp
|-start|p1a: Angel’s Salad|move: Future Sight
|
|upkeep
|turn|24
|
|t:|1641825291
|move|p2a: Garchomp|Substitute|p2a: Garchomp
|-start|p2a: Garchomp|Substitute
|-damage|p2a: Garchomp|76/100
|move|p1a: Angel’s Salad|Ice Beam|p2a: Garchomp
|-supereffective|p2a: Garchomp
|-end|p2a: Garchomp|Substitute
|
|-heal|p2a: Garchomp|82/100|[from] item: Leftovers
|upkeep
|turn|25
|
|t:|1641825296
|switch|p2a: Tyranitar|Tyranitar, F|38/100
|-weather|Sandstorm|[from] ability: Sand Stream|[of] p2a: Tyranitar
|move|p1a: Angel’s Salad|Ice Beam|p2a: Tyranitar
|-damage|p2a: Tyranitar|30/100
|
|-weather|Sandstorm|[upkeep]
|-damage|p1a: Angel’s Salad|71/100|[from] Sandstorm
|-end|p2a: Tyranitar|move: Future Sight
|-immune|p2a: Tyranitar
|-damage|p2a: Tyranitar|18/100|[from] item: Sticky Barb
|upkeep
|turn|26
|
|t:|1641825306
|switch|p2a: Landorus|Landorus-Therian, M|80/100
|-ability|p2a: Landorus|Intimidate|boost
|-unboost|p1a: Angel’s Salad|atk|1
|switch|p1a: Scars of FAUNA|Excadrill, M|90/100
|-damage|p1a: Scars of FAUNA|87/100|[from] Stealth Rock
|
|-weather|Sandstorm|[upkeep]
|-heal|p1a: Scars of FAUNA|93/100|[from] item: Leftovers
|upkeep
|turn|27
|
|t:|1641825323
|switch|p1a: Angel’s Salad|Slowbro, M|100/100
|-damage|p1a: Angel’s Salad|88/100|[from] Stealth Rock
|move|p2a: Landorus|Earthquake|p1a: Angel’s Salad
|-damage|p1a: Angel’s Salad|62/100
|
|-weather|Sandstorm|[upkeep]
|-damage|p1a: Angel’s Salad|56/100|[from] Sandstorm
|upkeep
|turn|28
|
|t:|1641825330
|move|p2a: Landorus|U-turn|p1a: Angel’s Salad
|-supereffective|p1a: Angel’s Salad
|-damage|p1a: Angel’s Salad|32/100
|
|t:|1641825332
|switch|p2a: Excadrill|Excadrill, F|60/100|[from]move: U-turn
|move|p1a: Angel’s Salad|Slack Off|p1a: Angel’s Salad
|-heal|p1a: Angel’s Salad|82/100
|
|-weather|Sandstorm|[upkeep]
|-damage|p1a: Angel’s Salad|76/100|[from] Sandstorm
|-heal|p2a: Excadrill|66/100|[from] item: Leftovers
|upkeep
|turn|29
|
|t:|1641825345
|move|p2a: Excadrill|Swords Dance|p2a: Excadrill
|-boost|p2a: Excadrill|atk|2
|move|p1a: Angel’s Salad|Teleport|p1a: Angel’s Salad
|
|t:|1641825349
|switch|p1a: Scars of FAUNA|Excadrill, M|93/100|[from]move: Teleport
|-damage|p1a: Scars of FAUNA|90/100|[from] Stealth Rock
|
|-weather|none
|-heal|p1a: Scars of FAUNA|96/100|[from] item: Leftovers
|-heal|p2a: Excadrill|72/100|[from] item: Leftovers
|upkeep
|turn|30
|c|☆sl21cc ryekie|碰一碰
|inactive|SL22CC 蜜雪冰城 has 120 seconds left.
|
|t:|1641825383
|switch|p2a: Landorus|Landorus-Therian, M|80/100
|-ability|p2a: Landorus|Intimidate|boost
|-unboost|p1a: Scars of FAUNA|atk|1
|move|p1a: Scars of FAUNA|Earthquake|p2a: Landorus
|-immune|p2a: Landorus
|
|-heal|p1a: Scars of FAUNA|100/100|[from] item: Leftovers
|upkeep
|turn|31
|
|t:|1641825390
|switch|p1a: Angel’s Salad|Slowbro, M|100/100
|-damage|p1a: Angel’s Salad|88/100|[from] Stealth Rock
|move|p2a: Landorus|Earthquake|p1a: Angel’s Salad
|-damage|p1a: Angel’s Salad|59/100
|
|upkeep
|turn|32
|
|t:|1641825406
|move|p2a: Landorus|Toxic|p1a: Angel’s Salad|[miss]
|-miss|p2a: Landorus|p1a: Angel’s Salad
|move|p1a: Angel’s Salad|Slack Off|p1a: Angel’s Salad
|-heal|p1a: Angel’s Salad|100/100
|
|upkeep
|turn|33
|j| sl21cckhl
|
|t:|1641825425
|move|p2a: Landorus|Toxic|p1a: Angel’s Salad
|-status|p1a: Angel’s Salad|tox
|move|p1a: Angel’s Salad|Future Sight|p2a: Landorus
|-start|p1a: Angel’s Salad|move: Future Sight
|
|-damage|p1a: Angel’s Salad|94/100 tox|[from] psn
|upkeep
|turn|34
|
|t:|1641825430
|move|p2a: Landorus|U-turn|p1a: Angel’s Salad
|-supereffective|p1a: Angel’s Salad
|-damage|p1a: Angel’s Salad|68/100 tox
|
|t:|1641825432
|switch|p2a: Tyranitar|Tyranitar, F|18/100|[from]move: U-turn
|-weather|Sandstorm|[from] ability: Sand Stream|[of] p2a: Tyranitar
|move|p1a: Angel’s Salad|Teleport|p1a: Angel’s Salad
|
|t:|1641825442
|switch|p1a: Scars of FAUNA|Excadrill, M|100/100|[from]move: Teleport
|-damage|p1a: Scars of FAUNA|97/100|[from] Stealth Rock
|
|-weather|Sandstorm|[upkeep]
|-heal|p1a: Scars of FAUNA|100/100|[from] item: Leftovers
|-damage|p2a: Tyranitar|5/100|[from] item: Sticky Barb
|upkeep
|turn|35
|
|t:|1641825446
|move|p2a: Tyranitar|Protect|p2a: Tyranitar
|-singleturn|p2a: Tyranitar|Protect
|move|p1a: Scars of FAUNA|Rapid Spin|p2a: Tyranitar
|-activate|p2a: Tyranitar|move: Protect
|
|-weather|Sandstorm|[upkeep]
|-end|p2a: Tyranitar|move: Future Sight
|-immune|p2a: Tyranitar
|-damage|p2a: Tyranitar|0 fnt|[from] item: Sticky Barb
|faint|p2a: Tyranitar
|upkeep
|
|t:|1641825448
|switch|p2a: Landorus|Landorus-Therian, M|80/100
|-ability|p2a: Landorus|Intimidate|boost
|-unboost|p1a: Scars of FAUNA|atk|1
|turn|36
|
|t:|1641825451
|move|p1a: Scars of FAUNA|Rapid Spin|p2a: Landorus
|-damage|p2a: Landorus|72/100
|-boost|p1a: Scars of FAUNA|spe|1
|-damage|p1a: Scars of FAUNA|84/100|[from] item: Rocky Helmet|[of] p2a: Landorus
|-sideend|p1: sl21cc ryekie|Stealth Rock|[from] move: Rapid Spin|[of] p1a: Scars of FAUNA
|move|p2a: Landorus|Earthquake|p1a: Scars of FAUNA
|-supereffective|p1a: Scars of FAUNA
|-damage|p1a: Scars of FAUNA|0 fnt
|faint|p1a: Scars of FAUNA
|
|-weather|Sandstorm|[upkeep]
|upkeep
|
|t:|1641825460
|switch|p1a: Channel 88|Tyranitar, M|100/100
|turn|37
|
|t:|1641825472
|switch|p1a: THE MUZZLE FACING|Skarmory, M|1/100
|move|p2a: Landorus|Stealth Rock|p1a: THE MUZZLE FACING
|-sidestart|p1: sl21cc ryekie|move: Stealth Rock
|
|-weather|Sandstorm|[upkeep]
|upkeep
|turn|38
|
|t:|1641825488
|move|p2a: Landorus|U-turn|p1a: THE MUZZLE FACING
|-resisted|p1a: THE MUZZLE FACING
|-damage|p1a: THE MUZZLE FACING|0 fnt
|faint|p1a: THE MUZZLE FACING
|
|t:|1641825495
|switch|p2a: Excadrill|Excadrill, F|72/100|[from]move: U-turn
|
|-weather|none
|-heal|p2a: Excadrill|78/100|[from] item: Leftovers
|upkeep
|
|t:|1641825507
|switch|p1a: Channel 88|Tyranitar, M|100/100
|-damage|p1a: Channel 88|88/100|[from] Stealth Rock
|-weather|Sandstorm|[from] ability: Sand Stream|[of] p1a: Channel 88
|turn|39
|inactive|SL22CC 蜜雪冰城 has 120 seconds left.
|
|t:|1641825540
|move|p2a: Excadrill|Earthquake|p1a: Channel 88
|-supereffective|p1a: Channel 88
|-crit|p1a: Channel 88
|-damage|p1a: Channel 88|0 fnt
|faint|p1a: Channel 88
|
|-weather|Sandstorm|[upkeep]
|-heal|p2a: Excadrill|84/100|[from] item: Leftovers
|upkeep
|inactive|sl21cc ryekie has 120 seconds left.
|inactive|sl21cc ryekie has 90 seconds left.
|c|☆sl21cc ryekie|..
|-message|sl21cc ryekie forfeited.
|
|win|SL22CC 蜜雪冰城
|raw|sl21cc ryekie's rating: 1323 &rarr; <strong>1303</strong><br />(-20 for losing)
|raw|SL22CC 蜜雪冰城's rating: 1240 &rarr; <strong>1259</strong><br />(+19 for winning)
|l| adreamew
