|raw|<div class="broadcast-blue"><strong>This battle is required to be public due to a player having a name starting with 'sl21cc'.</div>
|j|☆SL21CC KFC嫩牛五方
|j|☆SL21CC N1Daye
|t:|1641825220
|gametype|singles
|player|p1|SL21CC KFC嫩牛五方|baker|1302
|player|p2|SL21CC N1Daye|265|1219
|teamsize|p1|6
|teamsize|p2|6
|gen|8
|tier|[Gen 8] OU
|rated|
|rule|Sleep Clause Mod: Limit one foe put to sleep
|rule|Species Clause: Limit one of each Pokémon
|rule|OHKO Clause: OHKO moves are banned
|rule|Evasion Moves Clause: Evasion moves are banned
|rule|Endless Battle Clause: Forcing endless battles is banned
|rule|HP Percentage Mod: HP is shown in percentages
|rule|Dynamax Clause: You cannot dynamax
|clearpoke
|poke|p1|Melmetal|
|poke|p1|Cresselia, F|
|poke|p1|Crawdaunt, M|
|poke|p1|Hatterene, F|
|poke|p1|Porygon2|
|poke|p1|Marowak-Alola, M|
|poke|p2|Slurpuff, F|
|poke|p2|Mew|
|poke|p2|Urshifu-*, M|
|poke|p2|Kartana|
|poke|p2|Weavile, F|
|poke|p2|Zapdos-Galar|
|teampreview
|j| SL21CC Leviathan
|
|t:|1641825266
|start
|switch|p1a: Hatterene|Hatterene, F|100/100
|switch|p2a: Mew|Mew|100/100
|turn|1
|
|t:|1641825273
|move|p2a: Mew|Imprison|p2a: Mew
|-start|p2a: Mew|move: Imprison
|cant|p1a: Hatterene|move: Imprison|Trick Room
|
|upkeep
|turn|2
|j| jiokopg_fkok43
|j| adreamew
|
|t:|1641825296
|switch|p1a: Melmetal|Melmetal|100/100
|move|p2a: Mew|Transform|p1a: Melmetal
|-transform|p2a: Mew|p1a: Melmetal
|
|upkeep
|turn|3
|
|t:|1641825306
|switch|p1a: Cresselia|Cresselia, F|100/100
|move|p2a: Mew|Double Iron Bash|p1a: Cresselia
|-damage|p1a: Cresselia|79/100
|-damage|p1a: Cresselia|58/100
|-hitcount|p1a: Cresselia|2
|
|upkeep
|turn|4
|
|t:|1641825311
|move|p1a: Cresselia|Moonlight|p1a: Cresselia
|-heal|p1a: Cresselia|100/100
|move|p2a: Mew|Double Iron Bash|p1a: Cresselia
|-damage|p1a: Cresselia|80/100
|-damage|p1a: Cresselia|60/100
|-hitcount|p1a: Cresselia|2
|
|upkeep
|turn|5
|
|t:|1641825321
|move|p1a: Cresselia|Moonlight|p1a: Cresselia
|-heal|p1a: Cresselia|100/100
|move|p2a: Mew|Double Iron Bash|p1a: Cresselia
|-damage|p1a: Cresselia|81/100
|-damage|p1a: Cresselia|59/100
|-hitcount|p1a: Cresselia|2
|
|upkeep
|turn|6
|
|t:|1641825328
|move|p1a: Cresselia|Moonlight|p1a: Cresselia
|-heal|p1a: Cresselia|100/100
|move|p2a: Mew|Double Iron Bash|p1a: Cresselia
|-damage|p1a: Cresselia|80/100
|-damage|p1a: Cresselia|57/100
|-hitcount|p1a: Cresselia|2
|
|upkeep
|turn|7
|
|t:|1641825331
|move|p1a: Cresselia|Moonlight|p1a: Cresselia
|-heal|p1a: Cresselia|100/100
|move|p2a: Mew|Double Iron Bash|p1a: Cresselia
|-damage|p1a: Cresselia|79/100
|-damage|p1a: Cresselia|58/100
|-hitcount|p1a: Cresselia|2
|
|upkeep
|turn|8
|
|t:|1641825336
|switch|p2a: Slurpuff|Slurpuff, F|100/100
|move|p1a: Cresselia|Moonlight|p1a: Cresselia
|-heal|p1a: Cresselia|100/100
|
|upkeep
|turn|9
|
|t:|1641825343
|switch|p2a: Mew|Mew|100/100
|switch|p1a: Hatterene|Hatterene, F|100/100
|
|upkeep
|turn|10
|
|t:|1641825348
|move|p2a: Mew|Imprison|p2a: Mew
|-start|p2a: Mew|move: Imprison
|cant|p1a: Hatterene|move: Imprison|Trick Room
|
|upkeep
|turn|11
|
|t:|1641825355
|switch|p1a: Cresselia|Cresselia, F|100/100
|move|p2a: Mew|Transform|p1a: Cresselia
|-transform|p2a: Mew|p1a: Cresselia
|
|upkeep
|turn|12
|
|t:|1641825362
|switch|p1a: Hatterene|Hatterene, F|100/100
|move|p2a: Mew|Ice Beam|p1a: Hatterene
|-damage|p1a: Hatterene|82/100
|
|upkeep
|turn|13
|
|t:|1641825374
|move|p2a: Mew|Ice Beam|p1a: Hatterene
|-damage|p1a: Hatterene|66/100
|move|p1a: Hatterene|Mystical Fire|p2a: Mew
|-damage|p2a: Mew|85/100
|-unboost|p2a: Mew|spa|1
|
|-heal|p2a: Mew|91/100|[from] item: Leftovers
|upkeep
|turn|14
|
|t:|1641825388
|move|p2a: Mew|Ice Beam|p1a: Hatterene
|-damage|p1a: Hatterene|55/100
|move|p1a: Hatterene|Mystical Fire|p2a: Mew
|-damage|p2a: Mew|76/100
|-unboost|p2a: Mew|spa|1
|
|-heal|p2a: Mew|82/100|[from] item: Leftovers
|upkeep
|turn|15
|
|t:|1641825402
|move|p2a: Mew|Ice Beam|p1a: Hatterene
|-damage|p1a: Hatterene|47/100
|move|p1a: Hatterene|Psychic|p2a: Mew
|-resisted|p2a: Mew
|-damage|p2a: Mew|69/100
|
|-heal|p2a: Mew|75/100|[from] item: Leftovers
|upkeep
|turn|16
|
|t:|1641825406
|move|p2a: Mew|Ice Beam|p1a: Hatterene
|-damage|p1a: Hatterene|37/100
|-status|p1a: Hatterene|frz
|-curestatus|p1a: Hatterene|frz|[msg]
|move|p1a: Hatterene|Psychic|p2a: Mew
|-resisted|p2a: Mew
|-damage|p2a: Mew|62/100
|
|-heal|p2a: Mew|68/100|[from] item: Leftovers
|upkeep
|turn|17
|j| sl21cckhl
|
|t:|1641825415
|move|p2a: Mew|Moonlight|p2a: Mew
|-heal|p2a: Mew|100/100
|move|p1a: Hatterene|Psychic|p2a: Mew
|-resisted|p2a: Mew
|-damage|p2a: Mew|86/100
|
|-heal|p2a: Mew|93/100|[from] item: Leftovers
|upkeep
|turn|18
|
|t:|1641825421
|switch|p2a: Weavile|Weavile, F|100/100
|-ability|p2a: Weavile|Pressure
|switch|p1a: Cresselia|Cresselia, F|100/100
|
|upkeep
|turn|19
|
|t:|1641825424
|move|p2a: Weavile|Knock Off|p1a: Cresselia
|-supereffective|p1a: Cresselia
|-crit|p1a: Cresselia
|-damage|p1a: Cresselia|32/100
|-enditem|p1a: Cresselia|Mental Herb|[from] move: Knock Off|[of] p2a: Weavile
|move|p1a: Cresselia|Trick Room|p1a: Cresselia
|-fieldstart|move: Trick Room|[of] p1a: Cresselia
|
|upkeep
|turn|20
|
|t:|1641825436
|switch|p2a: Slurpuff|Slurpuff, F|100/100
|move|p1a: Cresselia|Lunar Dance|p1a: Cresselia
|faint|p1a: Cresselia
|
|upkeep
|
|t:|1641825438
|switch|p1a: Melmetal|Melmetal|100/100
|turn|21
|
|t:|1641825444
|move|p2a: Slurpuff|Endure|p2a: Slurpuff
|-singleturn|p2a: Slurpuff|move: Endure
|move|p1a: Melmetal|Double Iron Bash|p2a: Slurpuff
|-supereffective|p2a: Slurpuff
|-activate|p2a: Slurpuff|move: Endure
|-damage|p2a: Slurpuff|1/100
|-supereffective|p2a: Slurpuff
|-activate|p2a: Slurpuff|move: Endure
|-damage|p2a: Slurpuff|1/100
|-hitcount|p2a: Slurpuff|2
|
|upkeep
|turn|22
|-enditem|p2a: Slurpuff|Custap Berry|[eat]
|-activate|p2a: Slurpuff|item: Custap Berry|[consumed]
|
|t:|1641825449
|move|p2a: Slurpuff|Endure||[still]
|-fail|p2a: Slurpuff
|move|p1a: Melmetal|Double Iron Bash|p2a: Slurpuff
|-supereffective|p2a: Slurpuff
|-damage|p2a: Slurpuff|0 fnt
|faint|p2a: Slurpuff
|-hitcount|p2: Slurpuff|1
|
|upkeep
|
|t:|1641825457
|switch|p2a: Kartana|Kartana|100/100
|turn|23
|
|t:|1641825468
|move|p1a: Melmetal|Double Iron Bash|p2a: Kartana
|-resisted|p2a: Kartana
|-damage|p2a: Kartana|64/100
|-resisted|p2a: Kartana
|-damage|p2a: Kartana|32/100
|-hitcount|p2a: Kartana|2
|move|p2a: Kartana|Swords Dance|p2a: Kartana
|-boost|p2a: Kartana|atk|2
|
|-fieldend|move: Trick Room
|upkeep
|turn|24
|
|t:|1641825471
|move|p2a: Kartana|Sacred Sword|p1a: Melmetal
|-supereffective|p1a: Melmetal
|-damage|p1a: Melmetal|0 fnt
|faint|p1a: Melmetal
|-ability|p2a: Kartana|Beast Boost|boost
|-boost|p2a: Kartana|atk|1
|-damage|p2a: Kartana|22/100|[from] item: Life Orb
|
|upkeep
|
|t:|1641825474
|switch|p1a: Knocked|Crawdaunt, M, shiny|100/100
|turn|25
|
|t:|1641825477
|move|p1a: Knocked|Aqua Jet|p2a: Kartana
|-resisted|p2a: Kartana
|-damage|p2a: Kartana|2/100
|-damage|p1a: Knocked|90/100|[from] item: Life Orb
|move|p2a: Kartana|Leaf Blade|p1a: Knocked
|-supereffective|p1a: Knocked
|-damage|p1a: Knocked|0 fnt
|faint|p1a: Knocked
|-ability|p2a: Kartana|Beast Boost|boost
|-boost|p2a: Kartana|atk|1
|-damage|p2a: Kartana|0 fnt|[from] item: Life Orb
|faint|p2a: Kartana
|
|upkeep
|
|t:|1641825481
|switch|p2a: Zapdos|Zapdos-Galar|100/100
|switch|p1a: Hatterene|Hatterene, F|37/100
|-heal|p1a: Hatterene|100/100|[from] move: Lunar Dance
|turn|26
|
|t:|1641825484
|move|p2a: Zapdos|Brave Bird|p1a: Hatterene
|-damage|p1a: Hatterene|33/100
|-damage|p2a: Zapdos|78/100|[from] Recoil
|move|p1a: Hatterene|Trick Room|p1a: Hatterene
|-fieldstart|move: Trick Room|[of] p1a: Hatterene
|
|upkeep
|turn|27
|
|t:|1641825489
|move|p1a: Hatterene|Healing Wish|p1a: Hatterene
|faint|p1a: Hatterene
|move|p2a: Zapdos|Brave Bird|p1: Hatterene|[notarget]
|-fail|p2a: Zapdos
|
|upkeep
|
|t:|1641825492
|switch|p1a: Porygon2|Porygon2|100/100
|-ability|p1a: Porygon2|Download|boost
|-boost|p1a: Porygon2|atk|1
|turn|28
|
|t:|1641825496
|switch|p2a: Mew|Mew|93/100
|move|p1a: Porygon2|Thunderbolt|p2a: Mew
|-damage|p2a: Mew|69/100
|
|-heal|p2a: Mew|75/100|[from] item: Leftovers
|upkeep
|turn|29
|
|t:|1641825499
|switch|p1a: Marowak|Marowak-Alola, M|100/100
|move|p2a: Mew|Imprison|p2a: Mew
|-start|p2a: Mew|move: Imprison
|
|-heal|p2a: Mew|81/100|[from] item: Leftovers
|upkeep
|turn|30
|
|t:|1641825506
|switch|p2a: Weavile|Weavile, F|100/100
|-ability|p2a: Weavile|Pressure
|move|p1a: Marowak|Poltergeist|p2a: Weavile
|-activate|p2a: Weavile|move: Poltergeist|Heavy-Duty Boots
|-resisted|p2a: Weavile
|-damage|p2a: Weavile|17/100
|
|-fieldend|move: Trick Room
|upkeep
|turn|31
|
|t:|1641825509
|switch|p1a: Porygon2|Porygon2|100/100
|-ability|p1a: Porygon2|Download|boost
|-boost|p1a: Porygon2|atk|1
|move|p2a: Weavile|Knock Off|p1a: Porygon2
|-damage|p1a: Porygon2|70/100
|-enditem|p1a: Porygon2|Eviolite|[from] move: Knock Off|[of] p2a: Weavile
|
|upkeep
|turn|32
|
|t:|1641825517
|move|p2a: Weavile|Triple Axel|p1a: Porygon2
|-damage|p1a: Porygon2|60/100
|-hitcount|p1a: Porygon2|1
|move|p1a: Porygon2|Trick Room|p1a: Porygon2
|-fieldstart|move: Trick Room|[of] p1a: Porygon2
|
|upkeep
|turn|33
|
|t:|1641825524
|switch|p1a: Marowak|Marowak-Alola, M|100/100
|move|p2a: Weavile|Triple Axel|p1a: Marowak
|-resisted|p1a: Marowak
|-damage|p1a: Marowak|95/100
|-resisted|p1a: Marowak
|-damage|p1a: Marowak|85/100
|-resisted|p1a: Marowak
|-damage|p1a: Marowak|70/100
|-hitcount|p1a: Marowak|3
|
|upkeep
|turn|34
|
|t:|1641825533
|move|p2a: Weavile|Ice Shard|p1a: Marowak
|-resisted|p1a: Marowak
|-damage|p1a: Marowak|60/100
|move|p1a: Marowak|Flare Blitz|p2a: Weavile
|-supereffective|p2a: Weavile
|-damage|p2a: Weavile|0 fnt
|faint|p2a: Weavile
|
|upkeep
|
|t:|1641825535
|switch|p2a: Urshifu|Urshifu-Rapid-Strike, M|100/100
|turn|35
|
|t:|1641825538
|move|p2a: Urshifu|Aqua Jet|p1a: Marowak
|-supereffective|p1a: Marowak
|-damage|p1a: Marowak|18/100
|move|p1a: Marowak|Poltergeist|p2a: Urshifu
|-activate|p2a: Urshifu|move: Poltergeist|Protective Pads
|-crit|p2a: Urshifu
|-damage|p2a: Urshifu|0 fnt
|faint|p2a: Urshifu
|
|upkeep
|
|t:|1641825542
|switch|p2a: Mew|Mew|81/100
|turn|36
|
|t:|1641825546
|switch|p1a: Porygon2|Porygon2|60/100
|-heal|p1a: Porygon2|100/100|[from] move: Healing Wish
|-ability|p1a: Porygon2|Download|boost
|-boost|p1a: Porygon2|spa|1
|move|p2a: Mew|Transform|p1a: Porygon2
|-transform|p2a: Mew|p1a: Porygon2
|-ability|p2a: Mew|Download|boost
|-boost|p2a: Mew|atk|1
|
|-heal|p2a: Mew|88/100|[from] item: Leftovers
|-fieldend|move: Trick Room
|upkeep
|turn|37
|
|t:|1641825557
|move|p1a: Porygon2|Trick Room|p1a: Porygon2
|-fieldstart|move: Trick Room|[of] p1a: Porygon2
|move|p2a: Mew|Trick Room|p2a: Mew
|-fieldend|move: Trick Room
|
|-heal|p2a: Mew|94/100|[from] item: Leftovers
|upkeep
|turn|38
|
|t:|1641825564
|move|p2a: Mew|Teleport|p2a: Mew
|
|t:|1641825569
|switch|p2a: Zapdos|Zapdos-Galar|78/100|[from]move: Teleport
|move|p1a: Porygon2|Trick Room|p1a: Porygon2
|-fieldstart|move: Trick Room|[of] p1a: Porygon2
|
|upkeep
|turn|39
|
|t:|1641825579
|move|p1a: Porygon2|Thunderbolt|p2a: Zapdos
|-supereffective|p2a: Zapdos
|-damage|p2a: Zapdos|0 fnt
|faint|p2a: Zapdos
|
|upkeep
|
|t:|1641825581
|switch|p2a: Mew|Mew|94/100
|turn|40
|
|t:|1641825584
|move|p1a: Porygon2|Teleport|p1a: Porygon2
|
|t:|1641825586
|switch|p1a: Marowak|Marowak-Alola, M|18/100|[from]move: Teleport
|move|p2a: Mew|Trick Room|p2a: Mew
|-fieldend|move: Trick Room
|
|-heal|p2a: Mew|99/100|[from] item: Leftovers
|upkeep
|turn|41
|
|t:|1641825596
|move|p2a: Mew|Transform|p1a: Marowak
|-transform|p2a: Mew|p1a: Marowak
|move|p1a: Marowak|Poltergeist|p2a: Mew
|-activate|p2a: Mew|move: Poltergeist|Leftovers
|-supereffective|p2a: Mew
|-damage|p2a: Mew|0 fnt
|faint|p2a: Mew
|
|win|SL21CC KFC嫩牛五方
|raw|SL21CC KFC嫩牛五方's rating: 1315 &rarr; <strong>1326</strong><br />(+11 for winning)
|raw|SL21CC N1Daye's rating: 1219 &rarr; <strong>1207</strong><br />(-12 for losing)
|l| SL21CC Leviathan
|l|☆SL21CC KFC嫩牛五方
|l|☆SL21CC N1Daye
