|raw|<div class="broadcast-blue"><strong>This battle is required to be public due to a player having a name starting with 'sl21cc'.</div>
|j|☆SL21CC91影先生
|j|☆SL21CC ginko
|t:|1641741126
|gametype|singles
|player|p1|SL21CC91影先生|acetrainer-gen4dp|1357
|player|p2|SL21CC ginko|line38324.png|1316
|teamsize|p1|6
|teamsize|p2|6
|gen|8
|tier|[Gen 8] OU
|rated|
|rule|Sleep Clause Mod: Limit one foe put to sleep
|rule|Species Clause: Limit one of each Pokémon
|rule|OHKO Clause: OHKO moves are banned
|rule|Evasion Moves Clause: Evasion moves are banned
|rule|Endless Battle Clause: Forcing endless battles is banned
|rule|HP Percentage Mod: HP is shown in percentages
|rule|Dynamax Clause: You cannot dynamax
|clearpoke
|poke|p1|Bisharp, F|
|poke|p1|Slowking, M|
|poke|p1|Hippowdon, F|
|poke|p1|Tapu Koko|
|poke|p1|Clefable, M|
|poke|p1|Skarmory, F|
|poke|p2|Heatran, M|
|poke|p2|Moltres-Galar|
|poke|p2|Dragapult, M|
|poke|p2|Garchomp, F|
|poke|p2|Cloyster, F|
|poke|p2|Kartana|
|teampreview
|j| 9skythunderouskick
|j|♚The Steel Shadow
|inactive|Battle timer is ON: inactive players will automatically lose when time's up. (requested by SL21CC91影先生)
|j| SL21CC Leviathan
|j| water GH0ST
|inactive|SL21CC ginko has 120 seconds left.
|c| water GH0ST|鸡头哥怎么打一把换一次队伍
|j| SL21CCCHINESENGEIL
|c|☆SL21CC91影先生|这不是怕一些小团体麻
|
|t:|1641741183
|start
|switch|p1a: Clefable|Clefable, M|100/100
|switch|p2a: Heatran|Heatran, M|100/100
|-item|p2a: Heatran|Air Balloon
|turn|1
|j| adreamew
|
|t:|1641741186
|switch|p1a: Slowking|Slowking, M|100/100
|move|p2a: Heatran|Eruption|p1a: Slowking
|-resisted|p1a: Slowking
|-damage|p1a: Slowking|75/100
|
|upkeep
|turn|2
|
|t:|1641741189
|move|p2a: Heatran|Stealth Rock|p1a: Slowking
|-sidestart|p1: SL21CC91影先生|move: Stealth Rock
|move|p1a: Slowking|Scald|p2a: Heatran
|-supereffective|p2a: Heatran
|-damage|p2a: Heatran|50/100
|-enditem|p2a: Heatran|Air Balloon
|
|upkeep
|turn|3
|
|t:|1641741195
|switch|p2a: Dragapult|Dragapult, M|100/100
|move|p1a: Slowking|Scald|p2a: Dragapult
|-resisted|p2a: Dragapult
|-damage|p2a: Dragapult|83/100
|
|upkeep
|turn|4
|
|t:|1641741207
|switch|p2a: Heatran|Heatran, M|50/100
|move|p1a: Slowking|Teleport|p1a: Slowking
|
|t:|1641741222
|switch|p1a: Hippowdon|Hippowdon, F, shiny|100/100|[from]move: Teleport
|-damage|p1a: Hippowdon|94/100|[from] Stealth Rock
|-weather|Sandstorm|[from] ability: Sand Stream|[of] p1a: Hippowdon
|
|-weather|Sandstorm|[upkeep]
|-heal|p1a: Hippowdon|100/100|[from] item: Leftovers
|upkeep
|turn|5
|
|t:|1641741227
|switch|p1a: Slowking|Slowking, M|100/100
|move|p2a: Heatran|Magma Storm|p1a: Slowking|[miss]
|-miss|p2a: Heatran|p1a: Slowking
|
|-weather|Sandstorm|[upkeep]
|-damage|p1a: Slowking|94/100|[from] Sandstorm
|upkeep
|turn|6
|
|t:|1641741230
|switch|p2a: Moltres|Moltres-Galar|100/100
|move|p1a: Slowking|Scald|p2a: Moltres
|-damage|p2a: Moltres|79/100
|-status|p2a: Moltres|brn
|
|-weather|Sandstorm|[upkeep]
|-damage|p2a: Moltres|73/100 brn|[from] Sandstorm
|-damage|p1a: Slowking|88/100|[from] Sandstorm
|-damage|p2a: Moltres|67/100 brn|[from] brn
|upkeep
|turn|7
|
|t:|1641741239
|switch|p2a: Garchomp|Garchomp, F|100/100
|move|p1a: Slowking|Teleport|p1a: Slowking
|
|t:|1641741242
|switch|p1a: Clefable|Clefable, M|100/100|[from]move: Teleport
|
|-weather|Sandstorm|[upkeep]
|upkeep
|turn|8
|
|t:|1641741247
|switch|p2a: Heatran|Heatran, M|50/100
|move|p1a: Clefable|Moonblast|p2a: Heatran
|-resisted|p2a: Heatran
|-damage|p2a: Heatran|40/100
|
|-weather|none
|upkeep
|turn|9
|
|t:|1641741272
|switch|p2a: Dragapult|Dragapult, M|83/100
|switch|p1a: Slowking|Slowking, M|100/100
|
|upkeep
|turn|10
|
|t:|1641741275
|move|p2a: Dragapult|Dragon Darts|p1a: Slowking
|-damage|p1a: Slowking|69/100
|-anim|p2a: Dragapult|Dragon Darts|p1a: Slowking
|-damage|p1a: Slowking|39/100
|move|p1a: Slowking|Teleport|p1a: Slowking
|
|t:|1641741283
|switch|p1a: Hippowdon|Hippowdon, F, shiny|100/100|[from]move: Teleport
|-damage|p1a: Hippowdon|94/100|[from] Stealth Rock
|-weather|Sandstorm|[from] ability: Sand Stream|[of] p1a: Hippowdon
|
|-weather|Sandstorm|[upkeep]
|-damage|p2a: Dragapult|77/100|[from] Sandstorm
|-heal|p1a: Hippowdon|100/100|[from] item: Leftovers
|upkeep
|turn|11
|
|t:|1641741286
|switch|p2a: Moltres|Moltres-Galar|67/100 brn
|move|p1a: Hippowdon|Earthquake|p2a: Moltres
|-immune|p2a: Moltres
|
|-weather|Sandstorm|[upkeep]
|-damage|p2a: Moltres|60/100 brn|[from] Sandstorm
|-damage|p2a: Moltres|54/100 brn|[from] brn
|upkeep
|turn|12
|
|t:|1641741290
|move|p2a: Moltres|Hurricane|p1a: Hippowdon|[miss]
|-miss|p2a: Moltres|p1a: Hippowdon
|move|p1a: Hippowdon|Stealth Rock|p2a: Moltres
|-sidestart|p2: SL21CC ginko|move: Stealth Rock
|
|-weather|Sandstorm|[upkeep]
|-damage|p2a: Moltres|48/100 brn|[from] Sandstorm
|-damage|p2a: Moltres|42/100 brn|[from] brn
|upkeep
|turn|13
|
|t:|1641741309
|switch|p1a: Tapu Koko|Tapu Koko|100/100
|-fieldstart|move: Electric Terrain|[from] ability: Electric Surge|[of] p1a: Tapu Koko
|move|p2a: Moltres|Hurricane|p1a: Tapu Koko
|-resisted|p1a: Tapu Koko
|-damage|p1a: Tapu Koko|64/100
|
|-weather|Sandstorm|[upkeep]
|-damage|p1a: Tapu Koko|58/100|[from] Sandstorm
|-damage|p2a: Moltres|36/100 brn|[from] Sandstorm
|-damage|p2a: Moltres|29/100 brn|[from] brn
|upkeep
|turn|14
|
|t:|1641741319
|switch|p2a: Kartana|Kartana|100/100
|-damage|p2a: Kartana|94/100|[from] Stealth Rock
|move|p1a: Tapu Koko|Roost|p1a: Tapu Koko
|-heal|p1a: Tapu Koko|100/100
|-singleturn|p1a: Tapu Koko|move: Roost
|
|-weather|none
|upkeep
|turn|15
|j| Bird of belief ❀
|
|t:|1641741324
|switch|p1a: Skarmory|Skarmory, F|100/100
|-damage|p1a: Skarmory|88/100|[from] Stealth Rock
|move|p2a: Kartana|Knock Off|p1a: Skarmory
|-damage|p1a: Skarmory|62/100
|-damage|p2a: Kartana|78/100|[from] item: Rocky Helmet|[of] p1a: Skarmory
|-enditem|p1a: Skarmory|Rocky Helmet|[from] move: Knock Off|[of] p2a: Kartana
|
|upkeep
|turn|16
|l| Bird of belief ❀
|l| water GH0ST
|
|t:|1641741332
|switch|p2a: Heatran|Heatran, M|40/100
|-damage|p2a: Heatran|28/100|[from] Stealth Rock
|move|p1a: Skarmory|Roost|p1a: Skarmory
|-heal|p1a: Skarmory|100/100
|-singleturn|p1a: Skarmory|move: Roost
|
|upkeep
|turn|17
|
|t:|1641741336
|switch|p2a: Dragapult|Dragapult, M|77/100
|-damage|p2a: Dragapult|65/100|[from] Stealth Rock
|switch|p1a: Slowking|Slowking, M|72/100
|
|-fieldend|move: Electric Terrain
|upkeep
|turn|18
|
|t:|1641741341
|switch|p1a: Clefable|Clefable, M|100/100
|move|p2a: Dragapult|Dragon Darts|p1a: Clefable
|-immune|p1a: Clefable
|
|upkeep
|turn|19
|
|t:|1641741343
|move|p2a: Dragapult|Steel Wing|p1a: Clefable
|-supereffective|p1a: Clefable
|-damage|p1a: Clefable|60/100
|-boost|p2a: Dragapult|def|1
|move|p1a: Clefable|Moonblast|p2a: Dragapult
|-supereffective|p2a: Dragapult
|-damage|p2a: Dragapult|0 fnt
|faint|p2a: Dragapult
|
|upkeep
|
|t:|1641741355
|switch|p2a: Kartana|Kartana|78/100
|-damage|p2a: Kartana|72/100|[from] Stealth Rock
|turn|20
|
|t:|1641741357
|switch|p2a: Cloyster|Cloyster, F|100/100
|switch|p1a: Skarmory|Skarmory, F|100/100
|-damage|p1a: Skarmory|88/100|[from] Stealth Rock
|
|upkeep
|turn|21
|
|t:|1641741363
|switch|p2a: Moltres|Moltres-Galar|29/100 brn
|move|p1a: Skarmory|Iron Defense|p1a: Skarmory
|-boost|p1a: Skarmory|def|2
|
|-damage|p2a: Moltres|23/100 brn|[from] brn
|upkeep
|turn|22
|
|t:|1641741369
|switch|p2a: Garchomp|Garchomp, F|100/100
|-damage|p2a: Garchomp|94/100|[from] Stealth Rock
|switch|p1a: Tapu Koko|Tapu Koko|100/100
|-fieldstart|move: Electric Terrain|[from] ability: Electric Surge|[of] p1a: Tapu Koko
|
|-heal|p2a: Garchomp|100/100|[from] item: Leftovers
|upkeep
|turn|23
|
|t:|1641741379
|switch|p1a: Skarmory|Skarmory, F|88/100
|-damage|p1a: Skarmory|76/100|[from] Stealth Rock
|move|p2a: Garchomp|Swords Dance|p2a: Garchomp
|-boost|p2a: Garchomp|atk|2
|
|upkeep
|turn|24
|
|t:|1641741381
|move|p2a: Garchomp|Fire Fang|p1a: Skarmory
|-supereffective|p1a: Skarmory
|-damage|p1a: Skarmory|25/100
|move|p1a: Skarmory|Iron Defense|p1a: Skarmory
|-boost|p1a: Skarmory|def|2
|
|upkeep
|turn|25
|
|t:|1641741385
|move|p2a: Garchomp|Fire Fang|p1a: Skarmory
|-supereffective|p1a: Skarmory
|-damage|p1a: Skarmory|0 fnt
|faint|p1a: Skarmory
|
|upkeep
|
|t:|1641741390
|switch|p1a: Hippowdon|Hippowdon, F, shiny|100/100
|-damage|p1a: Hippowdon|94/100|[from] Stealth Rock
|-weather|Sandstorm|[from] ability: Sand Stream|[of] p1a: Hippowdon
|turn|26
|
|t:|1641741402
|move|p2a: Garchomp|Earthquake|p1a: Hippowdon
|-damage|p1a: Hippowdon|20/100
|move|p1a: Hippowdon|Whirlwind|p2a: Garchomp
|drag|p2a: Kartana|Kartana|72/100
|-damage|p2a: Kartana|65/100|[from] Stealth Rock
|
|-weather|Sandstorm|[upkeep]
|-heal|p1a: Hippowdon|27/100|[from] item: Leftovers
|-fieldend|move: Electric Terrain
|upkeep
|turn|27
|
|t:|1641741410
|switch|p1a: Bisharp|Bisharp, F|100/100
|-damage|p1a: Bisharp|95/100|[from] Stealth Rock
|move|p2a: Kartana|Leaf Blade|p1a: Bisharp
|-resisted|p1a: Bisharp
|-damage|p1a: Bisharp|57/100
|
|-weather|Sandstorm|[upkeep]
|upkeep
|turn|28
|
|t:|1641741419
|switch|p2a: Moltres|Moltres-Galar|23/100 brn
|move|p1a: Bisharp|Knock Off|p2a: Moltres
|-resisted|p2a: Moltres
|-damage|p2a: Moltres|0 fnt
|-enditem|p2a: Moltres|Heavy-Duty Boots|[from] move: Knock Off|[of] p1a: Bisharp
|faint|p2a: Moltres
|
|-weather|Sandstorm|[upkeep]
|upkeep
|
|t:|1641741421
|switch|p2a: Garchomp|Garchomp, F|100/100
|-damage|p2a: Garchomp|94/100|[from] Stealth Rock
|turn|29
|
|t:|1641741428
|move|p2a: Garchomp|Earthquake|p1a: Bisharp
|-supereffective|p1a: Bisharp
|-damage|p1a: Bisharp|0 fnt
|faint|p1a: Bisharp
|
|-weather|Sandstorm|[upkeep]
|-heal|p2a: Garchomp|100/100|[from] item: Leftovers
|upkeep
|
|t:|1641741430
|switch|p1a: Clefable|Clefable, M|60/100
|turn|30
|
|t:|1641741432
|switch|p2a: Heatran|Heatran, M|28/100
|-damage|p2a: Heatran|16/100|[from] Stealth Rock
|move|p1a: Clefable|Soft-Boiled|p1a: Clefable
|-heal|p1a: Clefable|100/100
|
|-weather|none
|upkeep
|turn|31
|
|t:|1641741434
|switch|p1a: Slowking|Slowking, M|100/100
|move|p2a: Heatran|Magma Storm|p1a: Slowking|[miss]
|-miss|p2a: Heatran|p1a: Slowking
|
|upkeep
|turn|32
|
|t:|1641741437
|move|p2a: Heatran|Magma Storm|p1a: Slowking
|-resisted|p1a: Slowking
|-damage|p1a: Slowking|84/100
|-activate|p1a: Slowking|move: Magma Storm|[of] p2a: Heatran
|move|p1a: Slowking|Future Sight|p2a: Heatran
|-start|p1a: Slowking|move: Future Sight
|
|-damage|p1a: Slowking|72/100|[from] move: Magma Storm|[partiallytrapped]
|upkeep
|turn|33
|
|t:|1641741440
|move|p2a: Heatran|Magma Storm|p1a: Slowking|[miss]
|-miss|p2a: Heatran|p1a: Slowking
|move|p1a: Slowking|Teleport|p1a: Slowking
|
|t:|1641741441
|switch|p1a: Tapu Koko|Tapu Koko|100/100|[from]move: Teleport
|-fieldstart|move: Electric Terrain|[from] ability: Electric Surge|[of] p1a: Tapu Koko
|
|upkeep
|turn|34
|
|t:|1641741445
|move|p1a: Tapu Koko|Thunderbolt|p2a: Heatran
|-damage|p2a: Heatran|0 fnt
|faint|p2a: Heatran
|
|-hint|Future Sight did not hit because the target is fainted.
|upkeep
|
|t:|1641741447
|switch|p2a: Garchomp|Garchomp, F|100/100
|-damage|p2a: Garchomp|94/100|[from] Stealth Rock
|turn|35
|
|t:|1641741458
|move|p1a: Tapu Koko|Dazzling Gleam|p2a: Garchomp
|-supereffective|p2a: Garchomp
|-crit|p2a: Garchomp
|-damage|p2a: Garchomp|0 fnt
|faint|p2a: Garchomp
|
|upkeep
|
|t:|1641741461
|switch|p2a: Kartana|Kartana|65/100
|-damage|p2a: Kartana|59/100|[from] Stealth Rock
|turn|36
|
|t:|1641741468
|move|p2a: Kartana|Leaf Blade|p1a: Tapu Koko
|-damage|p1a: Tapu Koko|20/100
|move|p1a: Tapu Koko|Thunderbolt|p2a: Kartana
|-resisted|p2a: Kartana
|-damage|p2a: Kartana|0 fnt
|faint|p2a: Kartana
|
|upkeep
|
|t:|1641741470
|switch|p2a: Cloyster|Cloyster, F|100/100
|turn|37
|
|t:|1641741471
|move|p1a: Tapu Koko|Thunderbolt|p2a: Cloyster
|-supereffective|p2a: Cloyster
|-damage|p2a: Cloyster|0 fnt
|faint|p2a: Cloyster
|
|win|SL21CC91影先生
|raw|SL21CC91影先生's rating: 1357 &rarr; <strong>1375</strong><br />(+18 for winning)
|raw|SL21CC ginko's rating: 1316 &rarr; <strong>1302</strong><br />(-14 for losing)
|l|☆SL21CC ginko
|c|☆SL21CC91影先生|wode
|l| SL21CC Leviathan
|l|☆SL21CC91影先生
|l|♚The Steel Shadow
|l| SL21CCCHINESENGEIL
