|raw|<div class="broadcast-blue"><strong>This battle is required to be public due to a player having a name starting with 'sl21cc'.</div>
|j|☆SL21CC 126
|j|‽sl21cc pj
|t:|1641723466
|gametype|singles
|player|p1|SL21CC 126|metallica126.png|1271
|player|p2|sl21cc pj|1|1332
|teamsize|p1|6
|teamsize|p2|6
|gen|8
|tier|[Gen 8] OU
|rated|
|rule|Sleep Clause Mod: Limit one foe put to sleep
|rule|Species Clause: Limit one of each Pokémon
|rule|OHKO Clause: OHKO moves are banned
|rule|Evasion Moves Clause: Evasion moves are banned
|rule|Endless Battle Clause: Forcing endless battles is banned
|rule|HP Percentage Mod: HP is shown in percentages
|rule|Dynamax Clause: You cannot dynamax
|clearpoke
|poke|p1|Corviknight, M|
|poke|p1|Victini|
|poke|p1|Buzzwole|
|poke|p1|Slowking, F|
|poke|p1|Weavile, F|
|poke|p1|Landorus-Therian, M|
|poke|p2|Rotom-Wash|
|poke|p2|Slowking-Galar, M|
|poke|p2|Tornadus-Therian, M|
|poke|p2|Garchomp, M|
|poke|p2|Weavile, F|
|poke|p2|Ferrothorn, F|
|teampreview
|inactive|Battle timer is ON: inactive players will automatically lose when time's up. (requested by SL21CC 126)
|
|t:|1641723478
|start
|switch|p1a: Landorus|Landorus-Therian, M|100/100
|switch|p2a: Rotom|Rotom-Wash|100/100
|-ability|p1a: Landorus|Intimidate|boost
|-unboost|p2a: Rotom|atk|1
|turn|1
|j| SL21CCJqlove
|
|t:|1641723484
|move|p2a: Rotom|Hydro Pump|p1a: Landorus
|-supereffective|p1a: Landorus
|-damage|p1a: Landorus|44/100
|move|p1a: Landorus|U-turn|p2a: Rotom
|-damage|p2a: Rotom|82/100
|-damage|p1a: Landorus|27/100|[from] item: Rocky Helmet|[of] p2a: Rotom
|
|t:|1641723487
|switch|p1a: Slowking|Slowking, F|100/100|[from]move: U-turn
|
|upkeep
|turn|2
|
|t:|1641723491
|move|p2a: Rotom|Volt Switch|p1a: Slowking
|-supereffective|p1a: Slowking
|-damage|p1a: Slowking|63/100
|
|t:|1641723500
|switch|p2a: Weavile|Weavile, F|100/100|[from]move: Volt Switch
|-ability|p2a: Weavile|Pressure
|move|p1a: Slowking|Future Sight|p2a: Weavile
|-start|p1a: Slowking|move: Future Sight
|
|upkeep
|turn|3
|j| sl21cc vacm
|j| water GH0ST
|
|t:|1641723517
|switch|p2a: Tornadus|Tornadus-Therian, M|100/100
|switch|p1a: Buzzwole|Buzzwole|100/100
|
|upkeep
|turn|4
|j| SL21CC Winona
|j| JAMKRE
|j| SL21CC tangkeke
|inactive|SL21CC 126 has 120 seconds left.
|
|t:|1641723559
|switch|p1a: Corviknight|Corviknight, M|100/100
|-ability|p1a: Corviknight|Pressure
|move|p2a: Tornadus|U-turn|p1a: Corviknight
|-resisted|p1a: Corviknight
|-damage|p1a: Corviknight|97/100
|
|t:|1641723587
|switch|p2a: Weavile|Weavile, F|100/100|[from]move: U-turn
|-ability|p2a: Weavile|Pressure
|
|-end|p2a: Weavile|move: Future Sight
|-immune|p2a: Weavile
|-heal|p1a: Corviknight|100/100|[from] item: Leftovers
|upkeep
|turn|5
|
|t:|1641723601
|switch|p2a: Rotom|Rotom-Wash|82/100
|move|p1a: Corviknight|U-turn|p2a: Rotom
|-damage|p2a: Rotom|69/100
|-damage|p1a: Corviknight|84/100|[from] item: Rocky Helmet|[of] p2a: Rotom
|
|t:|1641723605
|switch|p1a: Buzzwole|Buzzwole|100/100|[from]move: U-turn
|
|upkeep
|turn|6
|
|t:|1641723614
|move|p2a: Rotom|Volt Switch|p1a: Buzzwole
|-damage|p1a: Buzzwole|64/100
|
|t:|1641723616
|switch|p2a: Tornadus|Tornadus-Therian, M|100/100|[from]move: Volt Switch
|move|p1a: Buzzwole|Close Combat|p2a: Tornadus
|-resisted|p2a: Tornadus
|-damage|p2a: Tornadus|61/100
|-unboost|p1a: Buzzwole|def|1
|-unboost|p1a: Buzzwole|spd|1
|
|upkeep
|turn|7
|
|t:|1641723626
|switch|p1a: Corviknight|Corviknight, M|84/100
|-ability|p1a: Corviknight|Pressure
|move|p2a: Tornadus|Knock Off|p1a: Corviknight
|-damage|p1a: Corviknight|68/100
|-enditem|p1a: Corviknight|Leftovers|[from] move: Knock Off|[of] p2a: Tornadus
|
|upkeep
|turn|8
|
|t:|1641723645
|move|p2a: Tornadus|Heat Wave|p1a: Corviknight
|-supereffective|p1a: Corviknight
|-damage|p1a: Corviknight|35/100
|move|p1a: Corviknight|Roost|p1a: Corviknight
|-heal|p1a: Corviknight|85/100
|-singleturn|p1a: Corviknight|move: Roost
|
|upkeep
|turn|9
|
|t:|1641723653
|move|p2a: Tornadus|Heat Wave|p1a: Corviknight
|-supereffective|p1a: Corviknight
|-damage|p1a: Corviknight|50/100
|move|p1a: Corviknight|U-turn|p2a: Tornadus
|-resisted|p2a: Tornadus
|-damage|p2a: Tornadus|53/100
|
|t:|1641723658
|switch|p1a: Slowking|Slowking, F|97/100|[from]move: U-turn
|
|upkeep
|turn|10
|
|t:|1641723665
|move|p2a: Tornadus|U-turn|p1a: Slowking
|-supereffective|p1a: Slowking
|-damage|p1a: Slowking|73/100
|
|t:|1641723669
|switch|p2a: Weavile|Weavile, F|100/100|[from]move: U-turn
|-ability|p2a: Weavile|Pressure
|move|p1a: Slowking|Future Sight|p2a: Weavile
|-start|p1a: Slowking|move: Future Sight
|
|upkeep
|turn|11
|j| 9skythunderouskick
|inactive|sl21cc pj has 120 seconds left.
|
|t:|1641723713
|switch|p2a: Tornadus|Tornadus-Therian, M|86/100
|switch|p1a: Buzzwole|Buzzwole|64/100
|
|upkeep
|turn|12
|j| mqsh
|
|t:|1641723736
|move|p2a: Tornadus|U-turn|p1a: Buzzwole
|-resisted|p1a: Buzzwole
|-damage|p1a: Buzzwole|59/100
|-damage|p2a: Tornadus|70/100|[from] item: Rocky Helmet|[of] p1a: Buzzwole
|
|t:|1641723738
|switch|p2a: Slowking|Slowking-Galar, M, shiny|100/100|[from]move: U-turn
|move|p1a: Buzzwole|Ice Punch|p2a: Slowking
|-damage|p2a: Slowking|70/100
|
|-end|p2a: Slowking|move: Future Sight
|-damage|p2a: Slowking|50/100
|upkeep
|turn|13
|inactive|sl21cc pj has 120 seconds left.
|
|t:|1641723744
|switch|p1a: Weavile|Weavile, F|100/100
|-ability|p1a: Weavile|Pressure
|switch|p2a: Tornadus|Tornadus-Therian, M|100/100
|
|upkeep
|turn|14
|inactive|sl21cc pj has 120 seconds left.
|
|t:|1641723758
|switch|p2a: Ferrothorn|Ferrothorn, F|100/100
|move|p1a: Weavile|Swords Dance|p1a: Weavile
|-boost|p1a: Weavile|atk|2
|
|upkeep
|turn|15
|inactive|sl21cc pj has 120 seconds left.
|
|t:|1641723775
|switch|p1a: Victini|Victini|100/100
|move|p2a: Ferrothorn|Power Whip|p1a: Victini
|-resisted|p1a: Victini
|-damage|p1a: Victini|82/100
|
|upkeep
|turn|16
|inactive|sl21cc pj has 120 seconds left.
|j| SL21CC interest
|
|t:|1641723789
|switch|p2a: Rotom|Rotom-Wash|69/100
|move|p1a: Victini|U-turn|p2a: Rotom
|-damage|p2a: Rotom|53/100
|-damage|p1a: Victini|65/100|[from] item: Rocky Helmet|[of] p2a: Rotom
|
|t:|1641723796
|switch|p1a: Slowking|Slowking, F|100/100|[from]move: U-turn
|
|upkeep
|turn|17
|
|t:|1641723804
|move|p2a: Rotom|Pain Split|p1a: Slowking
|-sethp|p1a: Slowking|71/100|[from] move: Pain Split|[silent]
|-sethp|p2a: Rotom|92/100|[from] move: Pain Split
|move|p1a: Slowking|Future Sight|p2a: Rotom
|-start|p1a: Slowking|move: Future Sight
|
|upkeep
|turn|18
|
|t:|1641723816
|move|p2a: Rotom|Thunderbolt|p1a: Slowking
|-supereffective|p1a: Slowking
|-damage|p1a: Slowking|20/100
|move|p1a: Slowking|Teleport|p1a: Slowking
|
|t:|1641723820
|switch|p1a: Weavile|Weavile, F|100/100|[from]move: Teleport
|-ability|p1a: Weavile|Pressure
|
|upkeep
|turn|19
|
|t:|1641723826
|move|p1a: Weavile|Knock Off|p2a: Rotom
|-damage|p2a: Rotom|51/100
|-damage|p1a: Weavile|84/100|[from] item: Rocky Helmet|[of] p2a: Rotom
|-enditem|p2a: Rotom|Rocky Helmet|[from] move: Knock Off|[of] p1a: Weavile
|move|p2a: Rotom|Volt Switch|p1a: Weavile
|-damage|p1a: Weavile|46/100
|j| miaowazhongz
|
|t:|1641723830
|switch|p2a: Weavile|Weavile, F|100/100|[from]move: Volt Switch
|-ability|p2a: Weavile|Pressure
|
|-end|p2a: Weavile|move: Future Sight
|-immune|p2a: Weavile
|upkeep
|turn|20
|l| miaowazhongz
|j| Rame10
|inactive|sl21cc pj has 120 seconds left.
|
|t:|1641723862
|switch|p2a: Ferrothorn|Ferrothorn, F|100/100
|switch|p1a: Buzzwole|Buzzwole|59/100
|
|upkeep
|turn|21
|l| sl21cc vacm
|
|t:|1641723873
|switch|p2a: Tornadus|Tornadus-Therian, M|100/100
|move|p1a: Buzzwole|Roost|p1a: Buzzwole
|-heal|p1a: Buzzwole|100/100
|-singleturn|p1a: Buzzwole|move: Roost
|
|upkeep
|turn|22
|
|t:|1641723882
|switch|p1a: Landorus|Landorus-Therian, M|27/100
|-ability|p1a: Landorus|Intimidate|boost
|-unboost|p2a: Tornadus|atk|1
|move|p2a: Tornadus|Heat Wave|p1a: Landorus
|-damage|p1a: Landorus|11/100
|
|-heal|p1a: Landorus|17/100|[from] item: Leftovers
|upkeep
|turn|23
|
|t:|1641723886
|move|p2a: Tornadus|Heat Wave|p1a: Landorus
|-damage|p1a: Landorus|0 fnt
|faint|p1a: Landorus
|
|upkeep
|
|t:|1641723888
|switch|p1a: Corviknight|Corviknight, M|50/100
|-ability|p1a: Corviknight|Pressure
|turn|24
|
|t:|1641723890
|move|p2a: Tornadus|U-turn|p1a: Corviknight
|-resisted|p1a: Corviknight
|-damage|p1a: Corviknight|48/100
|
|t:|1641723896
|switch|p2a: Rotom|Rotom-Wash|51/100|[from]move: U-turn
|move|p1a: Corviknight|Roost|p1a: Corviknight
|-heal|p1a: Corviknight|98/100
|-singleturn|p1a: Corviknight|move: Roost
|
|upkeep
|turn|25
|l| water GH0ST
|
|t:|1641723903
|switch|p1a: Weavile|Weavile, F|46/100
|-ability|p1a: Weavile|Pressure
|move|p2a: Rotom|Thunderbolt|p1a: Weavile
|-damage|p1a: Weavile|0 fnt
|faint|p1a: Weavile
|
|upkeep
|
|t:|1641723906
|switch|p1a: Buzzwole|Buzzwole|100/100
|turn|26
|
|t:|1641723909
|move|p1a: Buzzwole|Ice Punch|p2a: Rotom
|-resisted|p2a: Rotom
|-damage|p2a: Rotom|39/100
|move|p2a: Rotom|Volt Switch|p1a: Buzzwole
|-damage|p1a: Buzzwole|65/100
|
|t:|1641723918
|switch|p2a: Tornadus|Tornadus-Therian, M|100/100|[from]move: Volt Switch
|
|upkeep
|turn|27
|
|t:|1641723922
|switch|p1a: Corviknight|Corviknight, M|98/100
|-ability|p1a: Corviknight|Pressure
|move|p2a: Tornadus|Knock Off|p1a: Corviknight
|-damage|p1a: Corviknight|87/100
|
|upkeep
|turn|28
|
|t:|1641723925
|move|p2a: Tornadus|Heat Wave|p1a: Corviknight
|-supereffective|p1a: Corviknight
|-damage|p1a: Corviknight|56/100
|move|p1a: Corviknight|U-turn|p2a: Tornadus
|-resisted|p2a: Tornadus
|-damage|p2a: Tornadus|92/100
|
|t:|1641723928
|switch|p1a: Slowking|Slowking, F|54/100|[from]move: U-turn
|
|upkeep
|turn|29
|
|t:|1641723933
|switch|p1a: Corviknight|Corviknight, M|56/100
|-ability|p1a: Corviknight|Pressure
|move|p2a: Tornadus|U-turn|p1a: Corviknight
|-resisted|p1a: Corviknight
|-damage|p1a: Corviknight|53/100
|
|t:|1641723936
|switch|p2a: Rotom|Rotom-Wash|39/100|[from]move: U-turn
|
|upkeep
|turn|30
|
|t:|1641723939
|move|p2a: Rotom|Thunderbolt|p1a: Corviknight
|-supereffective|p1a: Corviknight
|-crit|p1a: Corviknight
|-damage|p1a: Corviknight|0 fnt
|faint|p1a: Corviknight
|
|upkeep
|
|t:|1641723940
|switch|p1a: Buzzwole|Buzzwole|65/100
|turn|31
|
|t:|1641723948
|switch|p2a: Tornadus|Tornadus-Therian, M|100/100
|move|p1a: Buzzwole|Roost|p1a: Buzzwole
|-heal|p1a: Buzzwole|100/100
|-singleturn|p1a: Buzzwole|move: Roost
|
|upkeep
|turn|32
|
|t:|1641723954
|move|p2a: Tornadus|U-turn|p1a: Buzzwole
|-resisted|p1a: Buzzwole
|-damage|p1a: Buzzwole|96/100
|-damage|p2a: Tornadus|84/100|[from] item: Rocky Helmet|[of] p1a: Buzzwole
|
|t:|1641723956
|switch|p2a: Slowking|Slowking-Galar, M, shiny|84/100|[from]move: U-turn
|move|p1a: Buzzwole|Thunder Punch|p2a: Slowking
|-damage|p2a: Slowking|54/100
|
|upkeep
|turn|33
|
|t:|1641723962
|move|p1a: Buzzwole|Thunder Punch|p2a: Slowking
|-damage|p2a: Slowking|27/100
|move|p2a: Slowking|Flamethrower|p1a: Buzzwole
|-supereffective|p1a: Buzzwole
|-damage|p1a: Buzzwole|9/100
|
|upkeep
|turn|34
|
|t:|1641723966
|move|p1a: Buzzwole|Close Combat|p2a: Slowking
|-resisted|p2a: Slowking
|-crit|p2a: Slowking
|-damage|p2a: Slowking|0 fnt
|-unboost|p1a: Buzzwole|def|1
|-unboost|p1a: Buzzwole|spd|1
|faint|p2a: Slowking
|-ability|p1a: Buzzwole|Beast Boost|boost
|-boost|p1a: Buzzwole|atk|1
|
|upkeep
|
|t:|1641723968
|switch|p2a: Weavile|Weavile, F|100/100
|-ability|p2a: Weavile|Pressure
|turn|35
|
|t:|1641723970
|move|p2a: Weavile|Knock Off|p1a: Buzzwole
|-resisted|p1a: Buzzwole
|-damage|p1a: Buzzwole|0 fnt
|-damage|p2a: Weavile|84/100|[from] item: Rocky Helmet|[of] p1a: Buzzwole
|-enditem|p1a: Buzzwole|Rocky Helmet|[from] move: Knock Off|[of] p2a: Weavile
|faint|p1a: Buzzwole
|
|upkeep
|-message|SL21CC 126 forfeited.
|
|win|sl21cc pj
|raw|SL21CC 126's rating: 1282 &rarr; <strong>1268</strong><br />(-14 for losing)
|raw|sl21cc pj's rating: 1332 &rarr; <strong>1346</strong><br />(+14 for winning)
|l|☆SL21CC 126
|l|‽sl21cc pj
|j|☆SL21CC 126
|player|p1|SL21CC 126|metallica126.png
|inactive|Battle timer is ON: inactive players will automatically lose when time's up. (requested by SL21CC 126)
|l|☆SL21CC 126
|player|p1|
|l| JAMKRE
|l| SL21CCJqlove
