|raw|<div class="broadcast-blue"><strong>This battle is required to be public due to a player having a name starting with 'sl21cc'.</div>
|j|☆SL21CC ginko
|j|☆SL21CC Leviathan
|t:|1641740527
|gametype|singles
|player|p1|SL21CC ginko|line38324.png|1280
|player|p2|SL21CC Leviathan|guitarist|1249
|teamsize|p1|6
|teamsize|p2|6
|gen|8
|tier|[Gen 8] OU
|rated|
|rule|Sleep Clause Mod: Limit one foe put to sleep
|rule|Species Clause: Limit one of each Pokémon
|rule|OHKO Clause: OHKO moves are banned
|rule|Evasion Moves Clause: Evasion moves are banned
|rule|Endless Battle Clause: Forcing endless battles is banned
|rule|HP Percentage Mod: HP is shown in percentages
|rule|Dynamax Clause: You cannot dynamax
|clearpoke
|poke|p1|Heatran, M|
|poke|p1|Moltres-Galar|
|poke|p1|Dragapult, M|
|poke|p1|Garchomp, F|
|poke|p1|Cloyster, F|
|poke|p1|Kartana|
|poke|p2|Tyranitar, F|
|poke|p2|Volcarona, M|
|poke|p2|Tapu Fini|
|poke|p2|Landorus-Therian, M|
|poke|p2|Slowking-Galar, M|
|poke|p2|Dragonite, F|
|teampreview
|j| water GH0ST
|inactive|Battle timer is ON: inactive players will automatically lose when time's up. (requested by SL21CC ginko)
|
|t:|1641740538
|start
|switch|p1a: Heatran|Heatran, M|100/100
|switch|p2a: Tapu Fini|Tapu Fini|100/100
|-fieldstart|move: Misty Terrain|[from] ability: Misty Surge|[of] p2a: Tapu Fini
|-item|p1a: Heatran|Air Balloon
|turn|1
|
|t:|1641740541
|move|p2a: Tapu Fini|Trick|p1a: Heatran
|-activate|p2a: Tapu Fini|move: Trick|[of] p1a: Heatran
|-item|p1a: Heatran|Choice Scarf|[from] move: Trick
|-item|p2a: Tapu Fini|Air Balloon
|-item|p2a: Tapu Fini|Air Balloon|[from] move: Trick
|move|p1a: Heatran|Stealth Rock|p2a: Tapu Fini
|-sidestart|p2: SL21CC Leviathan|move: Stealth Rock
|
|upkeep
|turn|2
|
|t:|1641740546
|switch|p1a: Kartana|Kartana|100/100
|move|p2a: Tapu Fini|Defog|p1a: Kartana
|-unboost|p1a: Kartana|evasion|1
|-sideend|p2: SL21CC Leviathan|Stealth Rock|[from] move: Defog|[of] p2a: Tapu Fini
|-fieldend|Misty Terrain
|
|upkeep
|turn|3
|
|t:|1641740561
|switch|p1a: Garchomp|Garchomp, F|100/100
|move|p2a: Tapu Fini|Hydro Pump|p1a: Garchomp|[miss]
|-miss|p2a: Tapu Fini|p1a: Garchomp
|
|upkeep
|turn|4
|
|t:|1641740565
|switch|p1a: Kartana|Kartana|100/100
|move|p2a: Tapu Fini|Moonblast|p1a: Kartana
|-resisted|p1a: Kartana
|-damage|p1a: Kartana|33/100
|-unboost|p1a: Kartana|spa|1
|
|upkeep
|turn|5
|
|t:|1641740570
|switch|p2a: Landorus|Landorus-Therian, M|100/100
|-ability|p2a: Landorus|Intimidate|boost
|-unboost|p1a: Kartana|atk|1
|move|p1a: Kartana|Knock Off|p2a: Landorus
|-damage|p2a: Landorus|79/100
|-enditem|p2a: Landorus|Leftovers|[from] move: Knock Off|[of] p1a: Kartana
|
|upkeep
|turn|6
|
|t:|1641740575
|switch|p1a: Cloyster|Cloyster, F|100/100
|move|p2a: Landorus|Stealth Rock|p1a: Cloyster
|-sidestart|p1: SL21CC ginko|move: Stealth Rock
|
|upkeep
|turn|7
|j| adreamew
|
|t:|1641740596
|move|p2a: Landorus|Earthquake|p1a: Cloyster
|-damage|p1a: Cloyster|59/100
|move|p1a: Cloyster|Shell Smash|p1a: Cloyster
|-unboost|p1a: Cloyster|def|1
|-unboost|p1a: Cloyster|spd|1
|-boost|p1a: Cloyster|atk|2
|-boost|p1a: Cloyster|spa|2
|-boost|p1a: Cloyster|spe|2
|
|upkeep
|turn|8
|
|t:|1641740605
|switch|p2a: Dragonite|Dragonite, F, shiny|100/100
|move|p1a: Cloyster|Icicle Spear|p2a: Dragonite
|-supereffective|p2a: Dragonite
|-crit|p2a: Dragonite
|-damage|p2a: Dragonite|46/100
|-supereffective|p2a: Dragonite
|-damage|p2a: Dragonite|0 fnt
|faint|p2a: Dragonite
|-hitcount|p2: Dragonite|2
|
|upkeep
|
|t:|1641740607
|switch|p2a: Tapu Fini|Tapu Fini|100/100
|-fieldstart|move: Misty Terrain|[from] ability: Misty Surge|[of] p2a: Tapu Fini
|-item|p2a: Tapu Fini|Air Balloon
|turn|9
|
|t:|1641740610
|move|p1a: Cloyster|Explosion|p2a: Tapu Fini
|-damage|p2a: Tapu Fini|0 fnt
|-enditem|p2a: Tapu Fini|Air Balloon
|faint|p1a: Cloyster
|faint|p2a: Tapu Fini
|
|upkeep
|j|♚The Steel Shadow
|
|t:|1641740630
|switch|p2a: Slowking|Slowking-Galar, M|100/100
|switch|p1a: Dragapult|Dragapult, M|100/100
|-damage|p1a: Dragapult|88/100|[from] Stealth Rock
|turn|10
|
|t:|1641740638
|move|p1a: Dragapult|Phantom Force||[still]
|-prepare|p1a: Dragapult|Phantom Force
|move|p2a: Slowking|Ice Beam|p1a: Dragapult|[miss]
|-miss|p2a: Slowking|p1a: Dragapult
|
|upkeep
|turn|11
|
|t:|1641740641
|switch|p2a: Tyranitar|Tyranitar, F|100/100
|-weather|Sandstorm|[from] ability: Sand Stream|[of] p2a: Tyranitar
|move|p1a: Dragapult|Phantom Force|p2a: Tyranitar|[from]lockedmove
|-resisted|p2a: Tyranitar
|-damage|p2a: Tyranitar|80/100
|
|-weather|Sandstorm|[upkeep]
|-damage|p1a: Dragapult|82/100|[from] Sandstorm
|upkeep
|turn|12
|
|t:|1641740645
|move|p1a: Dragapult|Dragon Darts|p2a: Tyranitar
|-crit|p2a: Tyranitar
|-damage|p2a: Tyranitar|56/100
|-anim|p1a: Dragapult|Dragon Darts|p2a: Tyranitar
|-damage|p2a: Tyranitar|41/100
|move|p2a: Tyranitar|Crunch|p1a: Dragapult
|-supereffective|p1a: Dragapult
|-damage|p1a: Dragapult|0 fnt
|faint|p1a: Dragapult
|
|-weather|Sandstorm|[upkeep]
|upkeep
|
|t:|1641740649
|switch|p1a: Garchomp|Garchomp, F|100/100
|-damage|p1a: Garchomp|94/100|[from] Stealth Rock
|turn|13
|
|t:|1641740653
|switch|p2a: Landorus|Landorus-Therian, M|79/100
|-ability|p2a: Landorus|Intimidate|boost
|-unboost|p1a: Garchomp|atk|1
|move|p1a: Garchomp|Swords Dance|p1a: Garchomp
|-boost|p1a: Garchomp|atk|2
|
|-weather|Sandstorm|[upkeep]
|-heal|p1a: Garchomp|100/100|[from] item: Leftovers
|-fieldend|Misty Terrain
|upkeep
|turn|14
|
|t:|1641740669
|move|p1a: Garchomp|Scale Shot|p2a: Landorus
|-damage|p2a: Landorus|64/100
|-damage|p2a: Landorus|48/100
|-damage|p2a: Landorus|33/100
|-hitcount|p2a: Landorus|3
|-unboost|p1a: Garchomp|def|1
|-boost|p1a: Garchomp|spe|1
|move|p2a: Landorus|Toxic|p1a: Garchomp
|-status|p1a: Garchomp|tox
|
|-weather|Sandstorm|[upkeep]
|-damage|p1a: Garchomp|94/100 tox|[from] psn
|upkeep
|turn|15
|
|t:|1641740678
|switch|p2a: Tyranitar|Tyranitar, F|41/100
|move|p1a: Garchomp|Swords Dance|p1a: Garchomp
|-boost|p1a: Garchomp|atk|2
|
|-weather|none
|-heal|p1a: Garchomp|100/100 tox|[from] item: Leftovers
|-damage|p1a: Garchomp|88/100 tox|[from] psn
|upkeep
|turn|16
|
|t:|1641740685
|move|p1a: Garchomp|Scale Shot|p2a: Tyranitar
|-damage|p2a: Tyranitar|12/100
|-damage|p2a: Tyranitar|0 fnt
|faint|p2a: Tyranitar
|-hitcount|p2: Tyranitar|2
|-unboost|p1a: Garchomp|def|1
|-boost|p1a: Garchomp|spe|1
|
|-heal|p1a: Garchomp|94/100 tox|[from] item: Leftovers
|-damage|p1a: Garchomp|76/100 tox|[from] psn
|upkeep
|
|t:|1641740687
|switch|p2a: Landorus|Landorus-Therian, M|33/100
|-ability|p2a: Landorus|Intimidate|boost
|-unboost|p1a: Garchomp|atk|1
|turn|17
|
|t:|1641740690
|move|p1a: Garchomp|Scale Shot|p2a: Landorus
|-damage|p2a: Landorus|14/100
|-damage|p2a: Landorus|0 fnt
|faint|p2a: Landorus
|-hitcount|p2: Landorus|2
|-unboost|p1a: Garchomp|def|1
|-boost|p1a: Garchomp|spe|1
|
|-heal|p1a: Garchomp|82/100 tox|[from] item: Leftovers
|-damage|p1a: Garchomp|57/100 tox|[from] psn
|upkeep
|
|t:|1641740692
|switch|p2a: Volcarona|Volcarona, M|100/100
|turn|18
|
|t:|1641740694
|move|p1a: Garchomp|Earthquake|p2a: Volcarona
|-damage|p2a: Volcarona|0 fnt
|faint|p2a: Volcarona
|
|-heal|p1a: Garchomp|64/100 tox|[from] item: Leftovers
|-damage|p1a: Garchomp|33/100 tox|[from] psn
|upkeep
|
|t:|1641740697
|switch|p2a: Slowking|Slowking-Galar, M|100/100
|turn|19
|
|t:|1641740698
|move|p1a: Garchomp|Earthquake|p2a: Slowking
|-supereffective|p2a: Slowking
|-damage|p2a: Slowking|0 fnt
|faint|p2a: Slowking
|
|win|SL21CC ginko
|raw|SL21CC ginko's rating: 1280 &rarr; <strong>1295</strong><br />(+15 for winning)
|raw|SL21CC Leviathan's rating: 1249 &rarr; <strong>1235</strong><br />(-14 for losing)
|l|☆SL21CC Leviathan
|l|☆SL21CC ginko
|l| water GH0ST
|l|♚The Steel Shadow
