|raw|<div class="broadcast-blue"><strong>This battle is required to be public due to a player having a name starting with 'sl21cc'.</div>
|j|‽sl21 ccpj
|j|☆SL21CC Winona
|t:|1641743042
|gametype|singles
|player|p1|sl21 ccpj|1|1350
|player|p2|SL21CC Winona|winona|1305
|teamsize|p1|6
|teamsize|p2|6
|gen|8
|tier|[Gen 8] OU
|rated|
|rule|Sleep Clause Mod: Limit one foe put to sleep
|rule|Species Clause: Limit one of each Pokémon
|rule|OHKO Clause: OHKO moves are banned
|rule|Evasion Moves Clause: Evasion moves are banned
|rule|Endless Battle Clause: Forcing endless battles is banned
|rule|HP Percentage Mod: HP is shown in percentages
|rule|Dynamax Clause: You cannot dynamax
|clearpoke
|poke|p1|Melmetal|
|poke|p1|Tapu Fini|
|poke|p1|Volcarona, M|
|poke|p1|Zapdos|
|poke|p1|Landorus-Therian, M|
|poke|p1|Weavile, F|
|poke|p2|Zapdos|
|poke|p2|Urshifu-*, M|
|poke|p2|Weavile, M|
|poke|p2|Slowking, F|
|poke|p2|Ferrothorn, M|
|poke|p2|Landorus-Therian, M|
|teampreview
|inactive|Battle timer is ON: inactive players will automatically lose when time's up. (requested by SL21CC Winona)
|j| water GH0ST
|j|+dragonitenb
|j|%kitoothe
|j| 9skythunderouskick
|j| adreamew
|
|t:|1641743067
|start
|switch|p1a: Tapu Fini|Tapu Fini|100/100
|switch|p2a: Urshifu|Urshifu-Rapid-Strike, M|100/100
|-fieldstart|move: Misty Terrain|[from] ability: Misty Surge|[of] p1a: Tapu Fini
|turn|1
|
|t:|1641743074
|switch|p2a: Ferrothorn|Ferrothorn, M|100/100
|move|p1a: Tapu Fini|Nature's Madness|p2a: Ferrothorn
|-damage|p2a: Ferrothorn|50/100
|
|-heal|p2a: Ferrothorn|57/100|[from] item: Leftovers
|upkeep
|turn|2
|
|t:|1641743087
|switch|p1a: Zapdos|Zapdos|100/100
|move|p2a: Ferrothorn|Knock Off|p1a: Zapdos
|-damage|p1a: Zapdos|77/100
|-enditem|p1a: Zapdos|Heavy-Duty Boots|[from] move: Knock Off|[of] p2a: Ferrothorn
|
|-heal|p2a: Ferrothorn|63/100|[from] item: Leftovers
|upkeep
|turn|3
|
|t:|1641743103
|switch|p2a: Landorus|Landorus-Therian, M|100/100
|-ability|p2a: Landorus|Intimidate|boost
|-unboost|p1a: Zapdos|atk|1
|move|p1a: Zapdos|Hurricane|p2a: Landorus|[miss]
|-miss|p1a: Zapdos|p2a: Landorus
|
|upkeep
|turn|4
|
|t:|1641743107
|move|p1a: Zapdos|Hurricane|p2a: Landorus
|-damage|p2a: Landorus|66/100
|-start|p2a: Landorus|confusion
|-activate|p2a: Landorus|confusion
|-damage|p2a: Landorus|55/100|[from] confusion
|
|-heal|p2a: Landorus|61/100|[from] item: Leftovers
|upkeep
|turn|5
|j| SL21CC91影先生
|
|t:|1641743124
|switch|p1a: Weavile|Weavile, F|100/100
|-ability|p1a: Weavile|Pressure
|-activate|p2a: Landorus|confusion
|move|p2a: Landorus|Toxic|p1a: Weavile
|-activate|p1a: Weavile|move: Misty Terrain
|
|-heal|p2a: Landorus|67/100|[from] item: Leftovers
|-fieldend|Misty Terrain
|upkeep
|turn|6
|j| Renwu
|
|t:|1641743137
|switch|p2a: Ferrothorn|Ferrothorn, M|63/100
|move|p1a: Weavile|Knock Off|p2a: Ferrothorn
|-damage|p2a: Ferrothorn|29/100
|-damage|p1a: Weavile|88/100|[from] ability: Iron Barbs|[of] p2a: Ferrothorn
|-enditem|p2a: Ferrothorn|Leftovers|[from] move: Knock Off|[of] p1a: Weavile
|
|upkeep
|turn|7
|
|t:|1641743141
|move|p1a: Weavile|Triple Axel|p2a: Ferrothorn
|-damage|p2a: Ferrothorn|23/100
|-damage|p1a: Weavile|76/100|[from] ability: Iron Barbs|[of] p2a: Ferrothorn
|-damage|p2a: Ferrothorn|10/100
|-damage|p1a: Weavile|63/100|[from] ability: Iron Barbs|[of] p2a: Ferrothorn
|-damage|p2a: Ferrothorn|0 fnt
|-damage|p1a: Weavile|51/100|[from] ability: Iron Barbs|[of] p2a: Ferrothorn
|faint|p2a: Ferrothorn
|-hitcount|p2: Ferrothorn|3
|
|upkeep
|
|t:|1641743146
|switch|p2a: Urshifu|Urshifu-Rapid-Strike, M|100/100
|turn|8
|
|t:|1641743157
|switch|p1a: Zapdos|Zapdos|77/100
|move|p2a: Urshifu|U-turn|p1a: Zapdos
|-resisted|p1a: Zapdos
|-damage|p1a: Zapdos|58/100
|
|t:|1641743162
|switch|p2a: Weavile|Weavile, M|100/100|[from]move: U-turn
|
|upkeep
|turn|9
|
|t:|1641743175
|switch|p1a: Tapu Fini|Tapu Fini|100/100
|-fieldstart|move: Misty Terrain|[from] ability: Misty Surge|[of] p1a: Tapu Fini
|move|p2a: Weavile|Knock Off|p1a: Tapu Fini
|-resisted|p1a: Tapu Fini
|-damage|p1a: Tapu Fini|85/100
|-enditem|p1a: Tapu Fini|Leftovers|[from] move: Knock Off|[of] p2a: Weavile
|
|upkeep
|turn|10
|
|t:|1641743180
|switch|p2a: Zapdos|Zapdos|100/100
|move|p1a: Tapu Fini|Whirlpool|p2a: Zapdos|[miss]
|-miss|p1a: Tapu Fini|p2a: Zapdos
|
|upkeep
|turn|11
|
|t:|1641743194
|switch|p1a: Landorus|Landorus-Therian, M|100/100
|-ability|p1a: Landorus|Intimidate|boost
|-unboost|p2a: Zapdos|atk|1
|move|p2a: Zapdos|Hurricane|p1a: Landorus|[miss]
|-miss|p2a: Zapdos|p1a: Landorus
|
|upkeep
|turn|12
|j| SL21CCJqlove
|
|t:|1641743201
|switch|p2a: Urshifu|Urshifu-Rapid-Strike, M|100/100
|move|p1a: Landorus|Toxic|p2a: Urshifu
|-activate|p2a: Urshifu|move: Misty Terrain
|
|upkeep
|turn|13
|l| SL21CCJqlove
|
|t:|1641743209
|switch|p1a: Tapu Fini|Tapu Fini|85/100
|move|p2a: Urshifu|Surging Strikes|p1a: Tapu Fini
|-resisted|p1a: Tapu Fini
|-crit|p1a: Tapu Fini
|-damage|p1a: Tapu Fini|74/100
|-resisted|p1a: Tapu Fini
|-crit|p1a: Tapu Fini
|-damage|p1a: Tapu Fini|62/100
|-resisted|p1a: Tapu Fini
|-crit|p1a: Tapu Fini
|-damage|p1a: Tapu Fini|51/100
|-hitcount|p1a: Tapu Fini|3
|
|-fieldend|Misty Terrain
|upkeep
|turn|14
|
|t:|1641743222
|switch|p2a: Zapdos|Zapdos|100/100
|move|p1a: Tapu Fini|Nature's Madness|p2a: Zapdos
|-damage|p2a: Zapdos|51/100
|
|upkeep
|turn|15
|
|t:|1641743234
|move|p2a: Zapdos|Roost|p2a: Zapdos
|-heal|p2a: Zapdos|100/100
|-singleturn|p2a: Zapdos|move: Roost
|move|p1a: Tapu Fini|Moonblast|p2a: Zapdos
|-damage|p2a: Zapdos|63/100
|
|upkeep
|turn|16
|
|t:|1641743240
|switch|p1a: Melmetal|Melmetal|100/100
|move|p2a: Zapdos|Hurricane|p1a: Melmetal|[miss]
|-miss|p2a: Zapdos|p1a: Melmetal
|
|upkeep
|turn|17
|
|t:|1641743246
|move|p2a: Zapdos|Volt Switch|p1a: Melmetal
|-damage|p1a: Melmetal|67/100
|
|t:|1641743248
|switch|p2a: Slowking|Slowking, F|100/100|[from]move: Volt Switch
|move|p1a: Melmetal|Toxic|p2a: Slowking
|-status|p2a: Slowking|tox
|
|-heal|p1a: Melmetal|73/100|[from] item: Leftovers
|-damage|p2a: Slowking|94/100 tox|[from] psn
|upkeep
|turn|18
|
|t:|1641743255
|move|p1a: Melmetal|Double Iron Bash|p2a: Slowking
|-resisted|p2a: Slowking
|-damage|p2a: Slowking|79/100 tox
|-resisted|p2a: Slowking
|-damage|p2a: Slowking|62/100 tox
|-hitcount|p2a: Slowking|2
|move|p2a: Slowking|Teleport|p2a: Slowking
|inactive|SL21CC Winona has 120 seconds left.
|
|t:|1641743286
|switch|p2a: Urshifu|Urshifu-Rapid-Strike, M|100/100|[from]move: Teleport
|
|-heal|p1a: Melmetal|80/100|[from] item: Leftovers
|upkeep
|turn|19
|
|t:|1641743294
|switch|p1a: Zapdos|Zapdos|58/100
|move|p2a: Urshifu|Surging Strikes|p1a: Zapdos
|-crit|p1a: Zapdos
|-damage|p1a: Zapdos|26/100
|-crit|p1a: Zapdos
|-damage|p1a: Zapdos|0 fnt
|faint|p1a: Zapdos
|-hitcount|p1: Zapdos|2
|
|upkeep
|
|t:|1641743303
|switch|p1a: Tapu Fini|Tapu Fini|51/100
|-fieldstart|move: Misty Terrain|[from] ability: Misty Surge|[of] p1a: Tapu Fini
|turn|20
|
|t:|1641743308
|switch|p2a: Zapdos|Zapdos|63/100
|move|p1a: Tapu Fini|Moonblast|p2a: Zapdos
|-damage|p2a: Zapdos|29/100
|
|upkeep
|turn|21
|
|t:|1641743312
|switch|p1a: Landorus|Landorus-Therian, M|100/100
|-ability|p1a: Landorus|Intimidate|boost
|-unboost|p2a: Zapdos|atk|1
|move|p2a: Zapdos|Roost|p2a: Zapdos
|-heal|p2a: Zapdos|79/100
|-singleturn|p2a: Zapdos|move: Roost
|
|upkeep
|turn|22
|
|t:|1641743319
|switch|p2a: Landorus|Landorus-Therian, M|67/100
|-ability|p2a: Landorus|Intimidate|boost
|-unboost|p1a: Landorus|atk|1
|move|p1a: Landorus|Stealth Rock|p2a: Landorus
|-sidestart|p2: SL21CC Winona|move: Stealth Rock
|
|-heal|p2a: Landorus|73/100|[from] item: Leftovers
|upkeep
|turn|23
|
|t:|1641743326
|move|p2a: Landorus|Defog|p1a: Landorus
|-unboost|p1a: Landorus|evasion|1
|-sideend|p2: SL21CC Winona|Stealth Rock|[from] move: Defog|[of] p2a: Landorus
|-fieldend|Misty Terrain
|move|p1a: Landorus|Toxic|p2a: Landorus
|-status|p2a: Landorus|tox
|
|-heal|p2a: Landorus|79/100 tox|[from] item: Leftovers
|-damage|p2a: Landorus|73/100 tox|[from] psn
|upkeep
|turn|24
|
|t:|1641743329
|move|p2a: Landorus|U-turn|p1a: Landorus
|-resisted|p1a: Landorus
|-damage|p1a: Landorus|90/100
|
|t:|1641743331
|switch|p2a: Urshifu|Urshifu-Rapid-Strike, M|100/100|[from]move: U-turn
|move|p1a: Landorus|Stealth Rock|p2a: Urshifu
|-sidestart|p2: SL21CC Winona|move: Stealth Rock
|
|-heal|p1a: Landorus|96/100|[from] item: Leftovers
|upkeep
|turn|25
|
|t:|1641743336
|move|p2a: Urshifu|Surging Strikes|p1a: Landorus
|-supereffective|p1a: Landorus
|-crit|p1a: Landorus
|-damage|p1a: Landorus|37/100
|-supereffective|p1a: Landorus
|-crit|p1a: Landorus
|-damage|p1a: Landorus|0 fnt
|faint|p1a: Landorus
|-hitcount|p1: Landorus|2
|
|upkeep
|
|t:|1641743340
|switch|p1a: Tapu Fini|Tapu Fini|51/100
|-fieldstart|move: Misty Terrain|[from] ability: Misty Surge|[of] p1a: Tapu Fini
|turn|26
|l|+dragonitenb
|
|t:|1641743352
|switch|p2a: Zapdos|Zapdos|79/100
|move|p1a: Tapu Fini|Moonblast|p2a: Zapdos
|-damage|p2a: Zapdos|45/100
|-unboost|p2a: Zapdos|spa|1
|
|upkeep
|turn|27
|j|+dragonitenb
|
|t:|1641743359
|move|p2a: Zapdos|Volt Switch|p1a: Tapu Fini
|-supereffective|p1a: Tapu Fini
|-damage|p1a: Tapu Fini|20/100
|l|%kitoothe
|l| water GH0ST
|j| SL21CC ginko
|j| jingtianlangtaosha
|
|t:|1641743370
|switch|p2a: Slowking|Slowking, F|96/100 tox|[from]move: Volt Switch
|move|p1a: Tapu Fini|Moonblast|p2a: Slowking
|-damage|p2a: Slowking|74/100 tox
|-unboost|p2a: Slowking|spa|1
|
|-damage|p2a: Slowking|67/100 tox|[from] psn
|upkeep
|turn|28
|
|t:|1641743375
|move|p1a: Tapu Fini|Taunt|p2a: Slowking
|-start|p2a: Slowking|move: Taunt
|move|p2a: Slowking|Future Sight|p1a: Tapu Fini
|-start|p2a: Slowking|move: Future Sight
|
|-damage|p2a: Slowking|55/100 tox|[from] psn
|upkeep
|turn|29
|
|t:|1641743380
|move|p1a: Tapu Fini|Moonblast|p2a: Slowking
|-damage|p2a: Slowking|31/100 tox
|move|p2a: Slowking|Scald|p1a: Tapu Fini
|-resisted|p1a: Tapu Fini
|-damage|p1a: Tapu Fini|14/100
|
|-damage|p2a: Slowking|13/100 tox|[from] psn
|upkeep
|turn|30
|j|%kitoothe
|
|t:|1641743390
|move|p1a: Tapu Fini|Moonblast|p2a: Slowking
|-damage|p2a: Slowking|0 fnt
|faint|p2a: Slowking
|
|-end|p1a: Tapu Fini|move: Future Sight
|-damage|p1a: Tapu Fini|0 fnt
|faint|p1a: Tapu Fini
|-fieldend|Misty Terrain
|upkeep
|j| water GH0ST
|j| SL21CCJqlove
|
|t:|1641743407
|switch|p1a: Melmetal|Melmetal|80/100
|switch|p2a: Weavile|Weavile, M|100/100
|turn|31
|
|t:|1641743420
|switch|p1a: Weavile|Weavile, F|51/100
|-ability|p1a: Weavile|Pressure
|move|p2a: Weavile|Knock Off|p1a: Weavile
|-resisted|p1a: Weavile
|-damage|p1a: Weavile|6/100
|-enditem|p1a: Weavile|Heavy-Duty Boots|[from] move: Knock Off|[of] p2a: Weavile
|
|upkeep
|turn|32
|
|t:|1641743425
|move|p2a: Weavile|Ice Shard|p1a: Weavile
|-resisted|p1a: Weavile
|-damage|p1a: Weavile|0 fnt
|faint|p1a: Weavile
|
|upkeep
|
|t:|1641743427
|switch|p1a: Volcarona|Volcarona, M|100/100
|turn|33
|l| SL21CC ginko
|j| SL21CC ginko
|l| SL21CC ginko
|inactive|SL21CC Winona has 120 seconds left.
|l| Renwu
|j| SL21CC ginko
|j| Renwu
|inactive|SL21CC Winona has 90 seconds left.
|
|t:|1641743496
|move|p2a: Weavile|Knock Off|p1a: Volcarona
|-damage|p1a: Volcarona|49/100
|-enditem|p1a: Volcarona|Heavy-Duty Boots|[from] move: Knock Off|[of] p2a: Weavile
|move|p1a: Volcarona|Quiver Dance|p1a: Volcarona
|-boost|p1a: Volcarona|spa|1
|-boost|p1a: Volcarona|spd|1
|-boost|p1a: Volcarona|spe|1
|
|upkeep
|turn|34
|l| jingtianlangtaosha
|inactive|SL21CC Winona has 90 seconds left.
|
|t:|1641743504
|switch|p2a: Landorus|Landorus-Therian, M|73/100 tox
|-damage|p2a: Landorus|61/100 tox|[from] Stealth Rock
|-ability|p2a: Landorus|Intimidate|boost
|-unboost|p1a: Volcarona|atk|1
|move|p1a: Volcarona|Roost|p1a: Volcarona
|-heal|p1a: Volcarona|99/100
|-singleturn|p1a: Volcarona|move: Roost
|
|-heal|p2a: Landorus|67/100 tox|[from] item: Leftovers
|-damage|p2a: Landorus|61/100 tox|[from] psn
|upkeep
|turn|35
|
|t:|1641743511
|move|p1a: Volcarona|Flamethrower|p2a: Landorus
|-damage|p2a: Landorus|15/100 tox
|move|p2a: Landorus|Earthquake|p1a: Volcarona
|-damage|p1a: Volcarona|51/100
|
|-heal|p2a: Landorus|21/100 tox|[from] item: Leftovers
|-damage|p2a: Landorus|9/100 tox|[from] psn
|upkeep
|turn|36
|
|t:|1641743533
|move|p1a: Volcarona|Roost|p1a: Volcarona
|-heal|p1a: Volcarona|100/100
|-singleturn|p1a: Volcarona|move: Roost
|move|p2a: Landorus|Earthquake|p1a: Volcarona
|-damage|p1a: Volcarona|51/100
|
|-heal|p2a: Landorus|15/100 tox|[from] item: Leftovers
|-damage|p2a: Landorus|0 fnt|[from] psn
|faint|p2a: Landorus
|upkeep
|
|t:|1641743535
|switch|p2a: Urshifu|Urshifu-Rapid-Strike, M|100/100
|-damage|p2a: Urshifu|94/100|[from] Stealth Rock
|turn|37
|j| zap the justice
|
|t:|1641743556
|move|p1a: Volcarona|Psychic|p2a: Urshifu
|-supereffective|p2a: Urshifu
|-damage|p2a: Urshifu|0 fnt
|faint|p2a: Urshifu
|
|upkeep
|j|♚The Steel Shadow
|inactive|SL21CC Winona has 90 seconds left.
|c| zap the justice|a
|
|t:|1641743588
|switch|p2a: Zapdos|Zapdos|45/100
|turn|38
|l|‽sl21 ccpj
|inactive|sl21 ccpj disconnected and has a minute to reconnect!
|player|p1|
|j| huhupa
|j| SL21CCCHINESENGEIL
|j|‽sl21 ccpj
|inactive|sl21 ccpj reconnected and has 135 seconds left.
|player|p1|sl21 ccpj|1
|n|‽sl21 ccpj|sl21ccpj
|l| Renwu
|
|t:|1641743607
|move|p1a: Volcarona|Flamethrower|p2a: Zapdos
|-damage|p2a: Zapdos|0 fnt
|faint|p2a: Zapdos
|
|upkeep
|-message|SL21CC Winona forfeited.
|
|win|sl21 ccpj
|raw|sl21 ccpj's rating: 1350 &rarr; <strong>1368</strong><br />(+18 for winning)
|raw|SL21CC Winona's rating: 1305 &rarr; <strong>1291</strong><br />(-14 for losing)
|l|☆SL21CC Winona
|l| SL21CC ginko
|l|‽sl21 ccpj
|l| 9skythunderouskick
|l|♚The Steel Shadow
|l|%kitoothe
|l| SL21CCCHINESENGEIL
