|raw|<div class="broadcast-blue"><strong>This battle is required to be public due to a player having a name starting with 'sl21cc'.</div>
|j|☆sl21cc buhuiying
|j|☆SL21CC Mcdonald's
|t:|1641824611
|gametype|singles
|player|p1|sl21cc buhuiying|YZII.jpg|1200
|player|p2|SL21CC Mcdonald's|101|1254
|teamsize|p1|6
|teamsize|p2|6
|gen|8
|tier|[Gen 8] OU
|rated|
|rule|Sleep Clause Mod: Limit one foe put to sleep
|rule|Species Clause: Limit one of each Pokémon
|rule|OHKO Clause: OHKO moves are banned
|rule|Evasion Moves Clause: Evasion moves are banned
|rule|Endless Battle Clause: Forcing endless battles is banned
|rule|HP Percentage Mod: HP is shown in percentages
|rule|Dynamax Clause: You cannot dynamax
|clearpoke
|poke|p1|Tapu Koko|
|poke|p1|Victini|
|poke|p1|Scizor, F|
|poke|p1|Rotom-Wash|
|poke|p1|Landorus-Therian, M|
|poke|p1|Tapu Fini|
|poke|p2|Slowbro-Galar, M|
|poke|p2|Seismitoad, F|
|poke|p2|Mew|
|poke|p2|Melmetal|
|poke|p2|Clefable, M|
|poke|p2|Zapdos|
|teampreview
|inactive|Battle timer is ON: inactive players will automatically lose when time's up. (requested by sl21cc buhuiying)
|c|☆sl21cc buhuiying|hf
|
|t:|1641824657
|start
|switch|p1a: Victini|Victini|100/100
|switch|p2a: Clefable|Clefable, M|100/100
|turn|1
|j| adreamew
|
|t:|1641824668
|switch|p2a: Zapdos|Zapdos|100/100
|move|p1a: Victini|V-create|p2a: Zapdos
|-damage|p2a: Zapdos|18/100
|-unboost|p1a: Victini|spe|1
|-unboost|p1a: Victini|def|1
|-unboost|p1a: Victini|spd|1
|
|upkeep
|turn|2
|
|t:|1641824676
|switch|p1a: Rotom|Rotom-Wash|100/100
|move|p2a: Zapdos|Hurricane|p1a: Rotom|[miss]
|-miss|p2a: Zapdos|p1a: Rotom
|
|upkeep
|turn|3
|
|t:|1641824685
|move|p2a: Zapdos|Roost|p2a: Zapdos
|-heal|p2a: Zapdos|68/100
|-singleturn|p2a: Zapdos|move: Roost
|move|p1a: Rotom|Hydro Pump|p2a: Zapdos
|-damage|p2a: Zapdos|31/100
|
|upkeep
|turn|4
|
|t:|1641824692
|move|p2a: Zapdos|Roost|p2a: Zapdos
|-heal|p2a: Zapdos|81/100
|-singleturn|p2a: Zapdos|move: Roost
|move|p1a: Rotom|Will-O-Wisp|p2a: Zapdos
|-status|p2a: Zapdos|brn
|
|-damage|p2a: Zapdos|75/100 brn|[from] brn
|upkeep
|turn|5
|
|t:|1641824695
|switch|p2a: Seismitoad|Seismitoad, F|100/100
|move|p1a: Rotom|Volt Switch|p2a: Seismitoad
|-immune|p2a: Seismitoad
|
|upkeep
|turn|6
|
|t:|1641824705
|switch|p1a: Tapu Fini|Tapu Fini|100/100
|-fieldstart|move: Misty Terrain|[from] ability: Misty Surge|[of] p1a: Tapu Fini
|move|p2a: Seismitoad|Toxic|p1a: Tapu Fini|[miss]
|-miss|p2a: Seismitoad|p1a: Tapu Fini
|
|upkeep
|turn|7
|
|t:|1641824709
|move|p1a: Tapu Fini|Trick|p2a: Seismitoad
|-activate|p1a: Tapu Fini|move: Trick|[of] p2a: Seismitoad
|-item|p2a: Seismitoad|Choice Scarf|[from] move: Trick
|-item|p1a: Tapu Fini|Leftovers|[from] move: Trick
|move|p2a: Seismitoad|Stealth Rock|p1a: Tapu Fini
|-sidestart|p1: sl21cc buhuiying|move: Stealth Rock
|
|upkeep
|turn|8
|
|t:|1641824714
|switch|p2a: Clefable|Clefable, M|100/100
|move|p1a: Tapu Fini|Defog|p2a: Clefable
|-unboost|p2a: Clefable|evasion|1
|-sideend|p1: sl21cc buhuiying|Stealth Rock|[from] move: Defog|[of] p1a: Tapu Fini
|-fieldend|Misty Terrain
|
|upkeep
|turn|9
|
|t:|1641824719
|switch|p1a: Scizor|Scizor, F|100/100
|move|p2a: Clefable|Thunder|p1a: Scizor
|-damage|p1a: Scizor|52/100
|-status|p1a: Scizor|par
|
|upkeep
|turn|10
|
|t:|1641824726
|move|p2a: Clefable|Fire Blast|p1a: Scizor
|-supereffective|p1a: Scizor
|-damage|p1a: Scizor|0 fnt
|faint|p1a: Scizor
|
|upkeep
|
|t:|1641824729
|switch|p1a: Victini|Victini|100/100
|turn|11
|
|t:|1641824733
|switch|p2a: Zapdos|Zapdos|75/100 brn
|move|p1a: Victini|V-create|p2a: Zapdos
|-damage|p2a: Zapdos|0 fnt
|-unboost|p1a: Victini|spe|1
|-unboost|p1a: Victini|def|1
|-unboost|p1a: Victini|spd|1
|faint|p2a: Zapdos
|
|upkeep
|
|t:|1641824739
|switch|p2a: Seismitoad|Seismitoad, F|100/100
|turn|12
|
|t:|1641824746
|switch|p1a: Tapu Fini|Tapu Fini|100/100
|-fieldstart|move: Misty Terrain|[from] ability: Misty Surge|[of] p1a: Tapu Fini
|move|p2a: Seismitoad|Earthquake|p1a: Tapu Fini
|-damage|p1a: Tapu Fini|70/100
|
|-heal|p1a: Tapu Fini|76/100|[from] item: Leftovers
|upkeep
|turn|13
|
|t:|1641824751
|switch|p2a: Clefable|Clefable, M|100/100
|move|p1a: Tapu Fini|Moonblast|p2a: Clefable
|-damage|p2a: Clefable|60/100
|-unboost|p2a: Clefable|spa|1
|
|-heal|p1a: Tapu Fini|82/100|[from] item: Leftovers
|upkeep
|turn|14
|
|t:|1641824753
|move|p1a: Tapu Fini|Moonblast|p2a: Clefable
|-damage|p2a: Clefable|18/100
|move|p2a: Clefable|Thunder|p1a: Tapu Fini
|-supereffective|p1a: Tapu Fini
|-damage|p1a: Tapu Fini|42/100
|
|-heal|p1a: Tapu Fini|48/100|[from] item: Leftovers
|upkeep
|turn|15
|
|t:|1641824759
|switch|p2a: Melmetal|Melmetal|100/100
|move|p1a: Tapu Fini|Scald|p2a: Melmetal
|-damage|p2a: Melmetal|74/100
|
|-heal|p1a: Tapu Fini|54/100|[from] item: Leftovers
|upkeep
|turn|16
|
|t:|1641824764
|switch|p1a: Rotom|Rotom-Wash|100/100
|move|p2a: Melmetal|Double Iron Bash|p1a: Rotom
|-resisted|p1a: Rotom
|-damage|p1a: Rotom|90/100
|-resisted|p1a: Rotom
|-damage|p1a: Rotom|81/100
|-hitcount|p1a: Rotom|2
|
|-heal|p1a: Rotom|87/100|[from] item: Leftovers
|-fieldend|Misty Terrain
|upkeep
|turn|17
|
|t:|1641824771
|switch|p2a: Clefable|Clefable, M|18/100
|move|p1a: Rotom|Will-O-Wisp|p2a: Clefable
|-status|p2a: Clefable|brn
|
|-heal|p1a: Rotom|93/100|[from] item: Leftovers
|upkeep
|turn|18
|
|t:|1641824774
|switch|p2a: Seismitoad|Seismitoad, F|100/100
|move|p1a: Rotom|Volt Switch|p2a: Seismitoad
|-immune|p2a: Seismitoad
|
|-heal|p1a: Rotom|99/100|[from] item: Leftovers
|upkeep
|turn|19
|
|t:|1641824779
|move|p2a: Seismitoad|Stealth Rock|p1a: Rotom
|-sidestart|p1: sl21cc buhuiying|move: Stealth Rock
|move|p1a: Rotom|Will-O-Wisp|p2a: Seismitoad
|-status|p2a: Seismitoad|brn
|
|-heal|p1a: Rotom|100/100|[from] item: Leftovers
|-damage|p2a: Seismitoad|94/100 brn|[from] brn
|upkeep
|turn|20
|
|t:|1641824785
|switch|p2a: Clefable|Clefable, M|18/100 brn
|move|p1a: Rotom|Volt Switch|p2a: Clefable
|-damage|p2a: Clefable|0 fnt
|faint|p2a: Clefable
|
|t:|1641824790
|switch|p1a: Victini|Victini|100/100|[from]move: Volt Switch
|
|upkeep
|
|t:|1641824793
|switch|p2a: Melmetal|Melmetal|74/100
|turn|21
|
|t:|1641824795
|move|p1a: Victini|V-create|p2a: Melmetal
|-supereffective|p2a: Melmetal
|-damage|p2a: Melmetal|0 fnt
|-unboost|p1a: Victini|spe|1
|-unboost|p1a: Victini|def|1
|-unboost|p1a: Victini|spd|1
|faint|p2a: Melmetal
|
|upkeep
|
|t:|1641824799
|switch|p2a: Mew|Mew|100/100
|turn|22
|
|t:|1641824802
|move|p2a: Mew|Dragon Dance|p2a: Mew
|-boost|p2a: Mew|atk|1
|-boost|p2a: Mew|spe|1
|move|p1a: Victini|V-create|p2a: Mew
|-damage|p2a: Mew|28/100
|-unboost|p1a: Victini|spe|1
|-unboost|p1a: Victini|def|1
|-unboost|p1a: Victini|spd|1
|
|upkeep
|turn|23
|
|t:|1641824808
|switch|p1a: Tapu Fini|Tapu Fini|54/100
|-damage|p1a: Tapu Fini|42/100|[from] Stealth Rock
|-fieldstart|move: Misty Terrain|[from] ability: Misty Surge|[of] p1a: Tapu Fini
|move|p2a: Mew|Psychic Fangs|p1a: Tapu Fini
|-damage|p1a: Tapu Fini|0 fnt
|faint|p1a: Tapu Fini
|
|upkeep
|
|t:|1641824813
|switch|p1a: Victini|Victini|100/100
|turn|24
|
|t:|1641824818
|move|p2a: Mew|Psychic Fangs|p1a: Victini
|-resisted|p1a: Victini
|-damage|p1a: Victini|71/100
|move|p1a: Victini|V-create|p2a: Mew
|-damage|p2a: Mew|0 fnt
|-unboost|p1a: Victini|spe|1
|-unboost|p1a: Victini|def|1
|-unboost|p1a: Victini|spd|1
|faint|p2a: Mew
|
|upkeep
|
|t:|1641824820
|switch|p2a: Slowbro|Slowbro-Galar, M|100/100
|turn|25
|-activate|p2a: Slowbro|item: Quick Claw
|
|t:|1641824824
|move|p2a: Slowbro|Nasty Plot|p2a: Slowbro
|-boost|p2a: Slowbro|spa|2
|move|p1a: Victini|V-create|p2a: Slowbro
|-damage|p2a: Slowbro|29/100
|-unboost|p1a: Victini|spe|1
|-unboost|p1a: Victini|def|1
|-unboost|p1a: Victini|spd|1
|
|upkeep
|turn|26
|
|t:|1641824831
|switch|p1a: Landorus|Landorus-Therian, M|100/100
|-damage|p1a: Landorus|88/100|[from] Stealth Rock
|-ability|p1a: Landorus|Intimidate|boost
|-unboost|p2a: Slowbro|atk|1
|move|p2a: Slowbro|Psyshock|p1a: Landorus
|-damage|p1a: Landorus|19/100
|
|-heal|p1a: Landorus|25/100|[from] item: Leftovers
|upkeep
|turn|27
|
|t:|1641824836
|move|p1a: Landorus|Earthquake|p2a: Slowbro
|-supereffective|p2a: Slowbro
|-damage|p2a: Slowbro|0 fnt
|faint|p2a: Slowbro
|
|-heal|p1a: Landorus|31/100|[from] item: Leftovers
|-fieldend|Misty Terrain
|upkeep
|
|t:|1641824837
|switch|p2a: Seismitoad|Seismitoad, F|94/100 brn
|turn|28
|
|t:|1641824842
|move|p2a: Seismitoad|Scald|p1a: Landorus
|-supereffective|p1a: Landorus
|-crit|p1a: Landorus
|-damage|p1a: Landorus|0 fnt
|faint|p1a: Landorus
|
|-damage|p2a: Seismitoad|88/100 brn|[from] brn
|upkeep
|-message|SL21CC Mcdonald's forfeited.
|
|win|sl21cc buhuiying
|raw|sl21cc buhuiying's rating: 1200 &rarr; <strong>1219</strong><br />(+19 for winning)
|raw|SL21CC Mcdonald&apos;s's rating: 1254 &rarr; <strong>1235</strong><br />(-19 for losing)
|l|☆SL21CC Mcdonald's
