|raw|<div class="broadcast-blue"><strong>This battle is required to be public due to a player having a name starting with 'sl21cc'.</div>
|j|☆SL21CCxiaomiaomiao
|j|☆sl21cc jialing
|t:|1641732142
|gametype|singles
|player|p1|SL21CCxiaomiaomiao|schoolkidf|1379
|player|p2|sl21cc jialing|bellelba|1337
|teamsize|p1|6
|teamsize|p2|6
|gen|8
|tier|[Gen 8] OU
|rated|
|rule|Sleep Clause Mod: Limit one foe put to sleep
|rule|Species Clause: Limit one of each Pokémon
|rule|OHKO Clause: OHKO moves are banned
|rule|Evasion Moves Clause: Evasion moves are banned
|rule|Endless Battle Clause: Forcing endless battles is banned
|rule|HP Percentage Mod: HP is shown in percentages
|rule|Dynamax Clause: You cannot dynamax
|clearpoke
|poke|p1|Heatran, M|
|poke|p1|Mew|
|poke|p1|Tornadus-Therian, M|
|poke|p1|Clefable, M|
|poke|p1|Skarmory, M|
|poke|p1|Gastrodon, M|
|poke|p2|Ninetales-Alola, F|
|poke|p2|Arctozolt|
|poke|p2|Urshifu-*, F|
|poke|p2|Landorus-Therian, M|
|poke|p2|Slowking, M|
|poke|p2|Tornadus-Therian, M|
|teampreview
|j| water GH0ST
|j| sl21cckhl
|j|&starmind
|j| SL21CC Mcdonald's
|j| Metallica126
|l| Metallica126
|inactive|Battle timer is ON: inactive players will automatically lose when time's up. (requested by SL21CCxiaomiaomiao)
|j| tianyutulongwu
|
|t:|1641732210
|start
|switch|p1a: Tornadus|Tornadus-Therian, M|100/100
|switch|p2a: Ninetales|Ninetales-Alola, F|100/100
|-weather|Hail|[from] ability: Snow Warning|[of] p2a: Ninetales
|turn|1
|j| Suta Pulachina
|
|t:|1641732218
|switch|p1a: Heatran|Heatran, M|100/100
|move|p2a: Ninetales|Blizzard|p1a: Heatran
|-resisted|p1a: Heatran
|-damage|p1a: Heatran|92/100
|
|-weather|Hail|[upkeep]
|-damage|p1a: Heatran|85/100|[from] Hail
|-heal|p1a: Heatran|92/100|[from] item: Leftovers
|upkeep
|turn|2
|
|t:|1641732224
|switch|p2a: Landorus|Landorus-Therian, M|100/100
|-ability|p2a: Landorus|Intimidate|boost
|-unboost|p1a: Heatran|atk|1
|move|p1a: Heatran|Stealth Rock|p2a: Landorus
|-sidestart|p2: sl21cc jialing|move: Stealth Rock
|
|-weather|Hail|[upkeep]
|-damage|p2a: Landorus|94/100|[from] Hail
|-damage|p1a: Heatran|85/100|[from] Hail
|-heal|p2a: Landorus|100/100|[from] item: Leftovers
|-heal|p1a: Heatran|92/100|[from] item: Leftovers
|upkeep
|turn|3
|
|t:|1641732230
|switch|p1a: Tornadus|Tornadus-Therian, M|100/100
|move|p2a: Landorus|Defog|p1a: Tornadus
|-unboost|p1a: Tornadus|evasion|1
|-sideend|p2: sl21cc jialing|Stealth Rock|[from] move: Defog|[of] p2a: Landorus
|
|-weather|Hail|[upkeep]
|-damage|p1a: Tornadus|94/100|[from] Hail
|-damage|p2a: Landorus|94/100|[from] Hail
|-heal|p2a: Landorus|100/100|[from] item: Leftovers
|upkeep
|turn|4
|
|t:|1641732241
|move|p1a: Tornadus|Knock Off|p2a: Landorus
|-damage|p2a: Landorus|82/100
|-enditem|p2a: Landorus|Leftovers|[from] move: Knock Off|[of] p1a: Tornadus
|move|p2a: Landorus|U-turn|p1a: Tornadus
|-resisted|p1a: Tornadus
|-damage|p1a: Tornadus|80/100
|
|t:|1641732246
|switch|p2a: Arctozolt|Arctozolt|100/100|[from]move: U-turn
|
|-weather|Hail|[upkeep]
|-damage|p1a: Tornadus|74/100|[from] Hail
|upkeep
|turn|5
|
|t:|1641732265
|switch|p2a: Tornadus|Tornadus-Therian, M|100/100
|switch|p1a: Gastrodon|Gastrodon, M|100/100
|
|-weather|Hail|[upkeep]
|-damage|p2a: Tornadus|94/100|[from] Hail
|-damage|p1a: Gastrodon|94/100|[from] Hail
|upkeep
|turn|6
|
|t:|1641732276
|switch|p1a: Tornadus|Tornadus-Therian, M|100/100
|move|p2a: Tornadus|Knock Off|p1a: Tornadus
|-damage|p1a: Tornadus|73/100
|-enditem|p1a: Tornadus|Heavy-Duty Boots|[from] move: Knock Off|[of] p2a: Tornadus
|
|-weather|Hail|[upkeep]
|-damage|p1a: Tornadus|67/100|[from] Hail
|-damage|p2a: Tornadus|88/100|[from] Hail
|upkeep
|turn|7
|
|t:|1641732289
|switch|p2a: Slowking|Slowking, M|100/100
|move|p1a: Tornadus|Knock Off|p2a: Slowking
|-supereffective|p2a: Slowking
|-damage|p2a: Slowking|72/100
|-enditem|p2a: Slowking|Heavy-Duty Boots|[from] move: Knock Off|[of] p1a: Tornadus
|
|-weather|Hail|[upkeep]
|-damage|p1a: Tornadus|61/100|[from] Hail
|-damage|p2a: Slowking|65/100|[from] Hail
|upkeep
|turn|8
|j| pokonghanbingkan
|
|t:|1641732314
|switch|p1a: Clefable|Clefable, M|100/100
|move|p2a: Slowking|Future Sight|p1a: Clefable
|-start|p2a: Slowking|move: Future Sight
|
|-weather|none
|upkeep
|turn|9
|l| SL21CC Mcdonald's
|
|t:|1641732324
|switch|p2a: Landorus|Landorus-Therian, M|82/100
|-ability|p2a: Landorus|Intimidate|boost
|-unboost|p1a: Clefable|atk|1
|move|p1a: Clefable|Wish|p1a: Clefable
|
|upkeep
|turn|10
|
|t:|1641732340
|move|p2a: Landorus|U-turn|p1a: Clefable
|-resisted|p1a: Clefable
|-damage|p1a: Clefable|92/100
|
|t:|1641732343
|switch|p2a: Tornadus|Tornadus-Therian, M|100/100|[from]move: U-turn
|move|p1a: Clefable|Moonblast|p2a: Tornadus
|-damage|p2a: Tornadus|78/100
|
|-end|p1a: Clefable|move: Future Sight
|-damage|p1a: Clefable|55/100
|-heal|p1a: Clefable|100/100|[from] move: Wish|[wisher] Clefable
|upkeep
|turn|11
|j| sl21cc ryekie
|
|t:|1641732360
|move|p2a: Tornadus|U-turn|p1a: Clefable
|-resisted|p1a: Clefable
|-damage|p1a: Clefable|95/100
|
|t:|1641732363
|switch|p2a: Slowking|Slowking, M|99/100|[from]move: U-turn
|move|p1a: Clefable|Wish|p1a: Clefable
|
|upkeep
|turn|12
|
|t:|1641732393
|switch|p1a: Heatran|Heatran, M|92/100
|move|p2a: Slowking|Teleport|p2a: Slowking
|
|t:|1641732406
|switch|p2a: Urshifu|Urshifu-Rapid-Strike, F|100/100|[from]move: Teleport
|
|-heal|p1a: Heatran|100/100|[from] move: Wish|[wisher] Clefable
|upkeep
|turn|13
|
|t:|1641732414
|switch|p1a: Skarmory|Skarmory, M|100/100
|move|p2a: Urshifu|Surging Strikes|p1a: Skarmory
|-crit|p1a: Skarmory
|-damage|p1a: Skarmory|84/100
|-damage|p2a: Urshifu|84/100|[from] item: Rocky Helmet|[of] p1a: Skarmory
|-crit|p1a: Skarmory
|-damage|p1a: Skarmory|65/100
|-damage|p2a: Urshifu|68/100|[from] item: Rocky Helmet|[of] p1a: Skarmory
|-crit|p1a: Skarmory
|-damage|p1a: Skarmory|47/100
|-damage|p2a: Urshifu|51/100|[from] item: Rocky Helmet|[of] p1a: Skarmory
|-hitcount|p1a: Skarmory|3
|
|upkeep
|turn|14
|
|t:|1641732421
|switch|p1a: Gastrodon|Gastrodon, M|94/100
|move|p2a: Urshifu|Surging Strikes|p1a: Gastrodon
|-ability|p1a: Gastrodon|Storm Drain|boost
|-boost|p1a: Gastrodon|spa|1
|
|upkeep
|turn|15
|
|t:|1641732427
|switch|p2a: Slowking|Slowking, M|100/100
|move|p1a: Gastrodon|Scald|p2a: Slowking
|-resisted|p2a: Slowking
|-damage|p2a: Slowking|86/100
|
|upkeep
|turn|16
|inactive|sl21cc jialing has 120 seconds left.
|j| adreamew
|
|t:|1641732482
|switch|p1a: Clefable|Clefable, M|95/100
|move|p2a: Slowking|Future Sight|p1a: Clefable
|-start|p2a: Slowking|move: Future Sight
|
|upkeep
|turn|17
|
|t:|1641732493
|move|p1a: Clefable|Wish|p1a: Clefable
|move|p2a: Slowking|Teleport|p2a: Slowking
|inactive|sl21cc jialing has 90 seconds left.
|
|t:|1641732508
|switch|p2a: Ninetales|Ninetales-Alola, F|100/100|[from]move: Teleport
|-weather|Hail|[from] ability: Snow Warning|[of] p2a: Ninetales
|
|-weather|Hail|[upkeep]
|-damage|p1a: Clefable|89/100|[from] Hail
|upkeep
|turn|18
|inactive|sl21cc jialing has 90 seconds left.
|
|t:|1641732528
|switch|p2a: Slowking|Slowking, M|100/100
|switch|p1a: Heatran|Heatran, M|100/100
|
|-weather|Hail|[upkeep]
|-damage|p1a: Heatran|94/100|[from] Hail
|-damage|p2a: Slowking|94/100|[from] Hail
|-end|p1a: Heatran|move: Future Sight
|-resisted|p1a: Heatran
|-damage|p1a: Heatran|76/100
|-heal|p1a: Heatran|100/100|[from] move: Wish|[wisher] Clefable
|upkeep
|turn|19
|inactive|sl21cc jialing has 90 seconds left.
|
|t:|1641732535
|move|p1a: Heatran|Stealth Rock|p2a: Slowking
|-sidestart|p2: sl21cc jialing|move: Stealth Rock
|move|p2a: Slowking|Scald|p1a: Heatran
|-supereffective|p1a: Heatran
|-damage|p1a: Heatran|56/100
|
|-weather|Hail|[upkeep]
|-damage|p1a: Heatran|50/100|[from] Hail
|-damage|p2a: Slowking|88/100|[from] Hail
|-heal|p1a: Heatran|56/100|[from] item: Leftovers
|upkeep
|turn|20
|inactive|sl21cc jialing has 90 seconds left.
|
|t:|1641732558
|switch|p1a: Tornadus|Tornadus-Therian, M|94/100
|move|p2a: Slowking|Scald|p1a: Tornadus
|-damage|p1a: Tornadus|62/100
|
|-weather|Hail|[upkeep]
|-damage|p1a: Tornadus|56/100|[from] Hail
|-damage|p2a: Slowking|82/100|[from] Hail
|upkeep
|turn|21
|
|t:|1641732574
|move|p1a: Tornadus|Hurricane|p2a: Slowking
|-damage|p2a: Slowking|45/100
|move|p2a: Slowking|Future Sight|p1a: Tornadus
|-start|p2a: Slowking|move: Future Sight
|
|-weather|Hail|[upkeep]
|-damage|p1a: Tornadus|50/100|[from] Hail
|-damage|p2a: Slowking|39/100|[from] Hail
|upkeep
|turn|22
|inactive|sl21cc jialing has 90 seconds left.
|inactive|SL21CCxiaomiaomiao has 120 seconds left.
|
|t:|1641732599
|move|p1a: Tornadus|Hurricane|p2a: Slowking
|-damage|p2a: Slowking|2/100
|-start|p2a: Slowking|confusion
|-activate|p2a: Slowking|confusion
|move|p2a: Slowking|Slack Off|p2a: Slowking
|-heal|p2a: Slowking|52/100
|
|-weather|Hail|[upkeep]
|-damage|p1a: Tornadus|44/100|[from] Hail
|-damage|p2a: Slowking|46/100|[from] Hail
|upkeep
|turn|23
|inactive|sl21cc jialing has 90 seconds left.
|inactive|SL21CCxiaomiaomiao has 120 seconds left.
|
|t:|1641732628
|switch|p1a: Gastrodon|Gastrodon, M|94/100
|-activate|p2a: Slowking|confusion
|move|p2a: Slowking|Teleport|p2a: Slowking
|inactive|sl21cc jialing has 90 seconds left.
|j| SL21CC Pichiu
|
|t:|1641732648
|switch|p2a: Urshifu|Urshifu-Rapid-Strike, F|51/100|[from]move: Teleport
|-damage|p2a: Urshifu|45/100|[from] Stealth Rock
|
|-weather|Hail|[upkeep]
|-damage|p2a: Urshifu|39/100|[from] Hail
|-damage|p1a: Gastrodon|88/100|[from] Hail
|-end|p1a: Gastrodon|move: Future Sight
|-damage|p1a: Gastrodon|61/100
|upkeep
|turn|24
|inactive|SL21CCxiaomiaomiao has 90 seconds left.
|
|t:|1641732688
|switch|p1a: Skarmory|Skarmory, M|47/100
|move|p2a: Urshifu|U-turn|p1a: Skarmory
|-resisted|p1a: Skarmory
|-damage|p1a: Skarmory|42/100
|-damage|p2a: Urshifu|22/100|[from] item: Rocky Helmet|[of] p1a: Skarmory
|
|t:|1641732698
|switch|p2a: Tornadus|Tornadus-Therian, M|100/100|[from]move: U-turn
|-damage|p2a: Tornadus|76/100|[from] Stealth Rock
|
|-weather|none
|upkeep
|turn|25
|l| Suta Pulachina
|inactive|SL21CCxiaomiaomiao has 90 seconds left.
|
|t:|1641732719
|switch|p1a: Gastrodon|Gastrodon, M|61/100
|move|p2a: Tornadus|Heat Wave|p1a: Gastrodon
|-resisted|p1a: Gastrodon
|-damage|p1a: Gastrodon|54/100
|
|upkeep
|turn|26
|inactive|sl21cc jialing has 90 seconds left.
|
|t:|1641732750
|move|p2a: Tornadus|Hurricane|p1a: Gastrodon
|-damage|p1a: Gastrodon|25/100
|-start|p1a: Gastrodon|confusion
|-activate|p1a: Gastrodon|confusion
|-damage|p1a: Gastrodon|16/100|[from] confusion
|
|upkeep
|turn|27
|inactive|SL21CCxiaomiaomiao has 90 seconds left.
|
|t:|1641732764
|move|p2a: Tornadus|Hurricane|p1a: Gastrodon
|-damage|p1a: Gastrodon|0 fnt
|faint|p1a: Gastrodon
|
|upkeep
|inactive|SL21CCxiaomiaomiao has 90 seconds left.
|
|t:|1641732779
|switch|p1a: Mew|Mew|100/100
|turn|28
|
|t:|1641732787
|move|p2a: Tornadus|U-turn|p1a: Mew
|-supereffective|p1a: Mew
|-damage|p1a: Mew|78/100
|-enditem|p1a: Mew|Weakness Policy
|-boost|p1a: Mew|atk|2|[from] item: Weakness Policy
|-boost|p1a: Mew|spa|2|[from] item: Weakness Policy
|
|t:|1641732805
|switch|p2a: Ninetales|Ninetales-Alola, F|100/100|[from]move: U-turn
|-damage|p2a: Ninetales|76/100|[from] Stealth Rock
|-weather|Hail|[from] ability: Snow Warning|[of] p2a: Ninetales
|move|p1a: Mew|Cosmic Power|p1a: Mew
|-boost|p1a: Mew|def|1
|-boost|p1a: Mew|spd|1
|
|-weather|Hail|[upkeep]
|-damage|p1a: Mew|72/100|[from] Hail
|upkeep
|turn|29
|inactive|SL21CCxiaomiaomiao has 90 seconds left.
|inactive|SL21CCxiaomiaomiao has 60 seconds left.
|
|t:|1641732877
|move|p2a: Ninetales|Blizzard|p1a: Mew
|-damage|p1a: Mew|49/100
|move|p1a: Mew|Cosmic Power|p1a: Mew
|-boost|p1a: Mew|def|1
|-boost|p1a: Mew|spd|1
|
|-weather|Hail|[upkeep]
|-damage|p1a: Mew|43/100|[from] Hail
|upkeep
|turn|30
|
|t:|1641732883
|move|p2a: Ninetales|Blizzard|p1a: Mew
|-damage|p1a: Mew|25/100
|move|p1a: Mew|Soft-Boiled|p1a: Mew
|-heal|p1a: Mew|75/100
|
|-weather|Hail|[upkeep]
|-damage|p1a: Mew|69/100|[from] Hail
|upkeep
|turn|31
|
|t:|1641732887
|move|p2a: Ninetales|Blizzard|p1a: Mew
|-damage|p1a: Mew|51/100
|move|p1a: Mew|Soft-Boiled|p1a: Mew
|-heal|p1a: Mew|100/100
|
|-weather|Hail|[upkeep]
|-damage|p1a: Mew|94/100|[from] Hail
|upkeep
|turn|32
|inactive|SL21CCxiaomiaomiao has 60 seconds left.
|inactive|sl21cc jialing has 90 seconds left.
|
|t:|1641732899
|move|p2a: Ninetales|Blizzard|p1a: Mew
|-damage|p1a: Mew|78/100
|move|p1a: Mew|Stored Power|p2a: Ninetales
|-damage|p2a: Ninetales|0 fnt
|faint|p2a: Ninetales
|
|-weather|Hail|[upkeep]
|-damage|p1a: Mew|72/100|[from] Hail
|upkeep
|inactive|sl21cc jialing has 90 seconds left.
|
|t:|1641732911
|switch|p2a: Arctozolt|Arctozolt|100/100
|turn|33
|inactive|SL21CCxiaomiaomiao has 60 seconds left.
|
|t:|1641732927
|move|p2a: Arctozolt|Bolt Beak|p1a: Mew
|-damage|p1a: Mew|42/100
|move|p1a: Mew|Soft-Boiled|p1a: Mew
|-heal|p1a: Mew|92/100
|
|-weather|Hail|[upkeep]
|-damage|p1a: Mew|86/100|[from] Hail
|upkeep
|turn|34
|inactive|SL21CCxiaomiaomiao has 60 seconds left.
|
|t:|1641732939
|move|p2a: Arctozolt|Bolt Beak|p1a: Mew
|-damage|p1a: Mew|56/100
|move|p1a: Mew|Stored Power|p2a: Arctozolt
|-crit|p2a: Arctozolt
|-damage|p2a: Arctozolt|0 fnt
|faint|p2a: Arctozolt
|
|-weather|Hail|[upkeep]
|-damage|p1a: Mew|50/100|[from] Hail
|upkeep
|
|t:|1641732945
|switch|p2a: Urshifu|Urshifu-Rapid-Strike, F|22/100
|-damage|p2a: Urshifu|16/100|[from] Stealth Rock
|turn|35
|inactive|SL21CCxiaomiaomiao has 60 seconds left.
|
|t:|1641732956
|move|p1a: Mew|Stored Power|p2a: Urshifu
|-supereffective|p2a: Urshifu
|-crit|p2a: Urshifu
|-damage|p2a: Urshifu|0 fnt
|faint|p2a: Urshifu
|
|-weather|none
|upkeep
|-message|sl21cc jialing forfeited.
|
|win|SL21CCxiaomiaomiao
|raw|SL21CCxiaomiaomiao's rating: 1379 &rarr; <strong>1397</strong><br />(+18 for winning)
|raw|sl21cc jialing's rating: 1337 &rarr; <strong>1323</strong><br />(-14 for losing)
|l|☆sl21cc jialing
|l| SL21CC Pichiu
|l|☆SL21CCxiaomiaomiao
|l|&starmind
|l| sl21cckhl
|l| sl21cc ryekie
