|raw|<div class="broadcast-blue"><strong>This battle is required to be public due to a player having a name starting with 'sl21cc'.</div>
|j|☆SL21CC 东方不败
|j|☆SL21CC Leviathan
|t:|1641822690
|gametype|singles
|player|p1|SL21CC 东方不败|cheryl|1258
|player|p2|SL21CC Leviathan|guitarist|1231
|teamsize|p1|6
|teamsize|p2|6
|gen|8
|tier|[Gen 8] OU
|rated|
|rule|Sleep Clause Mod: Limit one foe put to sleep
|rule|Species Clause: Limit one of each Pokémon
|rule|OHKO Clause: OHKO moves are banned
|rule|Evasion Moves Clause: Evasion moves are banned
|rule|Endless Battle Clause: Forcing endless battles is banned
|rule|HP Percentage Mod: HP is shown in percentages
|rule|Dynamax Clause: You cannot dynamax
|clearpoke
|poke|p1|Tapu Fini|
|poke|p1|Landorus-Therian, M|
|poke|p1|Scizor, F|
|poke|p1|Heatran, M|
|poke|p1|Zapdos|
|poke|p1|Weavile, F|
|poke|p2|Mew|
|poke|p2|Mamoswine, F|
|poke|p2|Magnezone|
|poke|p2|Rillaboom, M|
|poke|p2|Tapu Fini|
|poke|p2|Bisharp, M|
|teampreview
|
|t:|1641822708
|start
|switch|p1a: Tapu Fini|Tapu Fini|100/100
|switch|p2a: Mew|Mew|100/100
|-fieldstart|move: Misty Terrain|[from] ability: Misty Surge|[of] p1a: Tapu Fini
|turn|1
|
|t:|1641822714
|move|p1a: Tapu Fini|Trick|p2a: Mew
|-activate|p1a: Tapu Fini|move: Trick|[of] p2a: Mew
|-item|p2a: Mew|Choice Scarf|[from] move: Trick
|-item|p1a: Tapu Fini|Focus Sash|[from] move: Trick
|move|p2a: Mew|Stealth Rock|p1a: Tapu Fini
|-sidestart|p1: SL21CC 东方不败|move: Stealth Rock
|
|upkeep
|turn|2
|
|t:|1641822724
|switch|p2a: Rillaboom|Rillaboom, M|100/100
|-fieldstart|move: Grassy Terrain|[from] ability: Grassy Surge|[of] p2a: Rillaboom
|move|p1a: Tapu Fini|Defog|p2a: Rillaboom
|-unboost|p2a: Rillaboom|evasion|1
|-sideend|p1: SL21CC 东方不败|Stealth Rock|[from] move: Defog|[of] p1a: Tapu Fini
|-fieldend|move: Grassy Terrain
|
|upkeep
|turn|3
|
|t:|1641822735
|switch|p1a: Scizor|Scizor, F|100/100
|move|p2a: Rillaboom|Knock Off|p1a: Scizor
|-damage|p1a: Scizor|63/100
|-enditem|p1a: Scizor|Heavy-Duty Boots|[from] move: Knock Off|[of] p2a: Rillaboom
|
|upkeep
|turn|4
|
|t:|1641822747
|switch|p2a: Tapu Fini|Tapu Fini|100/100
|-fieldstart|move: Misty Terrain|[from] ability: Misty Surge|[of] p2a: Tapu Fini
|move|p1a: Scizor|U-turn|p2a: Tapu Fini
|-resisted|p2a: Tapu Fini
|-damage|p2a: Tapu Fini|88/100
|
|t:|1641822752
|switch|p1a: Zapdos|Zapdos|100/100|[from]move: U-turn
|
|-heal|p2a: Tapu Fini|94/100|[from] item: Leftovers
|upkeep
|turn|5
|
|t:|1641822759
|switch|p2a: Mamoswine|Mamoswine, F|100/100
|move|p1a: Zapdos|Volt Switch|p2a: Mamoswine
|-immune|p2a: Mamoswine
|
|upkeep
|turn|6
|
|t:|1641822769
|switch|p1a: Scizor|Scizor, F|63/100
|move|p2a: Mamoswine|Knock Off|p1a: Scizor
|-damage|p1a: Scizor|46/100
|
|upkeep
|turn|7
|
|t:|1641822775
|move|p2a: Mamoswine|High Horsepower|p1a: Scizor
|-damage|p1a: Scizor|9/100
|move|p1a: Scizor|U-turn|p2a: Mamoswine
|-damage|p2a: Mamoswine|70/100
|j| rffydsdhh
|j| adreamew
|l| rffydsdhh
|
|t:|1641822780
|switch|p1a: Heatran|Heatran, M|100/100|[from]move: U-turn
|-item|p1a: Heatran|Air Balloon
|
|upkeep
|turn|8
|j| Mist Dispersion
|
|t:|1641822786
|move|p1a: Heatran|Magma Storm|p2a: Mamoswine|[miss]
|-miss|p1a: Heatran|p2a: Mamoswine
|move|p2a: Mamoswine|Knock Off|p1a: Heatran
|-damage|p1a: Heatran|61/100
|-enditem|p1a: Heatran|Air Balloon
|
|-fieldend|Misty Terrain
|upkeep
|turn|9
|
|t:|1641822788
|move|p1a: Heatran|Magma Storm|p2a: Mamoswine
|-supereffective|p2a: Mamoswine
|-damage|p2a: Mamoswine|24/100
|-activate|p2a: Mamoswine|move: Magma Storm|[of] p1a: Heatran
|move|p2a: Mamoswine|High Horsepower|p1a: Heatran
|-supereffective|p1a: Heatran
|-crit|p1a: Heatran
|-damage|p1a: Heatran|0 fnt
|faint|p1a: Heatran
|
|-end|p2a: Mamoswine|Magma Storm|[partiallytrapped]|[silent]
|upkeep
|
|t:|1641822794
|switch|p1a: Tapu Fini|Tapu Fini|100/100
|-fieldstart|move: Misty Terrain|[from] ability: Misty Surge|[of] p1a: Tapu Fini
|turn|10
|
|t:|1641822812
|switch|p2a: Mew|Mew|100/100
|move|p1a: Tapu Fini|Moonblast|p2a: Mew
|-damage|p2a: Mew|74/100
|-unboost|p2a: Mew|spa|1
|
|upkeep
|turn|11
|
|t:|1641822819
|switch|p1a: Scizor|Scizor, F|9/100
|move|p2a: Mew|Stealth Rock|p1a: Scizor
|-sidestart|p1: SL21CC 东方不败|move: Stealth Rock
|
|upkeep
|turn|12
|
|t:|1641822823
|switch|p2a: Magnezone|Magnezone|100/100
|move|p1a: Scizor|Roost|p1a: Scizor
|-heal|p1a: Scizor|59/100
|-singleturn|p1a: Scizor|move: Roost
|
|upkeep
|turn|13
|
|t:|1641822827
|move|p2a: Magnezone|Thunderbolt|p1a: Scizor
|-damage|p1a: Scizor|0 fnt
|faint|p1a: Scizor
|
|upkeep
|
|t:|1641822830
|switch|p1a: Landorus|Landorus-Therian, M|100/100
|-damage|p1a: Landorus|88/100|[from] Stealth Rock
|-ability|p1a: Landorus|Intimidate|boost
|-unboost|p2a: Magnezone|atk|1
|turn|14
|
|t:|1641822856
|switch|p2a: Mew|Mew|74/100
|move|p1a: Landorus|Knock Off|p2a: Mew
|-supereffective|p2a: Mew
|-damage|p2a: Mew|25/100
|-enditem|p2a: Mew|Choice Scarf|[from] move: Knock Off|[of] p1a: Landorus
|
|-heal|p1a: Landorus|94/100|[from] item: Leftovers
|-fieldend|Misty Terrain
|upkeep
|turn|15
|
|t:|1641822879
|switch|p1a: Tapu Fini|Tapu Fini|100/100
|-damage|p1a: Tapu Fini|88/100|[from] Stealth Rock
|-fieldstart|move: Misty Terrain|[from] ability: Misty Surge|[of] p1a: Tapu Fini
|move|p2a: Mew|Ice Beam|p1a: Tapu Fini
|-resisted|p1a: Tapu Fini
|-damage|p1a: Tapu Fini|80/100
|
|upkeep
|turn|16
|
|t:|1641822885
|move|p2a: Mew|Taunt|p1a: Tapu Fini
|-start|p1a: Tapu Fini|move: Taunt
|cant|p1a: Tapu Fini|move: Taunt|Defog
|
|upkeep
|turn|17
|
|t:|1641822899
|switch|p2a: Rillaboom|Rillaboom, M|100/100
|-fieldstart|move: Grassy Terrain|[from] ability: Grassy Surge|[of] p2a: Rillaboom
|move|p1a: Tapu Fini|Moonblast|p2a: Rillaboom
|-damage|p2a: Rillaboom|55/100
|
|-heal|p1a: Tapu Fini|86/100|[from] Grassy Terrain
|-heal|p2a: Rillaboom|61/100|[from] Grassy Terrain
|upkeep
|turn|18
|
|t:|1641822910
|switch|p1a: Landorus|Landorus-Therian, M|94/100
|-damage|p1a: Landorus|82/100|[from] Stealth Rock
|-ability|p1a: Landorus|Intimidate|boost
|-unboost|p2a: Rillaboom|atk|1
|move|p2a: Rillaboom|Knock Off|p1a: Landorus
|-damage|p1a: Landorus|47/100
|-enditem|p1a: Landorus|Leftovers|[from] move: Knock Off|[of] p2a: Rillaboom
|
|-heal|p2a: Rillaboom|67/100|[from] Grassy Terrain
|upkeep
|turn|19
|
|t:|1641822924
|switch|p2a: Magnezone|Magnezone|100/100
|move|p1a: Landorus|Stealth Rock|p2a: Magnezone
|-sidestart|p2: SL21CC Leviathan|move: Stealth Rock
|
|upkeep
|turn|20
|
|t:|1641822936
|switch|p1a: Zapdos|Zapdos|100/100
|switch|p2a: Mamoswine|Mamoswine, F|24/100
|-damage|p2a: Mamoswine|12/100|[from] Stealth Rock
|
|-heal|p2a: Mamoswine|18/100|[from] Grassy Terrain
|upkeep
|turn|21
|
|t:|1641822940
|move|p1a: Zapdos|Heat Wave|p2a: Mamoswine
|-supereffective|p2a: Mamoswine
|-damage|p2a: Mamoswine|0 fnt
|faint|p2a: Mamoswine
|
|-fieldend|move: Grassy Terrain
|upkeep
|
|t:|1641822953
|switch|p2a: Mew|Mew|25/100
|-damage|p2a: Mew|13/100|[from] Stealth Rock
|turn|22
|
|t:|1641822963
|move|p2a: Mew|Spikes|p1a: Zapdos
|-sidestart|p1: SL21CC 东方不败|Spikes
|move|p1a: Zapdos|Volt Switch|p2a: Mew
|-damage|p2a: Mew|0 fnt
|faint|p2a: Mew
|
|t:|1641822967
|switch|p1a: Weavile|Weavile, F|100/100|[from]move: Volt Switch
|-ability|p1a: Weavile|Pressure
|
|upkeep
|
|t:|1641822972
|switch|p2a: Magnezone|Magnezone|100/100
|-damage|p2a: Magnezone|94/100|[from] Stealth Rock
|turn|23
|
|t:|1641822981
|switch|p1a: Landorus|Landorus-Therian, M|47/100
|-damage|p1a: Landorus|35/100|[from] Stealth Rock
|-ability|p1a: Landorus|Intimidate|boost
|-unboost|p2a: Magnezone|atk|1
|move|p2a: Magnezone|Iron Defense|p2a: Magnezone
|-boost|p2a: Magnezone|def|2
|
|upkeep
|turn|24
|
|t:|1641822989
|move|p1a: Landorus|U-turn|p2a: Magnezone
|-resisted|p2a: Magnezone
|-damage|p2a: Magnezone|89/100
|
|t:|1641822991
|switch|p1a: Zapdos|Zapdos|100/100|[from]move: U-turn
|move|p2a: Magnezone|Body Press|p1a: Zapdos
|-resisted|p1a: Zapdos
|-damage|p1a: Zapdos|82/100
|
|upkeep
|turn|25
|
|t:|1641822995
|move|p1a: Zapdos|Heat Wave|p2a: Magnezone
|-supereffective|p2a: Magnezone
|-damage|p2a: Magnezone|12/100
|move|p2a: Magnezone|Thunderbolt|p1a: Zapdos
|-damage|p1a: Zapdos|24/100
|
|upkeep
|turn|26
|
|t:|1641823006
|move|p1a: Zapdos|Roost|p1a: Zapdos
|-heal|p1a: Zapdos|74/100
|-singleturn|p1a: Zapdos|move: Roost
|move|p2a: Magnezone|Body Press|p1a: Zapdos
|-damage|p1a: Zapdos|38/100
|
|upkeep
|turn|27
|
|t:|1641823012
|move|p1a: Zapdos|Roost|p1a: Zapdos
|-heal|p1a: Zapdos|88/100
|-singleturn|p1a: Zapdos|move: Roost
|move|p2a: Magnezone|Body Press|p1a: Zapdos
|-damage|p1a: Zapdos|51/100
|
|upkeep
|turn|28
|
|t:|1641823014
|move|p1a: Zapdos|Roost|p1a: Zapdos
|-heal|p1a: Zapdos|100/100
|-singleturn|p1a: Zapdos|move: Roost
|move|p2a: Magnezone|Body Press|p1a: Zapdos
|-damage|p1a: Zapdos|66/100
|
|upkeep
|turn|29
|
|t:|1641823016
|move|p1a: Zapdos|Heat Wave|p2a: Magnezone
|-supereffective|p2a: Magnezone
|-damage|p2a: Magnezone|0 fnt
|faint|p2a: Magnezone
|
|upkeep
|
|t:|1641823020
|switch|p2a: Bisharp|Bisharp, M|100/100
|-damage|p2a: Bisharp|94/100|[from] Stealth Rock
|turn|30
|
|t:|1641823031
|switch|p1a: Tapu Fini|Tapu Fini|86/100
|-damage|p1a: Tapu Fini|74/100|[from] Spikes
|-damage|p1a: Tapu Fini|62/100|[from] Stealth Rock
|-fieldstart|move: Misty Terrain|[from] ability: Misty Surge|[of] p1a: Tapu Fini
|move|p2a: Bisharp|Knock Off|p1a: Tapu Fini
|-resisted|p1a: Tapu Fini
|-damage|p1a: Tapu Fini|33/100
|-enditem|p1a: Tapu Fini|Focus Sash|[from] move: Knock Off|[of] p2a: Bisharp
|
|upkeep
|turn|31
|
|t:|1641823051
|move|p1a: Tapu Fini|Moonblast|p2a: Bisharp
|-damage|p2a: Bisharp|37/100
|-unboost|p2a: Bisharp|spa|1
|-ability|p2a: Bisharp|Defiant
|-boost|p2a: Bisharp|atk|2
|move|p2a: Bisharp|Iron Head|p1a: Tapu Fini
|-damage|p1a: Tapu Fini|0 fnt
|faint|p1a: Tapu Fini
|
|upkeep
|
|t:|1641823066
|switch|p1a: Weavile|Weavile, F|100/100
|-ability|p1a: Weavile|Pressure
|turn|32
|
|t:|1641823079
|move|p1a: Weavile|Triple Axel|p2a: Bisharp
|-resisted|p2a: Bisharp
|-damage|p2a: Bisharp|30/100
|-resisted|p2a: Bisharp
|-damage|p2a: Bisharp|17/100
|-resisted|p2a: Bisharp
|-damage|p2a: Bisharp|0 fnt
|faint|p2a: Bisharp
|-hitcount|p2: Bisharp|3
|
|upkeep
|
|t:|1641823084
|switch|p2a: Tapu Fini|Tapu Fini|94/100
|-damage|p2a: Tapu Fini|82/100|[from] Stealth Rock
|turn|33
|
|t:|1641823089
|switch|p1a: Zapdos|Zapdos|66/100
|move|p2a: Tapu Fini|Moonblast|p1a: Zapdos
|-damage|p1a: Zapdos|36/100
|-unboost|p1a: Zapdos|spa|1
|
|-heal|p2a: Tapu Fini|88/100|[from] item: Leftovers
|upkeep
|turn|34
|
|t:|1641823095
|move|p1a: Zapdos|Roost|p1a: Zapdos
|-heal|p1a: Zapdos|86/100
|-singleturn|p1a: Zapdos|move: Roost
|move|p2a: Tapu Fini|Moonblast|p1a: Zapdos
|-damage|p1a: Zapdos|58/100
|
|-heal|p2a: Tapu Fini|94/100|[from] item: Leftovers
|-fieldend|Misty Terrain
|upkeep
|turn|35
|
|t:|1641823098
|move|p1a: Zapdos|Roost|p1a: Zapdos
|-heal|p1a: Zapdos|100/100
|-singleturn|p1a: Zapdos|move: Roost
|move|p2a: Tapu Fini|Moonblast|p1a: Zapdos
|-damage|p1a: Zapdos|70/100
|
|-heal|p2a: Tapu Fini|100/100|[from] item: Leftovers
|upkeep
|turn|36
|
|t:|1641823102
|move|p1a: Zapdos|Toxic|p2a: Tapu Fini
|-status|p2a: Tapu Fini|tox
|move|p2a: Tapu Fini|Moonblast|p1a: Zapdos
|-damage|p1a: Zapdos|40/100
|
|-damage|p2a: Tapu Fini|94/100 tox|[from] psn
|upkeep
|turn|37
|
|t:|1641823105
|move|p1a: Zapdos|Roost|p1a: Zapdos
|-heal|p1a: Zapdos|90/100
|-singleturn|p1a: Zapdos|move: Roost
|move|p2a: Tapu Fini|Taunt|p1a: Zapdos
|-start|p1a: Zapdos|move: Taunt
|
|-heal|p2a: Tapu Fini|100/100 tox|[from] item: Leftovers
|-damage|p2a: Tapu Fini|88/100 tox|[from] psn
|upkeep
|turn|38
|
|t:|1641823108
|move|p1a: Zapdos|Volt Switch|p2a: Tapu Fini
|-supereffective|p2a: Tapu Fini
|-damage|p2a: Tapu Fini|60/100 tox
|
|t:|1641823112
|switch|p1a: Landorus|Landorus-Therian, M|35/100|[from]move: Volt Switch
|-damage|p1a: Landorus|23/100|[from] Stealth Rock
|-ability|p1a: Landorus|Intimidate|boost
|-unboost|p2a: Tapu Fini|atk|1
|move|p2a: Tapu Fini|Moonblast|p1a: Landorus
|-damage|p1a: Landorus|0 fnt
|faint|p1a: Landorus
|
|-heal|p2a: Tapu Fini|66/100 tox|[from] item: Leftovers
|-damage|p2a: Tapu Fini|48/100 tox|[from] psn
|upkeep
|
|t:|1641823114
|switch|p1a: Zapdos|Zapdos|90/100
|turn|39
|
|t:|1641823122
|move|p1a: Zapdos|Volt Switch|p2a: Tapu Fini
|-supereffective|p2a: Tapu Fini
|-damage|p2a: Tapu Fini|11/100 tox
|
|t:|1641823124
|switch|p1a: Weavile|Weavile, F|100/100|[from]move: Volt Switch
|-ability|p1a: Weavile|Pressure
|move|p2a: Tapu Fini|Nature's Madness|p1a: Weavile
|-damage|p1a: Weavile|51/100
|
|-heal|p2a: Tapu Fini|17/100 tox|[from] item: Leftovers
|-damage|p2a: Tapu Fini|0 fnt|[from] psn
|faint|p2a: Tapu Fini
|upkeep
|
|t:|1641823126
|switch|p2a: Rillaboom|Rillaboom, M|67/100
|-damage|p2a: Rillaboom|55/100|[from] Stealth Rock
|-fieldstart|move: Grassy Terrain|[from] ability: Grassy Surge|[of] p2a: Rillaboom
|turn|40
|
|t:|1641823128
|move|p1a: Weavile|Ice Shard|p2a: Rillaboom
|-supereffective|p2a: Rillaboom
|-damage|p2a: Rillaboom|11/100
|move|p2a: Rillaboom|Grassy Glide|p1a: Weavile
|-damage|p1a: Weavile|0 fnt
|faint|p1a: Weavile
|
|-heal|p2a: Rillaboom|17/100|[from] Grassy Terrain
|upkeep
|
|t:|1641823130
|switch|p1a: Zapdos|Zapdos|90/100
|turn|41
|
|t:|1641823133
|move|p2a: Rillaboom|Grassy Glide|p1a: Zapdos
|-resisted|p1a: Zapdos
|-damage|p1a: Zapdos|60/100
|move|p1a: Zapdos|Volt Switch|p2a: Rillaboom
|-resisted|p2a: Rillaboom
|-damage|p2a: Rillaboom|0 fnt
|faint|p2a: Rillaboom
|
|win|SL21CC 东方不败
|raw|SL21CC 东方不败's rating: 1258 &rarr; <strong>1272</strong><br />(+14 for winning)
|raw|SL21CC Leviathan's rating: 1231 &rarr; <strong>1216</strong><br />(-15 for losing)
