|j|☆SL21CC 999司马
|j|☆SL21CC 东方不败
|t:|1641697085
|gametype|singles
|player|p1|SL21CC 999司马|feida.png|1359
|player|p2|SL21CC 东方不败|allenxia.png|1165
|teamsize|p1|6
|teamsize|p2|6
|gen|8
|tier|[Gen 8] OU
|rated|
|rule|Sleep Clause Mod: Limit one foe put to sleep
|rule|Species Clause: Limit one of each Pokémon
|rule|OHKO Clause: OHKO moves are banned
|rule|Evasion Moves Clause: Evasion moves are banned
|rule|Endless Battle Clause: Forcing endless battles is banned
|rule|HP Percentage Mod: HP is shown in percentages
|rule|Dynamax Clause: You cannot dynamax
|clearpoke
|poke|p1|Victini|
|poke|p1|Corviknight, F|
|poke|p1|Melmetal|
|poke|p1|Rhyperior, F|
|poke|p1|Slowbro, F|
|poke|p1|Blissey, F|
|poke|p2|Aegislash, F|
|poke|p2|Landorus-Therian, M|
|poke|p2|Kartana|
|poke|p2|Urshifu-*, M|
|poke|p2|Slowbro, M|
|poke|p2|Tapu Lele|
|teampreview
|inactive|Battle timer is ON: inactive players will automatically lose when time's up. (requested by SL21CC 东方不败)
|
|t:|1641697128
|start
|switch|p1a: Slowbro|Slowbro, F|100/100
|switch|p2a: Urshifu|Urshifu-Rapid-Strike, M|100/100
|turn|1
|
|t:|1641697138
|move|p2a: Urshifu|U-turn|p1a: Slowbro
|-supereffective|p1a: Slowbro
|-damage|p1a: Slowbro|69/100
|
|t:|1641697141
|switch|p2a: Aegislash|Aegislash, F|100/100|[from]move: U-turn
|move|p1a: Slowbro|Scald|p2a: Aegislash
|-damage|p2a: Aegislash|66/100
|
|upkeep
|turn|2
|j|♚Chizuru mizuhara
|
|t:|1641697160
|switch|p1a: Rhyperior|Rhyperior, F|100/100
|-formechange|p2a: Aegislash|Aegislash-Blade||[from] ability: Stance Change
|move|p2a: Aegislash|Close Combat|p1a: Rhyperior
|-supereffective|p1a: Rhyperior
|-damage|p1a: Rhyperior|52/100
|-unboost|p2a: Aegislash|def|1
|-unboost|p2a: Aegislash|spd|1
|
|-heal|p1a: Rhyperior|58/100|[from] item: Leftovers
|upkeep
|turn|3
|
|t:|1641697165
|switch|p2a: Landorus|Landorus-Therian, M|100/100
|-ability|p2a: Landorus|Intimidate|boost
|-unboost|p1a: Rhyperior|atk|1
|move|p1a: Rhyperior|Stealth Rock|p2a: Landorus
|-sidestart|p2: SL21CC 东方不败|move: Stealth Rock
|
|-heal|p1a: Rhyperior|64/100|[from] item: Leftovers
|upkeep
|turn|4
|
|t:|1641697173
|switch|p1a: Melmetal|Melmetal|100/100
|move|p2a: Landorus|Stealth Rock|p1a: Melmetal
|-sidestart|p1: SL21CC 999司马|move: Stealth Rock
|
|upkeep
|turn|5
|
|t:|1641697177
|move|p1a: Melmetal|Ice Punch|p2a: Landorus
|-supereffective|p2a: Landorus
|-damage|p2a: Landorus|0 fnt
|faint|p2a: Landorus
|
|upkeep
|c|☆SL21CC 东方不败|？
|
|t:|1641697194
|switch|p2a: Aegislash|Aegislash, F|66/100
|-damage|p2a: Aegislash|60/100|[from] Stealth Rock
|turn|6
|
|t:|1641697216
|switch|p1a: Rhyperior|Rhyperior, F|64/100
|-damage|p1a: Rhyperior|58/100|[from] Stealth Rock
|-formechange|p2a: Aegislash|Aegislash-Blade||[from] ability: Stance Change
|move|p2a: Aegislash|Close Combat|p1a: Rhyperior
|-supereffective|p1a: Rhyperior
|-damage|p1a: Rhyperior|7/100
|-unboost|p2a: Aegislash|def|1
|-unboost|p2a: Aegislash|spd|1
|
|-heal|p1a: Rhyperior|13/100|[from] item: Leftovers
|upkeep
|turn|7
|
|t:|1641697219
|switch|p1a: Slowbro|Slowbro, F|100/100
|move|p2a: Aegislash|Close Combat|p1a: Slowbro
|-resisted|p1a: Slowbro
|-crit|p1a: Slowbro
|-damage|p1a: Slowbro|82/100
|-unboost|p2a: Aegislash|def|1
|-unboost|p2a: Aegislash|spd|1
|
|upkeep
|turn|8
|
|t:|1641697228
|switch|p2a: Slowbro|Slowbro, M|100/100
|-damage|p2a: Slowbro|88/100|[from] Stealth Rock
|move|p1a: Slowbro|Grass Knot|p2a: Slowbro
|-supereffective|p2a: Slowbro
|-damage|p2a: Slowbro|43/100
|-enditem|p2a: Slowbro|Eject Button
|
|t:|1641697235
|switch|p2a: Tapu Lele|Tapu Lele|100/100
|-damage|p2a: Tapu Lele|88/100|[from] Stealth Rock
|-fieldstart|move: Psychic Terrain|[from] ability: Psychic Surge|[of] p2a: Tapu Lele
|
|upkeep
|turn|9
|j| SL21CC tangkeke
|inactive|SL21CC 999司马 has 120 seconds left.
|
|t:|1641697265
|switch|p1a: Rhyperior|Rhyperior, F|13/100
|-damage|p1a: Rhyperior|7/100|[from] Stealth Rock
|move|p2a: Tapu Lele|Thunderbolt|p1a: Rhyperior
|-ability|p1a: Rhyperior|Lightning Rod|boost
|-boost|p1a: Rhyperior|spa|1
|
|-heal|p1a: Rhyperior|13/100|[from] item: Leftovers
|upkeep
|turn|10
|inactive|SL21CC 999司马 has 120 seconds left.
|
|t:|1641697278
|move|p2a: Tapu Lele|Psyshock|p1a: Rhyperior
|-damage|p1a: Rhyperior|0 fnt
|faint|p1a: Rhyperior
|
|upkeep
|inactive|SL21CC 999司马 has 120 seconds left.
|
|t:|1641697284
|switch|p1a: Victini|Victini|100/100
|turn|11
|
|t:|1641697289
|switch|p2a: Slowbro|Slowbro, M|77/100
|-damage|p2a: Slowbro|64/100|[from] Stealth Rock
|move|p1a: Victini|V-create|p2a: Slowbro
|-resisted|p2a: Slowbro
|-damage|p2a: Slowbro|40/100
|-unboost|p1a: Victini|spe|1
|-unboost|p1a: Victini|def|1
|-unboost|p1a: Victini|spd|1
|
|upkeep
|turn|12
|inactive|SL21CC 999司马 has 120 seconds left.
|
|t:|1641697327
|switch|p2a: Kartana|Kartana|100/100
|-damage|p2a: Kartana|94/100|[from] Stealth Rock
|move|p1a: Victini|Energy Ball|p2a: Kartana
|-resisted|p2a: Kartana
|-damage|p2a: Kartana|80/100
|
|-fieldend|move: Psychic Terrain
|upkeep
|turn|13
|
|t:|1641697334
|switch|p1a: Corviknight|Corviknight, F|100/100
|-damage|p1a: Corviknight|88/100|[from] Stealth Rock
|-ability|p1a: Corviknight|Pressure
|move|p2a: Kartana|Knock Off|p1a: Corviknight
|-damage|p1a: Corviknight|64/100
|-damage|p2a: Kartana|63/100|[from] item: Rocky Helmet|[of] p1a: Corviknight
|-enditem|p1a: Corviknight|Rocky Helmet|[from] move: Knock Off|[of] p2a: Kartana
|
|upkeep
|turn|14
|inactive|SL21CC 999司马 has 120 seconds left.
|j| SL21CCisthequeen
|
|t:|1641697361
|switch|p2a: Slowbro|Slowbro, M|73/100
|-damage|p2a: Slowbro|61/100|[from] Stealth Rock
|move|p1a: Corviknight|Roost|p1a: Corviknight
|-heal|p1a: Corviknight|100/100
|-singleturn|p1a: Corviknight|move: Roost
|
|upkeep
|turn|15
|
|t:|1641697371
|switch|p1a: Slowbro|Slowbro, F|100/100
|move|p2a: Slowbro|Teleport|p2a: Slowbro
|
|t:|1641697375
|switch|p2a: Tapu Lele|Tapu Lele|88/100|[from]move: Teleport
|-damage|p2a: Tapu Lele|76/100|[from] Stealth Rock
|-fieldstart|move: Psychic Terrain|[from] ability: Psychic Surge|[of] p2a: Tapu Lele
|
|upkeep
|turn|16
|inactive|SL21CC 999司马 has 120 seconds left.
|inactive|SL21CC 999司马 has 90 seconds left.
|inactive|SL21CC 999司马 has 60 seconds left.
|
|t:|1641697441
|switch|p1a: Victini|Victini|100/100
|move|p2a: Tapu Lele|Thunderbolt|p1a: Victini
|-damage|p1a: Victini|71/100
|
|upkeep
|turn|17
|j|♚chengduoldsuperbro
|
|t:|1641697451
|switch|p2a: Slowbro|Slowbro, M|94/100
|-damage|p2a: Slowbro|82/100|[from] Stealth Rock
|move|p1a: Victini|V-create|p2a: Slowbro
|-resisted|p2a: Slowbro
|-damage|p2a: Slowbro|55/100
|-unboost|p1a: Victini|spe|1
|-unboost|p1a: Victini|def|1
|-unboost|p1a: Victini|spd|1
|
|upkeep
|turn|18
|
|t:|1641697455
|move|p1a: Victini|U-turn|p2a: Slowbro
|-supereffective|p2a: Slowbro
|-damage|p2a: Slowbro|28/100
|
|t:|1641697456
|switch|p1a: Slowbro|Slowbro, F|100/100|[from]move: U-turn
|move|p2a: Slowbro|Teleport|p2a: Slowbro
|
|t:|1641697464
|switch|p2a: Aegislash|Aegislash, F|60/100|[from]move: Teleport
|-damage|p2a: Aegislash|53/100|[from] Stealth Rock
|
|upkeep
|turn|19
|j| Suta Pulachina
|inactive|SL21CC 999司马 has 90 seconds left.
|
|t:|1641697485
|switch|p1a: Blissey|Blissey, F|100/100
|-formechange|p2a: Aegislash|Aegislash-Blade||[from] ability: Stance Change
|move|p2a: Aegislash|Close Combat|p1a: Blissey
|-supereffective|p1a: Blissey
|-damage|p1a: Blissey|38/100
|-unboost|p2a: Aegislash|def|1
|-unboost|p2a: Aegislash|spd|1
|
|-fieldend|move: Psychic Terrain
|upkeep
|turn|20
|
|t:|1641697489
|move|p2a: Aegislash|Close Combat|p1a: Blissey
|-supereffective|p1a: Blissey
|-damage|p1a: Blissey|0 fnt
|-unboost|p2a: Aegislash|def|1
|-unboost|p2a: Aegislash|spd|1
|faint|p1a: Blissey
|
|upkeep
|
|t:|1641697497
|switch|p1a: Melmetal|Melmetal|100/100
|-damage|p1a: Melmetal|94/100|[from] Stealth Rock
|turn|21
|
|t:|1641697503
|switch|p2a: Urshifu|Urshifu-Rapid-Strike, M|100/100
|-damage|p2a: Urshifu|94/100|[from] Stealth Rock
|move|p1a: Melmetal|Thunder Punch|p2a: Urshifu
|-supereffective|p2a: Urshifu
|-damage|p2a: Urshifu|22/100
|
|upkeep
|turn|22
|
|t:|1641697507
|move|p2a: Urshifu|Close Combat|p1a: Melmetal
|-supereffective|p1a: Melmetal
|-damage|p1a: Melmetal|16/100
|-unboost|p2a: Urshifu|def|1
|-unboost|p2a: Urshifu|spd|1
|move|p1a: Melmetal|Thunder Punch|p2a: Urshifu
|-supereffective|p2a: Urshifu
|-damage|p2a: Urshifu|0 fnt
|faint|p2a: Urshifu
|
|upkeep
|
|t:|1641697516
|switch|p2a: Kartana|Kartana|63/100
|-damage|p2a: Kartana|57/100|[from] Stealth Rock
|turn|23
|
|t:|1641697520
|switch|p1a: Corviknight|Corviknight, F|100/100
|-damage|p1a: Corviknight|88/100|[from] Stealth Rock
|-ability|p1a: Corviknight|Pressure
|move|p2a: Kartana|Knock Off|p1a: Corviknight
|-damage|p1a: Corviknight|71/100
|
|upkeep
|turn|24
|
|t:|1641697529
|switch|p1a: Slowbro|Slowbro, F|100/100
|move|p2a: Kartana|Knock Off|p1a: Slowbro
|-supereffective|p1a: Slowbro
|-damage|p1a: Slowbro|38/100
|-enditem|p1a: Slowbro|Heavy-Duty Boots|[from] move: Knock Off|[of] p2a: Kartana
|
|upkeep
|turn|25
|
|t:|1641697531
|switch|p1a: Corviknight|Corviknight, F|71/100
|-damage|p1a: Corviknight|58/100|[from] Stealth Rock
|-ability|p1a: Corviknight|Pressure
|move|p2a: Kartana|Knock Off|p1a: Corviknight
|-damage|p1a: Corviknight|41/100
|
|upkeep
|turn|26
|
|t:|1641697537
|switch|p2a: Aegislash|Aegislash, F|53/100
|-damage|p2a: Aegislash|47/100|[from] Stealth Rock
|move|p1a: Corviknight|Roost|p1a: Corviknight
|-heal|p1a: Corviknight|91/100
|-singleturn|p1a: Corviknight|move: Roost
|
|upkeep
|turn|27
|
|t:|1641697540
|-formechange|p2a: Aegislash|Aegislash-Blade||[from] ability: Stance Change
|move|p2a: Aegislash|Shadow Ball|p1a: Corviknight
|-damage|p1a: Corviknight|24/100
|-unboost|p1a: Corviknight|spd|1
|move|p1a: Corviknight|Roost|p1a: Corviknight
|-heal|p1a: Corviknight|74/100
|-singleturn|p1a: Corviknight|move: Roost
|
|upkeep
|turn|28
|
|t:|1641697545
|switch|p1a: Slowbro|Slowbro, F|72/100
|-damage|p1a: Slowbro|59/100|[from] Stealth Rock
|move|p2a: Aegislash|Shadow Ball|p1a: Slowbro
|-supereffective|p1a: Slowbro
|-damage|p1a: Slowbro|0 fnt
|faint|p1a: Slowbro
|
|upkeep
|
|t:|1641697547
|switch|p1a: Victini|Victini|71/100
|turn|29
|
|t:|1641697552
|switch|p2a: Tapu Lele|Tapu Lele|76/100
|-damage|p2a: Tapu Lele|63/100|[from] Stealth Rock
|-fieldstart|move: Psychic Terrain|[from] ability: Psychic Surge|[of] p2a: Tapu Lele
|move|p1a: Victini|V-create|p2a: Tapu Lele
|-damage|p2a: Tapu Lele|0 fnt
|-unboost|p1a: Victini|spe|1
|-unboost|p1a: Victini|def|1
|-unboost|p1a: Victini|spd|1
|faint|p2a: Tapu Lele
|
|upkeep
|
|t:|1641697555
|switch|p2a: Kartana|Kartana|57/100
|-damage|p2a: Kartana|51/100|[from] Stealth Rock
|turn|30
|
|t:|1641697562
|switch|p1a: Corviknight|Corviknight, F|74/100
|-damage|p1a: Corviknight|61/100|[from] Stealth Rock
|-ability|p1a: Corviknight|Pressure
|move|p2a: Kartana|Knock Off|p1a: Corviknight
|-damage|p1a: Corviknight|45/100
|
|upkeep
|turn|31
|
|t:|1641697566
|move|p2a: Kartana|Knock Off|p1a: Corviknight
|-damage|p1a: Corviknight|27/100
|move|p1a: Corviknight|Roost|p1a: Corviknight
|-heal|p1a: Corviknight|77/100
|-singleturn|p1a: Corviknight|move: Roost
|
|upkeep
|turn|32
|
|t:|1641697569
|move|p2a: Kartana|Knock Off|p1a: Corviknight
|-damage|p1a: Corviknight|59/100
|move|p1a: Corviknight|Roost|p1a: Corviknight
|-heal|p1a: Corviknight|100/100
|-singleturn|p1a: Corviknight|move: Roost
|
|upkeep
|turn|33
|
|t:|1641697573
|move|p2a: Kartana|Knock Off|p1a: Corviknight
|-damage|p1a: Corviknight|81/100
|move|p1a: Corviknight|Defog|p2a: Kartana
|-unboost|p2a: Kartana|evasion|1
|-sideend|p2: SL21CC 东方不败|Stealth Rock|[from] move: Defog|[of] p1a: Corviknight
|-sideend|p1: SL21CC 999司马|Stealth Rock|[from] move: Defog|[of] p1a: Corviknight
|-fieldend|move: Psychic Terrain
|
|upkeep
|turn|34
|
|t:|1641697576
|switch|p2a: Aegislash|Aegislash, F|47/100
|move|p1a: Corviknight|Roost|p1a: Corviknight
|-heal|p1a: Corviknight|100/100
|-singleturn|p1a: Corviknight|move: Roost
|
|upkeep
|turn|35
|
|t:|1641697582
|-formechange|p2a: Aegislash|Aegislash-Blade||[from] ability: Stance Change
|move|p2a: Aegislash|Shadow Ball|p1a: Corviknight
|-damage|p1a: Corviknight|35/100
|move|p1a: Corviknight|Roost|p1a: Corviknight
|-heal|p1a: Corviknight|85/100
|-singleturn|p1a: Corviknight|move: Roost
|
|upkeep
|turn|36
|
|t:|1641697599
|switch|p1a: Melmetal|Melmetal|16/100
|move|p2a: Aegislash|Shadow Ball|p1a: Melmetal
|-damage|p1a: Melmetal|0 fnt
|faint|p1a: Melmetal
|
|upkeep
|
|t:|1641697601
|switch|p1a: Victini|Victini|71/100
|turn|37
|
|t:|1641697605
|move|p1a: Victini|V-create|p2a: Aegislash
|-supereffective|p2a: Aegislash
|-damage|p2a: Aegislash|0 fnt
|-unboost|p1a: Victini|spe|1
|-unboost|p1a: Victini|def|1
|-unboost|p1a: Victini|spd|1
|faint|p2a: Aegislash
|
|upkeep
|
|t:|1641697612
|switch|p2a: Slowbro|Slowbro, M|61/100
|turn|38
|
|t:|1641697616
|move|p1a: Victini|Energy Ball|p2a: Slowbro
|-supereffective|p2a: Slowbro
|-damage|p2a: Slowbro|19/100
|-unboost|p2a: Slowbro|spd|1
|move|p2a: Slowbro|Slack Off|p2a: Slowbro
|-heal|p2a: Slowbro|69/100
|
|upkeep
|turn|39
|
|t:|1641697623
|move|p1a: Victini|Energy Ball|p2a: Slowbro
|-supereffective|p2a: Slowbro
|-damage|p2a: Slowbro|7/100
|move|p2a: Slowbro|Teleport|p2a: Slowbro
|
|t:|1641697624
|switch|p2a: Kartana|Kartana|51/100|[from]move: Teleport
|
|upkeep
|turn|40
|
|t:|1641697629
|switch|p2a: Slowbro|Slowbro, M|41/100
|switch|p1a: Corviknight|Corviknight, F|85/100
|-ability|p1a: Corviknight|Pressure
|
|upkeep
|turn|41
|
|t:|1641697632
|switch|p1a: Victini|Victini|71/100
|move|p2a: Slowbro|Slack Off|p2a: Slowbro
|-heal|p2a: Slowbro|91/100
|
|upkeep
|turn|42
|
|t:|1641697637
|move|p1a: Victini|Encore|p2a: Slowbro
|-start|p2a: Slowbro|Encore
|move|p2a: Slowbro|Slack Off|p2a: Slowbro
|-heal|p2a: Slowbro|100/100
|
|upkeep
|turn|43
|
|t:|1641697641
|switch|p2a: Kartana|Kartana|51/100
|move|p1a: Victini|Energy Ball|p2a: Kartana
|-resisted|p2a: Kartana
|-damage|p2a: Kartana|36/100
|
|upkeep
|turn|44
|
|t:|1641697645
|switch|p2a: Slowbro|Slowbro, M|100/100
|switch|p1a: Corviknight|Corviknight, F|85/100
|-ability|p1a: Corviknight|Pressure
|
|upkeep
|turn|45
|
|t:|1641697648
|move|p1a: Corviknight|Iron Defense|p1a: Corviknight
|-boost|p1a: Corviknight|def|2
|move|p2a: Slowbro|Future Sight|p1a: Corviknight
|-start|p2a: Slowbro|move: Future Sight
|
|upkeep
|turn|46
|
|t:|1641697651
|move|p1a: Corviknight|Iron Defense|p1a: Corviknight
|-boost|p1a: Corviknight|def|2
|move|p2a: Slowbro|Ice Beam|p1a: Corviknight
|-damage|p1a: Corviknight|63/100
|
|upkeep
|turn|47
|
|t:|1641697654
|move|p1a: Corviknight|Iron Defense|p1a: Corviknight
|-boost|p1a: Corviknight|def|2
|move|p2a: Slowbro|Ice Beam|p1a: Corviknight
|-damage|p1a: Corviknight|45/100
|
|-end|p1a: Corviknight|move: Future Sight
|-resisted|p1a: Corviknight
|-damage|p1a: Corviknight|26/100
|upkeep
|turn|48
|
|t:|1641697657
|move|p1a: Corviknight|Roost|p1a: Corviknight
|-heal|p1a: Corviknight|76/100
|-singleturn|p1a: Corviknight|move: Roost
|move|p2a: Slowbro|Ice Beam|p1a: Corviknight
|-resisted|p1a: Corviknight
|-damage|p1a: Corviknight|66/100
|
|upkeep
|turn|49
|
|t:|1641697660
|move|p1a: Corviknight|Body Press|p2a: Slowbro
|-resisted|p2a: Slowbro
|-damage|p2a: Slowbro|69/100
|move|p2a: Slowbro|Ice Beam|p1a: Corviknight
|-damage|p1a: Corviknight|48/100
|
|upkeep
|turn|50
|
|t:|1641697663
|move|p1a: Corviknight|Roost|p1a: Corviknight
|-heal|p1a: Corviknight|98/100
|-singleturn|p1a: Corviknight|move: Roost
|move|p2a: Slowbro|Slack Off|p2a: Slowbro
|-heal|p2a: Slowbro|100/100
|
|upkeep
|turn|51
|
|t:|1641697665
|move|p1a: Corviknight|Body Press|p2a: Slowbro
|-resisted|p2a: Slowbro
|-damage|p2a: Slowbro|72/100
|move|p2a: Slowbro|Ice Beam|p1a: Corviknight
|-damage|p1a: Corviknight|79/100
|
|upkeep
|turn|52
|
|t:|1641697668
|move|p1a: Corviknight|Body Press|p2a: Slowbro
|-resisted|p2a: Slowbro
|-damage|p2a: Slowbro|39/100
|move|p2a: Slowbro|Ice Beam|p1a: Corviknight
|-damage|p1a: Corviknight|59/100
|
|upkeep
|turn|53
|
|t:|1641697671
|move|p1a: Corviknight|Body Press|p2a: Slowbro
|-resisted|p2a: Slowbro
|-damage|p2a: Slowbro|9/100
|move|p2a: Slowbro|Slack Off|p2a: Slowbro
|-heal|p2a: Slowbro|59/100
|
|upkeep
|turn|54
|
|t:|1641697673
|move|p1a: Corviknight|Body Press|p2a: Slowbro
|-resisted|p2a: Slowbro
|-damage|p2a: Slowbro|26/100
|move|p2a: Slowbro|Slack Off|p2a: Slowbro
|-heal|p2a: Slowbro|76/100
|
|upkeep
|turn|55
|
|t:|1641697677
|move|p1a: Corviknight|Roost|p1a: Corviknight
|-heal|p1a: Corviknight|100/100
|-singleturn|p1a: Corviknight|move: Roost
|move|p2a: Slowbro|Future Sight|p1a: Corviknight
|-start|p2a: Slowbro|move: Future Sight
|
|upkeep
|turn|56
|l| SL21CCisthequeen
|
|t:|1641697682
|move|p1a: Corviknight|Body Press|p2a: Slowbro
|-resisted|p2a: Slowbro
|-damage|p2a: Slowbro|46/100
|move|p2a: Slowbro|Slack Off|p2a: Slowbro
|-heal|p2a: Slowbro|96/100
|
|upkeep
|turn|57
|
|t:|1641697685
|move|p1a: Corviknight|Body Press|p2a: Slowbro
|-resisted|p2a: Slowbro
|-damage|p2a: Slowbro|64/100
|move|p2a: Slowbro|Teleport|p2a: Slowbro
|
|t:|1641697686
|switch|p2a: Kartana|Kartana|36/100|[from]move: Teleport
|
|-end|p1a: Corviknight|move: Future Sight
|-resisted|p1a: Corviknight
|-damage|p1a: Corviknight|80/100
|upkeep
|turn|58
|
|t:|1641697688
|switch|p2a: Slowbro|Slowbro, M|97/100
|move|p1a: Corviknight|Body Press|p2a: Slowbro
|-resisted|p2a: Slowbro
|-damage|p2a: Slowbro|65/100
|
|upkeep
|turn|59
|
|t:|1641697692
|switch|p1a: Victini|Victini|71/100
|move|p2a: Slowbro|Slack Off|p2a: Slowbro
|-heal|p2a: Slowbro|100/100
|
|upkeep
|turn|60
|
|t:|1641697697
|switch|p2a: Kartana|Kartana|36/100
|move|p1a: Victini|V-create|p2a: Kartana
|-supereffective|p2a: Kartana
|-damage|p2a: Kartana|0 fnt
|-unboost|p1a: Victini|spe|1
|-unboost|p1a: Victini|def|1
|-unboost|p1a: Victini|spd|1
|faint|p2a: Kartana
|
|upkeep
|
|t:|1641697699
|switch|p2a: Slowbro|Slowbro, M|100/100
|turn|61
|-message|SL21CC 东方不败 forfeited.
|
|win|SL21CC 999司马
|raw|SL21CC 999司马's rating: 1379 &rarr; <strong>1388</strong><br />(+9 for winning)
|raw|SL21CC 东方不败's rating: 1165 &rarr; <strong>1155</strong><br />(-10 for losing)
|l|☆SL21CC 东方不败
|l|♚chengduoldsuperbro
|j| wandebucuo玩得不错
|l| wandebucuo玩得不错
|j| wandebucuo玩得不错
|l| wandebucuo玩得不错
|l| Suta Pulachina
