|raw|<div class="broadcast-blue"><strong>This battle is required to be public due to a player having a name starting with 'sl21cc'.</div>
|j|☆SL21CC sadfrog
|j|☆SL21CC 东方不败
|t:|1641696098
|gametype|singles
|player|p1|SL21CC sadfrog|cynthia|1207
|player|p2|SL21CC 东方不败|allenxia.png|1201
|teamsize|p1|6
|teamsize|p2|6
|gen|8
|tier|[Gen 8] OU
|rated|
|rule|Sleep Clause Mod: Limit one foe put to sleep
|rule|Species Clause: Limit one of each Pokémon
|rule|OHKO Clause: OHKO moves are banned
|rule|Evasion Moves Clause: Evasion moves are banned
|rule|Endless Battle Clause: Forcing endless battles is banned
|rule|HP Percentage Mod: HP is shown in percentages
|rule|Dynamax Clause: You cannot dynamax
|clearpoke
|poke|p1|Zapdos|
|poke|p1|Urshifu-*, F|
|poke|p1|Weavile, F|
|poke|p1|Slowking, F|
|poke|p1|Ferrothorn, M|
|poke|p1|Landorus-Therian, M|
|poke|p2|Aegislash, M|
|poke|p2|Landorus-Therian, M|
|poke|p2|Weavile, F|
|poke|p2|Kartana|
|poke|p2|Urshifu-*, F|
|poke|p2|Slowbro, F|
|teampreview
|j| SL21CC 999司马
|inactive|Battle timer is ON: inactive players will automatically lose when time's up. (requested by SL21CC 东方不败)
|l| SL21CC 999司马
|
|t:|1641696128
|start
|switch|p1a: FAKE LIFE|Urshifu-Rapid-Strike, F|100/100
|switch|p2a: Urshifu|Urshifu-Rapid-Strike, F|100/100
|turn|1
|j| Suta Pulachina
|
|t:|1641696137
|switch|p1a: enchantment|Slowking, F|100/100
|move|p2a: Urshifu|U-turn|p1a: enchantment
|-supereffective|p1a: enchantment
|-damage|p1a: enchantment|66/100
|
|t:|1641696142
|switch|p2a: Aegislash|Aegislash, M|100/100|[from]move: U-turn
|
|upkeep
|turn|2
|
|t:|1641696154
|switch|p1a: Mandragora|Landorus-Therian, M|100/100
|-ability|p1a: Mandragora|Intimidate|boost
|-unboost|p2a: Aegislash|atk|1
|-formechange|p2a: Aegislash|Aegislash-Blade||[from] ability: Stance Change
|move|p2a: Aegislash|Shadow Ball|p1a: Mandragora
|-damage|p1a: Mandragora|47/100
|
|-heal|p1a: Mandragora|53/100|[from] item: Leftovers
|upkeep
|turn|3
|
|t:|1641696163
|move|p2a: Aegislash|Shadow Ball|p1a: Mandragora
|-damage|p1a: Mandragora|0 fnt
|faint|p1a: Mandragora
|
|upkeep
|
|t:|1641696168
|switch|p1a: glacier’s poetry|Weavile, F|100/100
|turn|4
|
|t:|1641696173
|switch|p2a: Urshifu|Urshifu-Rapid-Strike, F|100/100
|move|p1a: glacier’s poetry|Swords Dance|p1a: glacier’s poetry
|-boost|p1a: glacier’s poetry|atk|2
|
|upkeep
|turn|5
|
|t:|1641696178
|move|p1a: glacier’s poetry|Triple Axel|p2a: Urshifu|[miss]
|-miss|p1a: glacier’s poetry|p2a: Urshifu
|move|p2a: Urshifu|Close Combat|p1a: glacier’s poetry
|-supereffective|p1a: glacier’s poetry
|-damage|p1a: glacier’s poetry|0 fnt
|-unboost|p2a: Urshifu|def|1
|-unboost|p2a: Urshifu|spd|1
|faint|p1a: glacier’s poetry
|
|upkeep
|
|t:|1641696181
|switch|p1a: ELIMINATOR|Zapdos|100/100
|turn|6
|
|t:|1641696195
|switch|p2a: Aegislash|Aegislash, M|100/100
|move|p1a: ELIMINATOR|Hurricane|p2a: Aegislash|[miss]
|-miss|p1a: ELIMINATOR|p2a: Aegislash
|
|upkeep
|turn|7
|
|t:|1641696199
|move|p1a: ELIMINATOR|Volt Switch|p2a: Aegislash
|-damage|p2a: Aegislash|68/100
|
|t:|1641696201
|switch|p1a: Pleisure|Ferrothorn, M|100/100|[from]move: Volt Switch
|-formechange|p2a: Aegislash|Aegislash-Blade||[from] ability: Stance Change
|move|p2a: Aegislash|Shadow Ball|p1a: Pleisure
|-damage|p1a: Pleisure|48/100
|
|-heal|p1a: Pleisure|54/100|[from] item: Leftovers
|upkeep
|turn|8
|
|t:|1641696207
|move|p2a: Aegislash|Shadow Ball|p1a: Pleisure
|-damage|p1a: Pleisure|0 fnt
|faint|p1a: Pleisure
|
|upkeep
|
|t:|1641696210
|switch|p1a: ELIMINATOR|Zapdos|100/100
|turn|9
|
|t:|1641696215
|switch|p2a: Landorus|Landorus-Therian, M|100/100
|-ability|p2a: Landorus|Intimidate|boost
|-unboost|p1a: ELIMINATOR|atk|1
|move|p1a: ELIMINATOR|Heat Wave|p2a: Landorus
|-damage|p2a: Landorus|76/100
|-status|p2a: Landorus|brn
|
|-heal|p2a: Landorus|82/100 brn|[from] item: Leftovers
|-damage|p2a: Landorus|76/100 brn|[from] brn
|upkeep
|turn|10
|
|t:|1641696218
|move|p1a: ELIMINATOR|Hurricane|p2a: Landorus|[miss]
|-miss|p1a: ELIMINATOR|p2a: Landorus
|move|p2a: Landorus|U-turn|p1a: ELIMINATOR
|-resisted|p1a: ELIMINATOR
|-damage|p1a: ELIMINATOR|95/100
|
|t:|1641696219
|switch|p2a: Weavile|Weavile, F|100/100|[from]move: U-turn
|-ability|p2a: Weavile|Pressure
|
|upkeep
|turn|11
|
|t:|1641696227
|switch|p2a: Aegislash|Aegislash, M|68/100
|switch|p1a: FAKE LIFE|Urshifu-Rapid-Strike, F|100/100
|
|upkeep
|turn|12
|
|t:|1641696236
|switch|p2a: Slowbro|Slowbro, F|100/100
|move|p1a: FAKE LIFE|Surging Strikes|p2a: Slowbro
|-resisted|p2a: Slowbro
|-crit|p2a: Slowbro
|-damage|p2a: Slowbro|92/100
|-resisted|p2a: Slowbro
|-crit|p2a: Slowbro
|-damage|p2a: Slowbro|83/100
|-resisted|p2a: Slowbro
|-crit|p2a: Slowbro
|-damage|p2a: Slowbro|73/100
|-hitcount|p2a: Slowbro|3
|-enditem|p2a: Slowbro|Eject Button
|
|t:|1641696239
|switch|p2a: Kartana|Kartana|100/100
|
|upkeep
|turn|13
|
|t:|1641696244
|switch|p1a: enchantment|Slowking, F|99/100
|move|p2a: Kartana|Knock Off|p1a: enchantment
|-supereffective|p1a: enchantment
|-damage|p1a: enchantment|38/100
|-enditem|p1a: enchantment|Heavy-Duty Boots|[from] move: Knock Off|[of] p2a: Kartana
|
|upkeep
|turn|14
|
|t:|1641696248
|switch|p1a: FAKE LIFE|Urshifu-Rapid-Strike, F|100/100
|move|p2a: Kartana|Knock Off|p1a: FAKE LIFE
|-resisted|p1a: FAKE LIFE
|-damage|p1a: FAKE LIFE|79/100
|-enditem|p1a: FAKE LIFE|Choice Band|[from] move: Knock Off|[of] p2a: Kartana
|
|upkeep
|turn|15
|
|t:|1641696255
|switch|p2a: Aegislash|Aegislash, M|68/100
|move|p1a: FAKE LIFE|U-turn|p2a: Aegislash
|-resisted|p2a: Aegislash
|-crit|p2a: Aegislash
|-damage|p2a: Aegislash|59/100
|
|t:|1641696258
|switch|p1a: ELIMINATOR|Zapdos|95/100|[from]move: U-turn
|
|upkeep
|turn|16
|
|t:|1641696260
|move|p1a: ELIMINATOR|Heat Wave|p2a: Aegislash
|-supereffective|p2a: Aegislash
|-damage|p2a: Aegislash|0 fnt
|faint|p2a: Aegislash
|
|upkeep
|
|t:|1641696262
|switch|p2a: Weavile|Weavile, F|100/100
|-ability|p2a: Weavile|Pressure
|turn|17
|
|t:|1641696267
|switch|p1a: FAKE LIFE|Urshifu-Rapid-Strike, F|79/100
|move|p2a: Weavile|Triple Axel|p1a: FAKE LIFE
|-resisted|p1a: FAKE LIFE
|-damage|p1a: FAKE LIFE|74/100
|-resisted|p1a: FAKE LIFE
|-damage|p1a: FAKE LIFE|63/100
|-resisted|p1a: FAKE LIFE
|-crit|p1a: FAKE LIFE
|-damage|p1a: FAKE LIFE|40/100
|-hitcount|p1a: FAKE LIFE|3
|
|upkeep
|turn|18
|
|t:|1641696280
|switch|p2a: Landorus|Landorus-Therian, M|76/100 brn
|-ability|p2a: Landorus|Intimidate|boost
|-unboost|p1a: FAKE LIFE|atk|1
|move|p1a: FAKE LIFE|U-turn|p2a: Landorus
|-resisted|p2a: Landorus
|-damage|p2a: Landorus|68/100 brn
|
|t:|1641696290
|switch|p1a: enchantment|Slowking, F|71/100|[from]move: U-turn
|
|-heal|p2a: Landorus|74/100 brn|[from] item: Leftovers
|-damage|p2a: Landorus|68/100 brn|[from] brn
|upkeep
|turn|19
|
|t:|1641696295
|move|p2a: Landorus|Stealth Rock|p1a: enchantment
|-sidestart|p1: SL21CC sadfrog|move: Stealth Rock
|move|p1a: enchantment|Scald|p2a: Landorus
|-supereffective|p2a: Landorus
|-damage|p2a: Landorus|25/100 brn
|
|-heal|p2a: Landorus|31/100 brn|[from] item: Leftovers
|-damage|p2a: Landorus|25/100 brn|[from] brn
|upkeep
|turn|20
|
|t:|1641696300
|move|p2a: Landorus|Earthquake|p1a: enchantment
|-damage|p1a: enchantment|53/100
|move|p1a: enchantment|Future Sight|p2a: Landorus
|-start|p1a: enchantment|move: Future Sight
|
|-heal|p2a: Landorus|31/100 brn|[from] item: Leftovers
|-damage|p2a: Landorus|25/100 brn|[from] brn
|upkeep
|turn|21
|
|t:|1641696304
|move|p2a: Landorus|Earthquake|p1a: enchantment
|-damage|p1a: enchantment|34/100
|move|p1a: enchantment|Slack Off|p1a: enchantment
|-heal|p1a: enchantment|84/100
|
|-heal|p2a: Landorus|31/100 brn|[from] item: Leftovers
|-damage|p2a: Landorus|25/100 brn|[from] brn
|upkeep
|turn|22
|
|t:|1641696310
|move|p2a: Landorus|U-turn|p1a: enchantment
|-supereffective|p1a: enchantment
|-damage|p1a: enchantment|66/100
|
|t:|1641696312
|switch|p2a: Slowbro|Slowbro, F|100/100|[from]move: U-turn
|move|p1a: enchantment|Future Sight||[still]
|-fail|p1a: enchantment
|
|-end|p2a: Slowbro|move: Future Sight
|-resisted|p2a: Slowbro
|-damage|p2a: Slowbro|80/100
|upkeep
|turn|23
|
|t:|1641696317
|move|p1a: enchantment|Future Sight|p2a: Slowbro
|-start|p1a: enchantment|move: Future Sight
|move|p2a: Slowbro|Teleport|p2a: Slowbro
|
|t:|1641696326
|switch|p2a: Weavile|Weavile, F|100/100|[from]move: Teleport
|-ability|p2a: Weavile|Pressure
|
|upkeep
|turn|24
|
|t:|1641696329
|move|p2a: Weavile|Knock Off|p1a: enchantment
|-supereffective|p1a: enchantment
|-damage|p1a: enchantment|21/100
|move|p1a: enchantment|Scald|p2a: Weavile
|-damage|p2a: Weavile|60/100
|-status|p2a: Weavile|brn
|
|-damage|p2a: Weavile|54/100 brn|[from] brn
|upkeep
|turn|25
|
|t:|1641696338
|switch|p1a: FAKE LIFE|Urshifu-Rapid-Strike, F|40/100
|-damage|p1a: FAKE LIFE|34/100|[from] Stealth Rock
|move|p2a: Weavile|Knock Off|p1a: FAKE LIFE
|-resisted|p1a: FAKE LIFE
|-damage|p1a: FAKE LIFE|26/100
|
|-end|p2a: Weavile|move: Future Sight
|-immune|p2a: Weavile
|-damage|p2a: Weavile|48/100 brn|[from] brn
|upkeep
|turn|26
|
|t:|1641696344
|switch|p2a: Slowbro|Slowbro, F|100/100
|move|p1a: FAKE LIFE|U-turn|p2a: Slowbro
|-supereffective|p2a: Slowbro
|-damage|p2a: Slowbro|73/100
|
|t:|1641696346
|switch|p1a: ELIMINATOR|Zapdos|95/100|[from]move: U-turn
|
|upkeep
|turn|27
|
|t:|1641696350
|switch|p2a: Landorus|Landorus-Therian, M|25/100 brn
|-ability|p2a: Landorus|Intimidate|boost
|-unboost|p1a: ELIMINATOR|atk|1
|move|p1a: ELIMINATOR|Volt Switch|p2a: Landorus
|-immune|p2a: Landorus
|
|-heal|p2a: Landorus|31/100 brn|[from] item: Leftovers
|-damage|p2a: Landorus|25/100 brn|[from] brn
|upkeep
|turn|28
|
|t:|1641696354
|move|p1a: ELIMINATOR|Hurricane|p2a: Landorus
|-damage|p2a: Landorus|0 fnt
|faint|p2a: Landorus
|
|upkeep
|
|t:|1641696357
|switch|p2a: Weavile|Weavile, F|48/100 brn
|-ability|p2a: Weavile|Pressure
|turn|29
|
|t:|1641696363
|switch|p1a: enchantment|Slowking, F|54/100
|-damage|p1a: enchantment|41/100|[from] Stealth Rock
|move|p2a: Weavile|Triple Axel|p1a: enchantment
|-resisted|p1a: enchantment
|-damage|p1a: enchantment|40/100
|-resisted|p1a: enchantment
|-damage|p1a: enchantment|36/100
|-resisted|p1a: enchantment
|-damage|p1a: enchantment|30/100
|-hitcount|p1a: enchantment|3
|
|-damage|p2a: Weavile|42/100 brn|[from] brn
|upkeep
|turn|30
|
|t:|1641696365
|move|p2a: Weavile|Knock Off|p1a: enchantment
|-supereffective|p1a: enchantment
|-damage|p1a: enchantment|4/100
|move|p1a: enchantment|Slack Off|p1a: enchantment
|-heal|p1a: enchantment|54/100
|
|-damage|p2a: Weavile|36/100 brn|[from] brn
|upkeep
|turn|31
|
|t:|1641696369
|move|p2a: Weavile|Swords Dance|p2a: Weavile
|-boost|p2a: Weavile|atk|2
|move|p1a: enchantment|Slack Off|p1a: enchantment
|-heal|p1a: enchantment|100/100
|
|-damage|p2a: Weavile|30/100 brn|[from] brn
|upkeep
|turn|32
|
|t:|1641696373
|move|p2a: Weavile|Knock Off|p1a: enchantment
|-supereffective|p1a: enchantment
|-damage|p1a: enchantment|49/100
|move|p1a: enchantment|Scald|p2a: Weavile
|-damage|p2a: Weavile|0 fnt
|faint|p2a: Weavile
|
|upkeep
|
|t:|1641696375
|switch|p2a: Kartana|Kartana|100/100
|turn|33
|
|t:|1641696380
|switch|p1a: ELIMINATOR|Zapdos|95/100
|move|p2a: Kartana|Knock Off|p1a: ELIMINATOR
|-damage|p1a: ELIMINATOR|46/100
|-enditem|p1a: ELIMINATOR|Heavy-Duty Boots|[from] move: Knock Off|[of] p2a: Kartana
|
|upkeep
|turn|34
|
|t:|1641696387
|move|p2a: Kartana|Knock Off|p1a: ELIMINATOR
|-damage|p1a: ELIMINATOR|14/100
|-status|p2a: Kartana|par|[from] ability: Static|[of] p1a: ELIMINATOR
|move|p1a: ELIMINATOR|Roost|p1a: ELIMINATOR
|-heal|p1a: ELIMINATOR|64/100
|-singleturn|p1a: ELIMINATOR|move: Roost
|
|upkeep
|turn|35
|
|t:|1641696394
|move|p1a: ELIMINATOR|Roost|p1a: ELIMINATOR
|-heal|p1a: ELIMINATOR|100/100
|-singleturn|p1a: ELIMINATOR|move: Roost
|move|p2a: Kartana|Knock Off|p1a: ELIMINATOR
|-damage|p1a: ELIMINATOR|67/100
|
|upkeep
|turn|36
|
|t:|1641696400
|move|p1a: ELIMINATOR|Heat Wave|p2a: Kartana
|-supereffective|p2a: Kartana
|-damage|p2a: Kartana|0 fnt
|faint|p2a: Kartana
|
|upkeep
|
|t:|1641696406
|switch|p2a: Slowbro|Slowbro, F|100/100
|turn|37
|
|t:|1641696411
|move|p1a: ELIMINATOR|Volt Switch|p2a: Slowbro
|-supereffective|p2a: Slowbro
|-damage|p2a: Slowbro|28/100
|
|t:|1641696413
|switch|p1a: enchantment|Slowking, F|83/100|[from]move: Volt Switch
|-damage|p1a: enchantment|70/100|[from] Stealth Rock
|move|p2a: Slowbro|Future Sight|p1a: enchantment
|-start|p2a: Slowbro|move: Future Sight
|
|upkeep
|turn|38
|
|t:|1641696416
|move|p2a: Slowbro|Slack Off|p2a: Slowbro
|-heal|p2a: Slowbro|78/100
|move|p1a: enchantment|Future Sight|p2a: Slowbro
|-start|p1a: enchantment|move: Future Sight
|
|upkeep
|turn|39
|
|t:|1641696419
|move|p1a: enchantment|Slack Off|p1a: enchantment
|-heal|p1a: enchantment|100/100
|move|p2a: Slowbro|Teleport|p2a: Slowbro
|
|t:|1641696420
|switch|p2a: Urshifu|Urshifu-Rapid-Strike, F|100/100|[from]move: Teleport
|
|-end|p1a: enchantment|move: Future Sight
|-resisted|p1a: enchantment
|-damage|p1a: enchantment|85/100
|upkeep
|turn|40
|
|t:|1641696428
|move|p2a: Urshifu|U-turn|p1a: enchantment
|-supereffective|p1a: enchantment
|-damage|p1a: enchantment|46/100
|
|t:|1641696429
|switch|p2a: Slowbro|Slowbro, F|100/100|[from]move: U-turn
|move|p1a: enchantment|Slack Off|p1a: enchantment
|-heal|p1a: enchantment|96/100
|
|-end|p2a: Slowbro|move: Future Sight
|-resisted|p2a: Slowbro
|-damage|p2a: Slowbro|79/100
|upkeep
|turn|41
|
|t:|1641696433
|move|p1a: enchantment|Scald|p2a: Slowbro
|-resisted|p2a: Slowbro
|-damage|p2a: Slowbro|64/100
|-status|p2a: Slowbro|brn
|move|p2a: Slowbro|Future Sight|p1a: enchantment
|-start|p2a: Slowbro|move: Future Sight
|
|-damage|p2a: Slowbro|58/100 brn|[from] brn
|upkeep
|turn|42
|
|t:|1641696437
|move|p1a: enchantment|Future Sight|p2a: Slowbro
|-start|p1a: enchantment|move: Future Sight
|move|p2a: Slowbro|Teleport|p2a: Slowbro
|
|t:|1641696438
|switch|p2a: Urshifu|Urshifu-Rapid-Strike, F|100/100|[from]move: Teleport
|
|upkeep
|turn|43
|
|t:|1641696447
|move|p2a: Urshifu|U-turn|p1a: enchantment
|-supereffective|p1a: enchantment
|-damage|p1a: enchantment|63/100
|
|t:|1641696449
|switch|p2a: Slowbro|Slowbro, F|91/100 brn|[from]move: U-turn
|move|p1a: enchantment|Teleport|p1a: enchantment
|
|t:|1641696455
|switch|p1a: FAKE LIFE|Urshifu-Rapid-Strike, F|26/100|[from]move: Teleport
|-damage|p1a: FAKE LIFE|20/100|[from] Stealth Rock
|
|-end|p1a: FAKE LIFE|move: Future Sight
|-supereffective|p1a: FAKE LIFE
|-damage|p1a: FAKE LIFE|0 fnt
|faint|p1a: FAKE LIFE
|-damage|p2a: Slowbro|85/100 brn|[from] brn
|upkeep
|
|t:|1641696457
|switch|p1a: ELIMINATOR|Zapdos|67/100
|-damage|p1a: ELIMINATOR|42/100|[from] Stealth Rock
|turn|44
|
|t:|1641696462
|move|p1a: ELIMINATOR|Roost|p1a: ELIMINATOR
|-heal|p1a: ELIMINATOR|92/100
|-singleturn|p1a: ELIMINATOR|move: Roost
|move|p2a: Slowbro|Scald|p1a: ELIMINATOR
|-damage|p1a: ELIMINATOR|61/100
|
|-end|p2a: Slowbro|move: Future Sight
|-resisted|p2a: Slowbro
|-damage|p2a: Slowbro|65/100 brn
|-damage|p2a: Slowbro|59/100 brn|[from] brn
|upkeep
|turn|45
|
|t:|1641696465
|move|p1a: ELIMINATOR|Volt Switch|p2a: Slowbro
|-supereffective|p2a: Slowbro
|-damage|p2a: Slowbro|0 fnt
|faint|p2a: Slowbro
|
|t:|1641696467
|switch|p1a: enchantment|Slowking, F|96/100|[from]move: Volt Switch
|-damage|p1a: enchantment|84/100|[from] Stealth Rock
|
|upkeep
|
|t:|1641696469
|switch|p2a: Urshifu|Urshifu-Rapid-Strike, F|100/100
|turn|46
|
|t:|1641696473
|move|p2a: Urshifu|U-turn|p1a: enchantment
|-supereffective|p1a: enchantment
|-damage|p1a: enchantment|50/100
|move|p1a: enchantment|Future Sight|p2a: Urshifu
|-start|p1a: enchantment|move: Future Sight
|
|upkeep
|turn|47
|
|t:|1641696476
|move|p2a: Urshifu|U-turn|p1a: enchantment
|-supereffective|p1a: enchantment
|-damage|p1a: enchantment|11/100
|move|p1a: enchantment|Slack Off|p1a: enchantment
|-heal|p1a: enchantment|62/100
|
|upkeep
|turn|48
|
|t:|1641696478
|move|p2a: Urshifu|U-turn|p1a: enchantment
|-supereffective|p1a: enchantment
|-damage|p1a: enchantment|25/100
|move|p1a: enchantment|Slack Off|p1a: enchantment
|-heal|p1a: enchantment|76/100
|
|-end|p2a: Urshifu|move: Future Sight
|-supereffective|p2a: Urshifu
|-damage|p2a: Urshifu|0 fnt
|faint|p2a: Urshifu
|
|win|SL21CC sadfrog
|upkeep
|raw|SL21CC sadfrog's rating: 1207 &rarr; <strong>1223</strong><br />(+16 for winning)
|raw|SL21CC 东方不败's rating: 1201 &rarr; <strong>1185</strong><br />(-16 for losing)
|l|☆SL21CC 东方不败
|c|☆SL21CC sadfrog|gg
