|j|☆SL21CC 东方不败
|j|☆sl21cc jialing
|t:|1641737035
|gametype|singles
|player|p1|SL21CC 东方不败|cheryl|1193
|player|p2|sl21cc jialing|bellelba|1320
|teamsize|p1|6
|teamsize|p2|6
|gen|8
|tier|[Gen 8] OU
|rated|
|rule|Sleep Clause Mod: Limit one foe put to sleep
|rule|Species Clause: Limit one of each Pokémon
|rule|OHKO Clause: OHKO moves are banned
|rule|Evasion Moves Clause: Evasion moves are banned
|rule|Endless Battle Clause: Forcing endless battles is banned
|rule|HP Percentage Mod: HP is shown in percentages
|rule|Dynamax Clause: You cannot dynamax
|clearpoke
|poke|p1|Ditto|
|poke|p1|Tornadus-Therian, M|
|poke|p1|Landorus-Therian, M|
|poke|p1|Weavile, M|
|poke|p1|Aegislash, M|
|poke|p1|Toxapex, M|
|poke|p2|Ninetales-Alola, F|
|poke|p2|Arctozolt|
|poke|p2|Urshifu-*, F|
|poke|p2|Landorus-Therian, M|
|poke|p2|Slowking, F|
|poke|p2|Tornadus-Therian, M|
|teampreview
|inactive|Battle timer is ON: inactive players will automatically lose when time's up. (requested by SL21CC 东方不败)
|j| water GH0ST
|
|t:|1641737053
|start
|switch|p1a: Tornadus|Tornadus-Therian, M|100/100
|switch|p2a: Ninetales|Ninetales-Alola, F|100/100
|-weather|Hail|[from] ability: Snow Warning|[of] p2a: Ninetales
|turn|1
|j|♚aro nova
|
|t:|1641737060
|move|p1a: Tornadus|Knock Off|p2a: Ninetales
|-resisted|p2a: Ninetales
|-damage|p2a: Ninetales|84/100
|-enditem|p2a: Ninetales|Icy Rock|[from] move: Knock Off|[of] p1a: Tornadus
|move|p2a: Ninetales|Blizzard|p1a: Tornadus
|-supereffective|p1a: Tornadus
|-damage|p1a: Tornadus|15/100
|
|-weather|Hail|[upkeep]
|-damage|p1a: Tornadus|9/100|[from] Hail
|upkeep
|turn|2
|j| SL21CC Mcdonald's
|
|t:|1641737069
|switch|p1a: Aegislash|Aegislash, M|100/100
|move|p2a: Ninetales|Blizzard|p1a: Aegislash
|-resisted|p1a: Aegislash
|-damage|p1a: Aegislash|87/100
|
|-weather|Hail|[upkeep]
|-damage|p1a: Aegislash|81/100|[from] Hail
|-heal|p1a: Aegislash|87/100|[from] item: Leftovers
|upkeep
|turn|3
|
|t:|1641737078
|switch|p2a: Landorus|Landorus-Therian, M|100/100
|-ability|p2a: Landorus|Intimidate|boost
|-unboost|p1a: Aegislash|atk|1
|move|p1a: Aegislash|Toxic|p2a: Landorus
|-status|p2a: Landorus|tox
|
|-weather|Hail|[upkeep]
|-damage|p2a: Landorus|94/100 tox|[from] Hail
|-damage|p1a: Aegislash|81/100|[from] Hail
|-heal|p2a: Landorus|100/100 tox|[from] item: Leftovers
|-heal|p1a: Aegislash|87/100|[from] item: Leftovers
|-damage|p2a: Landorus|94/100 tox|[from] psn
|upkeep
|turn|4
|j| SL21CC tangkeke
|
|t:|1641737092
|switch|p1a: Tornadus|Tornadus-Therian, M|42/100
|move|p2a: Landorus|U-turn|p1a: Tornadus
|-resisted|p1a: Tornadus
|-damage|p1a: Tornadus|30/100
|
|t:|1641737095
|switch|p2a: Arctozolt|Arctozolt|100/100|[from]move: U-turn
|
|-weather|Hail|[upkeep]
|-damage|p1a: Tornadus|24/100|[from] Hail
|upkeep
|turn|5
|j| adreamew
|
|t:|1641737104
|switch|p1a: Aegislash|Aegislash, M|87/100
|move|p2a: Arctozolt|Bolt Beak|p1a: Aegislash
|-damage|p1a: Aegislash|24/100
|
|-weather|Hail|[upkeep]
|-damage|p1a: Aegislash|18/100|[from] Hail
|-heal|p1a: Aegislash|24/100|[from] item: Leftovers
|upkeep
|turn|6
|
|t:|1641737112
|move|p1a: Aegislash|King's Shield|p1a: Aegislash
|-singleturn|p1a: Aegislash|Protect
|move|p2a: Arctozolt|Bolt Beak|p1a: Aegislash
|-activate|p1a: Aegislash|move: Protect
|-unboost|p2a: Arctozolt|atk|1
|
|-weather|Hail|[upkeep]
|-damage|p1a: Aegislash|18/100|[from] Hail
|-heal|p1a: Aegislash|24/100|[from] item: Leftovers
|upkeep
|turn|7
|
|t:|1641737125
|switch|p1a: Toxapex|Toxapex, M|100/100
|move|p2a: Arctozolt|Bolt Beak|p1a: Toxapex
|-supereffective|p1a: Toxapex
|-damage|p1a: Toxapex|39/100
|
|-weather|Hail|[upkeep]
|-damage|p1a: Toxapex|33/100|[from] Hail
|upkeep
|turn|8
|
|t:|1641737136
|move|p2a: Arctozolt|Bolt Beak|p1a: Toxapex
|-supereffective|p1a: Toxapex
|-damage|p1a: Toxapex|0 fnt
|faint|p1a: Toxapex
|
|-weather|none
|upkeep
|
|t:|1641737144
|switch|p1a: Landorus|Landorus-Therian, M|100/100
|-ability|p1a: Landorus|Intimidate|boost
|-unboost|p2a: Arctozolt|atk|1
|turn|9
|inactive|sl21cc jialing has 120 seconds left.
|l| water GH0ST
|j| water GH0ST
|j| 9skythunderouskick
|inactive|sl21cc jialing has 90 seconds left.
|
|t:|1641737209
|switch|p2a: Tornadus|Tornadus-Therian, M|100/100
|move|p1a: Landorus|Stealth Rock|p2a: Tornadus
|-sidestart|p2: sl21cc jialing|move: Stealth Rock
|
|upkeep
|turn|10
|
|t:|1641737217
|move|p2a: Tornadus|Hurricane|p1a: Landorus|[miss]
|-miss|p2a: Tornadus|p1a: Landorus
|move|p1a: Landorus|U-turn|p2a: Tornadus
|-resisted|p2a: Tornadus
|-damage|p2a: Tornadus|89/100
|
|t:|1641737218
|switch|p1a: Weavile|Weavile, M|100/100|[from]move: U-turn
|
|upkeep
|turn|11
|j| SL21CCJqlove
|
|t:|1641737229
|switch|p2a: Slowking|Slowking, F|100/100
|move|p1a: Weavile|Triple Axel|p2a: Slowking
|-resisted|p2a: Slowking
|-damage|p2a: Slowking|97/100
|-resisted|p2a: Slowking
|-damage|p2a: Slowking|90/100
|-resisted|p2a: Slowking
|-damage|p2a: Slowking|80/100
|-hitcount|p2a: Slowking|3
|
|upkeep
|turn|12
|l| 9skythunderouskick
|
|t:|1641737237
|move|p1a: Weavile|Knock Off|p2a: Slowking
|-supereffective|p2a: Slowking
|-damage|p2a: Slowking|6/100
|-enditem|p2a: Slowking|Heavy-Duty Boots|[from] move: Knock Off|[of] p1a: Weavile
|move|p2a: Slowking|Teleport|p2a: Slowking
|j| sl21cckhl
|
|t:|1641737241
|switch|p2a: Urshifu|Urshifu-Rapid-Strike, F|100/100|[from]move: Teleport
|-damage|p2a: Urshifu|94/100|[from] Stealth Rock
|
|upkeep
|turn|13
|
|t:|1641737250
|switch|p1a: Ditto|Ditto|100/100
|-transform|p1a: Ditto|p2a: Urshifu|[from] ability: Imposter
|move|p2a: Urshifu|Surging Strikes|p1a: Ditto
|-resisted|p1a: Ditto
|-crit|p1a: Ditto
|-damage|p1a: Ditto|82/100
|-resisted|p1a: Ditto
|-crit|p1a: Ditto
|-damage|p1a: Ditto|66/100
|-resisted|p1a: Ditto
|-crit|p1a: Ditto
|-damage|p1a: Ditto|51/100
|-hitcount|p1a: Ditto|3
|
|upkeep
|turn|14
|inactive|sl21cc jialing has 120 seconds left.
|j| 9skythunderouskick
|inactive|sl21cc jialing has 90 seconds left.
|
|t:|1641737302
|move|p1a: Ditto|U-turn|p2a: Urshifu
|-resisted|p2a: Urshifu
|-damage|p2a: Urshifu|82/100
|
|t:|1641737305
|switch|p1a: Aegislash|Aegislash, M|24/100|[from]move: U-turn
|move|p2a: Urshifu|Surging Strikes|p1a: Aegislash
|-crit|p1a: Aegislash
|-damage|p1a: Aegislash|0 fnt
|faint|p1a: Aegislash
|-hitcount|p1: Aegislash|1
|
|upkeep
|
|t:|1641737306
|switch|p1a: Tornadus|Tornadus-Therian, M|58/100
|turn|15
|inactive|sl21cc jialing has 90 seconds left.
|
|t:|1641737315
|switch|p2a: Tornadus|Tornadus-Therian, M|100/100
|-damage|p2a: Tornadus|76/100|[from] Stealth Rock
|move|p1a: Tornadus|U-turn|p2a: Tornadus
|-resisted|p2a: Tornadus
|-damage|p2a: Tornadus|68/100
|
|t:|1641737318
|switch|p1a: Weavile|Weavile, M|100/100|[from]move: U-turn
|
|upkeep
|turn|16
|
|t:|1641737321
|switch|p2a: Slowking|Slowking, F|39/100
|-damage|p2a: Slowking|26/100|[from] Stealth Rock
|move|p1a: Weavile|Knock Off|p2a: Slowking
|-supereffective|p2a: Slowking
|-damage|p2a: Slowking|0 fnt
|faint|p2a: Slowking
|
|upkeep
|
|t:|1641737323
|switch|p2a: Urshifu|Urshifu-Rapid-Strike, F|82/100
|-damage|p2a: Urshifu|76/100|[from] Stealth Rock
|turn|17
|
|t:|1641737328
|switch|p1a: Tornadus|Tornadus-Therian, M|91/100
|move|p2a: Urshifu|Surging Strikes|p1a: Tornadus
|-crit|p1a: Tornadus
|-damage|p1a: Tornadus|62/100
|-crit|p1a: Tornadus
|-damage|p1a: Tornadus|32/100
|-crit|p1a: Tornadus
|-damage|p1a: Tornadus|4/100
|-hitcount|p1a: Tornadus|3
|
|upkeep
|turn|18
|
|t:|1641737335
|switch|p2a: Tornadus|Tornadus-Therian, M|100/100
|-damage|p2a: Tornadus|76/100|[from] Stealth Rock
|move|p1a: Tornadus|U-turn|p2a: Tornadus
|-resisted|p2a: Tornadus
|-damage|p2a: Tornadus|69/100
|
|t:|1641737340
|switch|p1a: Weavile|Weavile, M|100/100|[from]move: U-turn
|
|upkeep
|turn|19
|
|t:|1641737348
|move|p1a: Weavile|Triple Axel|p2a: Tornadus
|-supereffective|p2a: Tornadus
|-damage|p2a: Tornadus|47/100
|-supereffective|p2a: Tornadus
|-damage|p2a: Tornadus|7/100
|-supereffective|p2a: Tornadus
|-damage|p2a: Tornadus|0 fnt
|faint|p2a: Tornadus
|-hitcount|p2: Tornadus|3
|
|upkeep
|
|t:|1641737350
|switch|p2a: Urshifu|Urshifu-Rapid-Strike, F|76/100
|-damage|p2a: Urshifu|70/100|[from] Stealth Rock
|turn|20
|inactive|SL21CC 东方不败 has 120 seconds left.
|
|t:|1641737402
|move|p1a: Weavile|Knock Off|p2a: Urshifu
|-resisted|p2a: Urshifu
|-damage|p2a: Urshifu|47/100
|-enditem|p2a: Urshifu|Choice Band|[from] move: Knock Off|[of] p1a: Weavile
|move|p2a: Urshifu|Surging Strikes|p1a: Weavile
|-crit|p1a: Weavile
|-damage|p1a: Weavile|69/100
|-crit|p1a: Weavile
|-damage|p1a: Weavile|36/100
|-crit|p1a: Weavile
|-damage|p1a: Weavile|0 fnt
|faint|p1a: Weavile
|-hitcount|p1: Weavile|3
|
|upkeep
|
|t:|1641737410
|switch|p1a: Ditto|Ditto|51/100
|-transform|p1a: Ditto|p2a: Urshifu|[from] ability: Imposter
|turn|21
|inactive|sl21cc jialing has 120 seconds left.
|
|t:|1641737443
|move|p1a: Ditto|Surging Strikes|p2a: Urshifu
|-resisted|p2a: Urshifu
|-crit|p2a: Urshifu
|-damage|p2a: Urshifu|37/100
|-resisted|p2a: Urshifu
|-crit|p2a: Urshifu
|-damage|p2a: Urshifu|27/100
|-resisted|p2a: Urshifu
|-crit|p2a: Urshifu
|-damage|p2a: Urshifu|18/100
|-hitcount|p2a: Urshifu|3
|move|p2a: Urshifu|Close Combat|p1a: Ditto
|-damage|p1a: Ditto|0 fnt
|-unboost|p2a: Urshifu|def|1
|-unboost|p2a: Urshifu|spd|1
|faint|p1a: Ditto
|
|upkeep
|
|t:|1641737449
|switch|p1a: Tornadus|Tornadus-Therian, M|37/100
|turn|22
|j| Rame10
|
|t:|1641737457
|switch|p2a: Landorus|Landorus-Therian, M|94/100 tox
|-damage|p2a: Landorus|82/100 tox|[from] Stealth Rock
|-ability|p2a: Landorus|Intimidate|boost
|-unboost|p1a: Tornadus|atk|1
|move|p1a: Tornadus|Heat Wave|p2a: Landorus
|-crit|p2a: Landorus
|-damage|p2a: Landorus|56/100 tox
|
|-heal|p2a: Landorus|62/100 tox|[from] item: Leftovers
|-damage|p2a: Landorus|56/100 tox|[from] psn
|upkeep
|turn|23
|
|t:|1641737463
|move|p1a: Tornadus|U-turn|p2a: Landorus
|-resisted|p2a: Landorus
|-damage|p2a: Landorus|52/100 tox
|
|t:|1641737464
|switch|p1a: Landorus|Landorus-Therian, M|100/100|[from]move: U-turn
|-ability|p1a: Landorus|Intimidate|boost
|-unboost|p2a: Landorus|atk|1
|move|p2a: Landorus|U-turn|p1a: Landorus
|-resisted|p1a: Landorus
|-damage|p1a: Landorus|94/100
|
|t:|1641737468
|switch|p2a: Ninetales|Ninetales-Alola, F|84/100|[from]move: U-turn
|-damage|p2a: Ninetales|59/100|[from] Stealth Rock
|-weather|Hail|[from] ability: Snow Warning|[of] p2a: Ninetales
|
|-weather|Hail|[upkeep]
|-damage|p1a: Landorus|88/100|[from] Hail
|-heal|p1a: Landorus|94/100|[from] item: Leftovers
|upkeep
|turn|24
|
|t:|1641737476
|move|p2a: Ninetales|Blizzard|p1a: Landorus
|-supereffective|p1a: Landorus
|-damage|p1a: Landorus|0 fnt
|faint|p1a: Landorus
|
|-weather|Hail|[upkeep]
|upkeep
|
|t:|1641737478
|switch|p1a: Tornadus|Tornadus-Therian, M|70/100
|turn|25
|
|t:|1641737482
|move|p1a: Tornadus|Heat Wave|p2a: Ninetales
|-supereffective|p2a: Ninetales
|-damage|p2a: Ninetales|6/100
|move|p2a: Ninetales|Blizzard|p1a: Tornadus
|-supereffective|p1a: Tornadus
|-damage|p1a: Tornadus|0 fnt
|faint|p1a: Tornadus
|
|win|sl21cc jialing
|raw|SL21CC 东方不败's rating: 1193 &rarr; <strong>1177</strong><br />(-16 for losing)
|raw|sl21cc jialing's rating: 1320 &rarr; <strong>1330</strong><br />(+10 for winning)
|l|☆SL21CC 东方不败
|l|☆sl21cc jialing
|l| water GH0ST
|l| Rame10
|l| SL21CCJqlove
|l| 9skythunderouskick
|l| SL21CC Mcdonald's
|j| SL21CC PornHub
|l| SL21CC PornHub
|l| sl21cckhl
|l|♚aro nova
