|raw|<div class="broadcast-blue"><strong>This battle is required to be public due to a player having a name starting with 'sl21cc'.</div>
|j|☆SL21CC 91光老哥
|j|☆SL21CC Mcdonald's
|t:|1641829903
|gametype|singles
|player|p1|SL21CC 91光老哥|chickwayne.gif|1304
|player|p2|SL21CC Mcdonald's|aromalady|1223
|teamsize|p1|6
|teamsize|p2|6
|gen|8
|tier|[Gen 8] OU
|rated|
|rule|Sleep Clause Mod: Limit one foe put to sleep
|rule|Species Clause: Limit one of each Pokémon
|rule|OHKO Clause: OHKO moves are banned
|rule|Evasion Moves Clause: Evasion moves are banned
|rule|Endless Battle Clause: Forcing endless battles is banned
|rule|HP Percentage Mod: HP is shown in percentages
|rule|Dynamax Clause: You cannot dynamax
|clearpoke
|poke|p1|Zapdos|
|poke|p1|Hippowdon, F|
|poke|p1|Weavile, F|
|poke|p1|Clefable, M|
|poke|p1|Toxapex, F|
|poke|p1|Corviknight, F|
|poke|p2|Slowbro-Galar, F|
|poke|p2|Seismitoad, M|
|poke|p2|Mew|
|poke|p2|Melmetal|
|poke|p2|Clefable, F|
|poke|p2|Zapdos|
|teampreview
|inactive|Battle timer is ON: inactive players will automatically lose when time's up. (requested by SL21CC 91光老哥)
|
|t:|1641829925
|start
|switch|p1a: Clefable|Clefable, M|100/100
|switch|p2a: Clefable|Clefable, F|100/100
|turn|1
|
|t:|1641829941
|move|p2a: Clefable|Thunder|p1a: Clefable
|-damage|p1a: Clefable|66/100
|move|p1a: Clefable|Thunder Wave|p2a: Clefable
|-status|p2a: Clefable|par
|
|-heal|p1a: Clefable|72/100|[from] item: Leftovers
|upkeep
|turn|2
|
|t:|1641829952
|switch|p2a: Melmetal|Melmetal|100/100
|move|p1a: Clefable|Soft-Boiled|p1a: Clefable
|-heal|p1a: Clefable|100/100
|
|upkeep
|turn|3
|-activate|p2a: Melmetal|item: Quick Claw
|
|t:|1641829956
|switch|p1a: Corviknight|Corviknight, F|100/100
|-ability|p1a: Corviknight|Pressure
|move|p2a: Melmetal|Thunder Punch|p1a: Corviknight
|-supereffective|p1a: Corviknight
|-damage|p1a: Corviknight|56/100
|
|-heal|p1a: Corviknight|62/100|[from] item: Leftovers
|upkeep
|turn|4
|
|t:|1641829959
|move|p1a: Corviknight|Roost|p1a: Corviknight
|-heal|p1a: Corviknight|100/100
|-singleturn|p1a: Corviknight|move: Roost
|move|p2a: Melmetal|Thunder Punch|p1a: Corviknight
|-damage|p1a: Corviknight|79/100
|
|-heal|p1a: Corviknight|85/100|[from] item: Leftovers
|upkeep
|turn|5
|
|t:|1641829963
|move|p1a: Corviknight|Body Press|p2a: Melmetal
|-supereffective|p2a: Melmetal
|-damage|p2a: Melmetal|69/100
|move|p2a: Melmetal|Thunder Punch|p1a: Corviknight
|-supereffective|p1a: Corviknight
|-damage|p1a: Corviknight|36/100
|
|-heal|p1a: Corviknight|42/100|[from] item: Leftovers
|upkeep
|turn|6
|j| SL21CC Winona
|
|t:|1641829968
|move|p1a: Corviknight|Roost|p1a: Corviknight
|-heal|p1a: Corviknight|92/100
|-singleturn|p1a: Corviknight|move: Roost
|move|p2a: Melmetal|Thunder Punch|p1a: Corviknight
|-damage|p1a: Corviknight|70/100
|
|-heal|p1a: Corviknight|77/100|[from] item: Leftovers
|upkeep
|turn|7
|
|t:|1641829972
|move|p1a: Corviknight|Iron Defense|p1a: Corviknight
|-boost|p1a: Corviknight|def|2
|move|p2a: Melmetal|Thunder Punch|p1a: Corviknight
|-supereffective|p1a: Corviknight
|-damage|p1a: Corviknight|54/100
|
|-heal|p1a: Corviknight|60/100|[from] item: Leftovers
|upkeep
|turn|8
|
|t:|1641829974
|switch|p2a: Zapdos|Zapdos|100/100
|move|p1a: Corviknight|Roost|p1a: Corviknight
|-heal|p1a: Corviknight|100/100
|-singleturn|p1a: Corviknight|move: Roost
|
|upkeep
|turn|9
|j| SL21CC姐ISthequeen
|
|t:|1641829979
|switch|p1a: Hippowdon|Hippowdon, F, shiny|100/100
|-weather|Sandstorm|[from] ability: Sand Stream|[of] p1a: Hippowdon
|move|p2a: Zapdos|Hurricane|p1a: Hippowdon
|-damage|p1a: Hippowdon|58/100
|-start|p1a: Hippowdon|confusion
|
|-weather|Sandstorm|[upkeep]
|-damage|p2a: Zapdos|94/100|[from] Sandstorm
|upkeep
|turn|10
|c| SL21CC Winona|怎么有人含在素鸡
|
|t:|1641829981
|switch|p2a: Melmetal|Melmetal|69/100
|-activate|p1a: Hippowdon|confusion
|-damage|p1a: Hippowdon|50/100|[from] confusion
|
|-weather|Sandstorm|[upkeep]
|upkeep
|turn|11
|-activate|p2a: Melmetal|item: Quick Claw
|
|t:|1641829985
|switch|p1a: Corviknight|Corviknight, F|100/100
|-ability|p1a: Corviknight|Pressure
|move|p2a: Melmetal|Double Iron Bash|p1a: Corviknight
|-resisted|p1a: Corviknight
|-damage|p1a: Corviknight|85/100
|-resisted|p1a: Corviknight
|-damage|p1a: Corviknight|71/100
|-hitcount|p1a: Corviknight|2
|
|-weather|Sandstorm|[upkeep]
|-heal|p1a: Corviknight|77/100|[from] item: Leftovers
|upkeep
|turn|12
|
|t:|1641829988
|move|p1a: Corviknight|Body Press|p2a: Melmetal
|-supereffective|p2a: Melmetal
|-damage|p2a: Melmetal|37/100
|move|p2a: Melmetal|Thunder Punch|p1a: Corviknight
|-supereffective|p1a: Corviknight
|-damage|p1a: Corviknight|35/100
|
|-weather|Sandstorm|[upkeep]
|-heal|p1a: Corviknight|41/100|[from] item: Leftovers
|upkeep
|turn|13
|
|t:|1641829991
|switch|p2a: Slowbro|Slowbro-Galar, F|100/100
|move|p1a: Corviknight|Roost|p1a: Corviknight
|-heal|p1a: Corviknight|91/100
|-singleturn|p1a: Corviknight|move: Roost
|
|-weather|none
|-heal|p1a: Corviknight|97/100|[from] item: Leftovers
|upkeep
|turn|14
|j|&starmind
|-activate|p2a: Slowbro|ability: Quick Draw
|
|t:|1641830000
|switch|p1a: Hippowdon|Hippowdon, F, shiny|50/100
|-weather|Sandstorm|[from] ability: Sand Stream|[of] p1a: Hippowdon
|move|p2a: Slowbro|Focus Blast|p1a: Hippowdon|[miss]
|-miss|p2a: Slowbro|p1a: Hippowdon
|
|-weather|Sandstorm|[upkeep]
|-damage|p2a: Slowbro|94/100|[from] Sandstorm
|upkeep
|turn|15
|
|t:|1641830003
|move|p1a: Hippowdon|Slack Off|p1a: Hippowdon
|-heal|p1a: Hippowdon|100/100
|move|p2a: Slowbro|Ice Beam|p1a: Hippowdon
|-supereffective|p1a: Hippowdon
|-damage|p1a: Hippowdon|63/100
|
|-weather|Sandstorm|[upkeep]
|-damage|p2a: Slowbro|88/100|[from] Sandstorm
|upkeep
|turn|16
|j| adreamew
|
|t:|1641830007
|switch|p2a: Zapdos|Zapdos|94/100
|move|p1a: Hippowdon|Stealth Rock|p2a: Zapdos
|-sidestart|p2: SL21CC Mcdonald's|move: Stealth Rock
|
|-weather|Sandstorm|[upkeep]
|-damage|p2a: Zapdos|88/100|[from] Sandstorm
|upkeep
|turn|17
|
|t:|1641830012
|move|p2a: Zapdos|Hurricane|p1a: Hippowdon|[miss]
|-miss|p2a: Zapdos|p1a: Hippowdon
|move|p1a: Hippowdon|Slack Off|p1a: Hippowdon
|-heal|p1a: Hippowdon|100/100
|
|-weather|Sandstorm|[upkeep]
|-damage|p2a: Zapdos|82/100|[from] Sandstorm
|upkeep
|turn|18
|
|t:|1641830017
|move|p2a: Zapdos|Hurricane|p1a: Hippowdon
|-damage|p1a: Hippowdon|58/100
|move|p1a: Hippowdon|Rock Slide|p2a: Zapdos
|-supereffective|p2a: Zapdos
|-damage|p2a: Zapdos|47/100
|
|-weather|none
|upkeep
|turn|19
|
|t:|1641830023
|move|p2a: Zapdos|Hurricane|p1a: Hippowdon|[miss]
|-miss|p2a: Zapdos|p1a: Hippowdon
|move|p1a: Hippowdon|Slack Off|p1a: Hippowdon
|-heal|p1a: Hippowdon|100/100
|
|upkeep
|turn|20
|inactive|SL21CC 91光老哥 has 120 seconds left.
|
|t:|1641830062
|move|p2a: Zapdos|Defog|p1a: Hippowdon
|-unboost|p1a: Hippowdon|evasion|1
|-sideend|p2: SL21CC Mcdonald's|Stealth Rock|[from] move: Defog|[of] p2a: Zapdos
|move|p1a: Hippowdon|Rock Slide|p2a: Zapdos|[miss]
|-miss|p1a: Hippowdon|p2a: Zapdos
|
|upkeep
|turn|21
|l|☆SL21CC 91光老哥
|inactive|SL21CC 91光老哥 disconnected and has a minute to reconnect!
|player|p1|
|inactive|SL21CC 91光老哥 has 120 seconds left.
|inactive|SL21CC 91光老哥 has 90 seconds left.
|j|☆SL21CC 91光老哥
|inactive|SL21CC 91光老哥 reconnected and has 80 seconds left.
|player|p1|SL21CC 91光老哥|chickwayne.gif
|inactive|SL21CC 91光老哥 has 60 seconds left.
|
|t:|1641830134
|move|p2a: Zapdos|Hurricane|p1a: Hippowdon
|-damage|p1a: Hippowdon|58/100
|move|p1a: Hippowdon|Rock Slide|p2a: Zapdos
|-supereffective|p2a: Zapdos
|-damage|p2a: Zapdos|5/100
|
|upkeep
|turn|22
|inactive|SL21CC 91光老哥 has 60 seconds left.
|c|☆SL21CC 91光老哥|好卡
|
|t:|1641830150
|move|p2a: Zapdos|Hurricane|p1a: Hippowdon
|-crit|p1a: Hippowdon
|-damage|p1a: Hippowdon|0 fnt
|faint|p1a: Hippowdon
|
|upkeep
|c|☆SL21CC Mcdonald's|wode
|
|t:|1641830155
|switch|p1a: Weavile|Weavile, F|100/100
|turn|23
|
|t:|1641830160
|move|p1a: Weavile|Knock Off|p2a: Zapdos
|-damage|p2a: Zapdos|0 fnt
|-status|p1a: Weavile|par|[from] ability: Static|[of] p2a: Zapdos
|-enditem|p2a: Zapdos|Heavy-Duty Boots|[from] move: Knock Off|[of] p1a: Weavile
|faint|p2a: Zapdos
|
|upkeep
|
|t:|1641830171
|switch|p2a: Mew|Mew|100/100
|turn|24
|
|t:|1641830180
|switch|p1a: Toxapex|Toxapex, F|100/100
|move|p2a: Mew|Close Combat|p1a: Toxapex
|-resisted|p1a: Toxapex
|-damage|p1a: Toxapex|90/100
|-unboost|p2a: Mew|def|1
|-unboost|p2a: Mew|spd|1
|
|upkeep
|turn|25
|l| SL21CC姐ISthequeen
|
|t:|1641830187
|switch|p2a: Seismitoad|Seismitoad, M|100/100
|move|p1a: Toxapex|Scald|p2a: Seismitoad
|-immune|p2a: Seismitoad|[from] ability: Water Absorb
|
|upkeep
|turn|26
|
|t:|1641830194
|switch|p1a: Clefable|Clefable, M|100/100
|move|p2a: Seismitoad|Stealth Rock|p1a: Clefable
|-sidestart|p1: SL21CC 91光老哥|move: Stealth Rock
|
|upkeep
|turn|27
|inactive|SL21CC Mcdonald's has 120 seconds left.
|j| jiokopg_fkok43
|
|t:|1641830233
|move|p1a: Clefable|Aromatherapy|p1a: Clefable
|-activate|p1a: Clefable|move: Aromatherapy
|-curestatus|p1: Weavile|par|[msg]
|move|p2a: Seismitoad|Earthquake|p1a: Clefable
|-damage|p1a: Clefable|75/100
|
|-heal|p1a: Clefable|81/100|[from] item: Leftovers
|upkeep
|turn|28
|
|t:|1641830237
|move|p1a: Clefable|Moonblast|p2a: Seismitoad
|-damage|p2a: Seismitoad|76/100
|-unboost|p2a: Seismitoad|spa|1
|move|p2a: Seismitoad|Earthquake|p1a: Clefable
|-damage|p1a: Clefable|55/100
|
|-heal|p1a: Clefable|61/100|[from] item: Leftovers
|-heal|p2a: Seismitoad|82/100|[from] item: Leftovers
|upkeep
|turn|29
|
|t:|1641830241
|move|p2a: Seismitoad|Toxic|p1a: Clefable
|-status|p1a: Clefable|tox
|move|p1a: Clefable|Moonblast|p2a: Seismitoad
|-damage|p2a: Seismitoad|58/100
|
|-heal|p2a: Seismitoad|64/100|[from] item: Leftovers
|-heal|p1a: Clefable|67/100 tox|[from] item: Leftovers
|upkeep
|turn|30
|
|t:|1641830245
|switch|p2a: Melmetal|Melmetal|37/100
|move|p1a: Clefable|Moonblast|p2a: Melmetal
|-resisted|p2a: Melmetal
|-damage|p2a: Melmetal|23/100
|
|-heal|p1a: Clefable|73/100 tox|[from] item: Leftovers
|upkeep
|turn|31
|
|t:|1641830254
|switch|p1a: Corviknight|Corviknight, F|97/100
|-damage|p1a: Corviknight|85/100|[from] Stealth Rock
|-ability|p1a: Corviknight|Pressure
|move|p2a: Melmetal|Thunder Punch|p1a: Corviknight
|-supereffective|p1a: Corviknight
|-damage|p1a: Corviknight|39/100
|
|-heal|p1a: Corviknight|46/100|[from] item: Leftovers
|upkeep
|turn|32
|
|t:|1641830257
|move|p1a: Corviknight|Body Press|p2a: Melmetal
|-supereffective|p2a: Melmetal
|-damage|p2a: Melmetal|0 fnt
|faint|p2a: Melmetal
|
|-heal|p1a: Corviknight|52/100|[from] item: Leftovers
|upkeep
|
|t:|1641830260
|switch|p2a: Slowbro|Slowbro-Galar, F|88/100
|turn|33
|
|t:|1641830264
|switch|p1a: Weavile|Weavile, F|100/100
|move|p2a: Slowbro|Nasty Plot|p2a: Slowbro
|-boost|p2a: Slowbro|spa|2
|
|upkeep
|turn|34
|c|☆SL21CC 91光老哥|牙咩啰！！！！！
|c|☆SL21CC 91光老哥|这根本就不是宝可梦对战
|
|t:|1641830285
|move|p1a: Weavile|Knock Off|p2a: Slowbro
|-supereffective|p2a: Slowbro
|-damage|p2a: Slowbro|0 fnt
|-enditem|p2a: Slowbro|Quick Claw|[from] move: Knock Off|[of] p1a: Weavile
|faint|p2a: Slowbro
|
|upkeep
|
|t:|1641830293
|switch|p2a: Clefable|Clefable, F|100/100 par
|turn|35
|
|t:|1641830304
|move|p1a: Weavile|Triple Axel|p2a: Clefable
|-damage|p2a: Clefable|87/100 par
|-damage|p2a: Clefable|61/100 par
|-damage|p2a: Clefable|23/100 par
|-hitcount|p2a: Clefable|3
|move|p2a: Clefable|Thunder|p1a: Weavile
|-damage|p1a: Weavile|41/100
|
|upkeep
|turn|36
|inactive|SL21CC Mcdonald's has 120 seconds left.
|
|t:|1641830343
|move|p1a: Weavile|Knock Off|p2a: Clefable
|-resisted|p2a: Clefable
|-damage|p2a: Clefable|0 fnt
|-enditem|p2a: Clefable|Life Orb|[from] move: Knock Off|[of] p1a: Weavile
|faint|p2a: Clefable
|
|upkeep
|
|t:|1641830346
|switch|p2a: Seismitoad|Seismitoad, M|64/100
|turn|37
|
|t:|1641830349
|move|p1a: Weavile|Knock Off|p2a: Seismitoad
|-damage|p2a: Seismitoad|17/100
|-enditem|p2a: Seismitoad|Leftovers|[from] move: Knock Off|[of] p1a: Weavile
|move|p2a: Seismitoad|Earthquake|p1a: Weavile
|-damage|p1a: Weavile|0 fnt
|faint|p1a: Weavile
|
|upkeep
|
|t:|1641830352
|switch|p1a: Clefable|Clefable, M|73/100 tox
|turn|38
|
|t:|1641830359
|move|p2a: Seismitoad|Earthquake|p1a: Clefable
|-crit|p1a: Clefable
|-damage|p1a: Clefable|31/100 tox
|move|p1a: Clefable|Moonblast|p2a: Seismitoad
|-damage|p2a: Seismitoad|0 fnt
|faint|p2a: Seismitoad
|
|-heal|p1a: Clefable|38/100 tox|[from] item: Leftovers
|upkeep
|
|t:|1641830362
|switch|p2a: Mew|Mew|100/100
|turn|39
|
|t:|1641830363
|move|p2a: Mew|Psychic Fangs|p1a: Clefable
|-damage|p1a: Clefable|10/100 tox
|move|p1a: Clefable|Thunder Wave||[still]
|-status|p2a: Mew|par
|-activate|p2a: Mew|ability: Synchronize
|-fail|p2a: Mew
|
|-heal|p1a: Clefable|16/100 tox|[from] item: Leftovers
|upkeep
|turn|40
|
|t:|1641830366
|move|p1a: Clefable|Moonblast|p2a: Mew
|-damage|p2a: Mew|66/100 par
|-unboost|p2a: Mew|spa|1
|move|p2a: Mew|Psychic Fangs|p1a: Clefable
|-damage|p1a: Clefable|0 fnt
|faint|p1a: Clefable
|
|upkeep
|
|t:|1641830370
|switch|p1a: Zapdos|Zapdos|100/100
|-ability|p1a: Zapdos|Pressure
|turn|41
|j| SL21CC Leviathan
|
|t:|1641830393
|move|p1a: Zapdos|Discharge|p2a: Mew
|-damage|p2a: Mew|22/100 par
|move|p2a: Mew|Triple Axel|p1a: Zapdos
|-supereffective|p1a: Zapdos
|-damage|p1a: Zapdos|87/100
|-supereffective|p1a: Zapdos
|-damage|p1a: Zapdos|60/100
|-supereffective|p1a: Zapdos
|-damage|p1a: Zapdos|21/100
|-hitcount|p1a: Zapdos|3
|
|upkeep
|turn|42
|
|t:|1641830399
|move|p1a: Zapdos|Discharge|p2a: Mew
|-damage|p2a: Mew|0 fnt
|faint|p2a: Mew
|
|win|SL21CC 91光老哥
|raw|SL21CC 91光老哥's rating: 1304 &rarr; <strong>1317</strong><br />(+13 for winning)
|raw|SL21CC Mcdonald&apos;s's rating: 1242 &rarr; <strong>1229</strong><br />(-13 for losing)
|l| SL21CC Leviathan
|l|☆SL21CC 91光老哥
|raw|<div class="broadcast-red"><b>The server is restarting soon.</b><br />Please finish your battles quickly. No new battles can be started until the server resets in a few minutes.</div>
|l|&starmind
|l|☆SL21CC Mcdonald's
