|raw|<div class="broadcast-blue"><strong>This battle is required to be public due to a player having a name starting with 'sl21cc'.</div>
|j|☆SL21CC KFC嫩牛五方
|j|☆dragonitenb
|t:|1641823693
|gametype|singles
|player|p1|SL21CC KFC嫩牛五方|baker|1284
|player|p2|dragonitenb|feida.png|1320
|teamsize|p1|6
|teamsize|p2|6
|gen|8
|tier|[Gen 8] OU
|rated|
|rule|Sleep Clause Mod: Limit one foe put to sleep
|rule|Species Clause: Limit one of each Pokémon
|rule|OHKO Clause: OHKO moves are banned
|rule|Evasion Moves Clause: Evasion moves are banned
|rule|Endless Battle Clause: Forcing endless battles is banned
|rule|HP Percentage Mod: HP is shown in percentages
|rule|Dynamax Clause: You cannot dynamax
|clearpoke
|poke|p1|Melmetal|
|poke|p1|Cresselia, F|
|poke|p1|Crawdaunt, M|
|poke|p1|Hatterene, F|
|poke|p1|Porygon2|
|poke|p1|Marowak-Alola, M|
|poke|p2|Garchomp, M|
|poke|p2|Aegislash, M|
|poke|p2|Urshifu-*, M|
|poke|p2|Moltres-Galar|
|poke|p2|Pelipper, M|
|poke|p2|Kartana|
|teampreview
|j| SL21CCC徐坤
|
|t:|1641823706
|start
|switch|p1a: Hatterene|Hatterene, F|100/100
|switch|p2a: Urshifu|Urshifu-Rapid-Strike, M|100/100
|turn|1
|
|t:|1641823713
|move|p2a: Urshifu|Surging Strikes|p1a: Hatterene
|-crit|p1a: Hatterene
|-damage|p1a: Hatterene|83/100
|-crit|p1a: Hatterene
|-damage|p1a: Hatterene|68/100
|-crit|p1a: Hatterene
|-damage|p1a: Hatterene|52/100
|-hitcount|p1a: Hatterene|3
|move|p1a: Hatterene|Trick Room|p1a: Hatterene
|-fieldstart|move: Trick Room|[of] p1a: Hatterene
|
|upkeep
|turn|2
|j| sl21cc buhuiying
|
|t:|1641823716
|move|p1a: Hatterene|Healing Wish|p1a: Hatterene
|faint|p1a: Hatterene
|move|p2a: Urshifu|U-turn|p1: Hatterene|[notarget]
|-fail|p2a: Urshifu
|
|upkeep
|j| jiokopg_fkok43
|j| sl21cc ryekie
|
|t:|1641823722
|switch|p1a: Melmetal|Melmetal|100/100
|turn|3
|
|t:|1641823724
|move|p1a: Melmetal|Double Iron Bash|p2a: Urshifu
|-resisted|p2a: Urshifu
|-damage|p2a: Urshifu|67/100
|-resisted|p2a: Urshifu
|-damage|p2a: Urshifu|34/100
|-hitcount|p2a: Urshifu|2
|cant|p2a: Urshifu|flinch
|
|upkeep
|turn|4
|
|t:|1641823729
|move|p1a: Melmetal|Double Iron Bash|p2a: Urshifu
|-resisted|p2a: Urshifu
|-damage|p2a: Urshifu|3/100
|-resisted|p2a: Urshifu
|-damage|p2a: Urshifu|0 fnt
|faint|p2a: Urshifu
|-hitcount|p2: Urshifu|2
|
|upkeep
|j| SL21CC tangkeke
|
|t:|1641823731
|switch|p2a: Pelipper|Pelipper, M|100/100
|-weather|RainDance|[from] ability: Drizzle|[of] p2a: Pelipper
|turn|5
|j| sl21cc ap
|
|t:|1641823736
|move|p1a: Melmetal|Double Iron Bash|p2a: Pelipper
|-resisted|p2a: Pelipper
|-damage|p2a: Pelipper|59/100
|-resisted|p2a: Pelipper
|-damage|p2a: Pelipper|14/100
|-hitcount|p2a: Pelipper|2
|move|p2a: Pelipper|Weather Ball|p1a: Melmetal
|-damage|p1a: Melmetal|0 fnt
|faint|p1a: Melmetal
|
|-weather|RainDance|[upkeep]
|-fieldend|move: Trick Room
|upkeep
|j|♚Master Origami♕
|
|t:|1641823740
|switch|p1a: Knocked|Crawdaunt, M, shiny|100/100
|turn|6
|
|t:|1641823742
|move|p1a: Knocked|Aqua Jet|p2a: Pelipper
|-resisted|p2a: Pelipper
|-damage|p2a: Pelipper|0 fnt
|faint|p2a: Pelipper
|-damage|p1a: Knocked|90/100|[from] item: Life Orb
|
|-weather|RainDance|[upkeep]
|upkeep
|
|t:|1641823745
|switch|p2a: Garchomp|Garchomp, M|100/100
|turn|7
|
|t:|1641823748
|move|p2a: Garchomp|Stealth Rock|p1a: Knocked
|-sidestart|p1: SL21CC KFC嫩牛五方|move: Stealth Rock
|move|p1a: Knocked|Crabhammer|p2a: Garchomp
|-damage|p2a: Garchomp|11/100
|-damage|p1a: Knocked|78/100|[from] ability: Rough Skin|[of] p2a: Garchomp
|-damage|p1a: Knocked|61/100|[from] item: Rocky Helmet|[of] p2a: Garchomp
|-damage|p1a: Knocked|51/100|[from] item: Life Orb
|
|-weather|RainDance|[upkeep]
|upkeep
|turn|8
|
|t:|1641823751
|move|p2a: Garchomp|Endure|p2a: Garchomp
|-singleturn|p2a: Garchomp|move: Endure
|move|p1a: Knocked|Aqua Jet|p2a: Garchomp
|-activate|p2a: Garchomp|move: Endure
|-damage|p2a: Garchomp|1/100
|-damage|p1a: Knocked|39/100|[from] ability: Rough Skin|[of] p2a: Garchomp
|-damage|p1a: Knocked|22/100|[from] item: Rocky Helmet|[of] p2a: Garchomp
|-damage|p1a: Knocked|12/100|[from] item: Life Orb
|
|-weather|RainDance|[upkeep]
|upkeep
|turn|9
|
|t:|1641823756
|switch|p1a: Cresselia|Cresselia, F|100/100
|-damage|p1a: Cresselia|88/100|[from] Stealth Rock
|move|p2a: Garchomp|Earthquake|p1a: Cresselia
|-immune|p1a: Cresselia|[from] ability: Levitate
|
|-weather|none
|upkeep
|turn|10
|
|t:|1641823759
|switch|p2a: Aegislash|Aegislash, M|100/100
|move|p1a: Cresselia|Ice Beam|p2a: Aegislash
|-resisted|p2a: Aegislash
|-damage|p2a: Aegislash|93/100
|
|upkeep
|turn|11
|
|t:|1641823767
|-formechange|p2a: Aegislash|Aegislash-Blade||[from] ability: Stance Change
|move|p2a: Aegislash|Close Combat|p1a: Cresselia
|-resisted|p1a: Cresselia
|-damage|p1a: Cresselia|79/100
|-unboost|p2a: Aegislash|def|1
|-unboost|p2a: Aegislash|spd|1
|move|p1a: Cresselia|Trick Room|p1a: Cresselia
|-fieldstart|move: Trick Room|[of] p1a: Cresselia
|
|upkeep
|turn|12
|
|t:|1641823773
|switch|p2a: Garchomp|Garchomp, M|1/100
|move|p1a: Cresselia|Lunar Dance|p1a: Cresselia
|faint|p1a: Cresselia
|
|upkeep
|l| SL21CC tangkeke
|j| SL21CC tangkeke
|
|t:|1641823778
|switch|p1a: Porygon2|Porygon2|100/100
|-damage|p1a: Porygon2|88/100|[from] Stealth Rock
|-ability|p1a: Porygon2|Download|boost
|-boost|p1a: Porygon2|spa|1
|turn|13
|
|t:|1641823780
|switch|p2a: Aegislash|Aegislash, M|93/100
|move|p1a: Porygon2|Ice Beam|p2a: Aegislash
|-resisted|p2a: Aegislash
|-damage|p2a: Aegislash|72/100
|
|upkeep
|turn|14
|j| wandebucuo玩得不错
|
|t:|1641823786
|move|p1a: Porygon2|Thunderbolt|p2a: Aegislash
|-damage|p2a: Aegislash|32/100
|-formechange|p2a: Aegislash|Aegislash-Blade||[from] ability: Stance Change
|move|p2a: Aegislash|Close Combat|p1a: Porygon2
|-supereffective|p1a: Porygon2
|-damage|p1a: Porygon2|35/100
|-unboost|p2a: Aegislash|def|1
|-unboost|p2a: Aegislash|spd|1
|
|upkeep
|turn|15
|
|t:|1641823790
|switch|p2a: Kartana|Kartana|100/100
|move|p1a: Porygon2|Ice Beam|p2a: Kartana
|-damage|p2a: Kartana|0 fnt
|faint|p2a: Kartana
|
|-fieldend|move: Trick Room
|upkeep
|j| adreamew
|
|t:|1641823795
|switch|p2a: Aegislash|Aegislash, M|32/100
|turn|16
|j| sl21cckhl
|
|t:|1641823798
|switch|p1a: Marowak|Marowak-Alola, M|100/100
|-damage|p1a: Marowak|76/100|[from] Stealth Rock
|-formechange|p2a: Aegislash|Aegislash-Blade||[from] ability: Stance Change
|move|p2a: Aegislash|Flash Cannon|p1a: Marowak
|-resisted|p1a: Marowak
|-damage|p1a: Marowak|34/100
|
|upkeep
|turn|17
|l| wandebucuo玩得不错
|
|t:|1641823811
|move|p2a: Aegislash|Flash Cannon|p1a: Marowak
|-resisted|p1a: Marowak
|-damage|p1a: Marowak|0 fnt
|faint|p1a: Marowak
|
|upkeep
|
|t:|1641823827
|switch|p1a: Porygon2|Porygon2|35/100
|-heal|p1a: Porygon2|100/100|[from] move: Healing Wish
|-heal|p1a: Porygon2|100/100|[from] move: Lunar Dance
|-damage|p1a: Porygon2|88/100|[from] Stealth Rock
|-ability|p1a: Porygon2|Download|boost
|-boost|p1a: Porygon2|atk|1
|turn|18
|
|t:|1641823835
|move|p2a: Aegislash|Flash Cannon|p1a: Porygon2
|-damage|p1a: Porygon2|43/100
|move|p1a: Porygon2|Thunderbolt|p2a: Aegislash
|-damage|p2a: Aegislash|0 fnt
|faint|p2a: Aegislash
|
|upkeep
|
|t:|1641823847
|switch|p2a: Moltres|Moltres-Galar|100/100
|turn|19
|
|t:|1641823857
|switch|p1a: Knocked|Crawdaunt, M, shiny|12/100
|-damage|p1a: Knocked|0 fnt|[from] Stealth Rock
|faint|p1a: Knocked
|move|p2a: Moltres|Hurricane|p1: Knocked|[notarget]
|-fail|p2a: Moltres
|
|upkeep
|
|t:|1641823859
|switch|p1a: Porygon2|Porygon2|43/100
|-damage|p1a: Porygon2|31/100|[from] Stealth Rock
|-ability|p1a: Porygon2|Download|boost
|-boost|p1a: Porygon2|atk|1
|turn|20
|
|t:|1641823866
|move|p2a: Moltres|Hurricane|p1a: Porygon2|[miss]
|-miss|p2a: Moltres|p1a: Porygon2
|move|p1a: Porygon2|Trick Room|p1a: Porygon2
|-fieldstart|move: Trick Room|[of] p1a: Porygon2
|
|upkeep
|turn|21
|j| SL21CC sadfrog
|
|t:|1641823909
|move|p1a: Porygon2|Ice Beam|p2a: Moltres
|-supereffective|p2a: Moltres
|-damage|p2a: Moltres|53/100
|move|p2a: Moltres|Hurricane|p1a: Porygon2
|-crit|p1a: Porygon2
|-damage|p1a: Porygon2|0 fnt
|faint|p1a: Porygon2
|
|win|dragonitenb
|raw|SL21CC KFC嫩牛五方's rating: 1299 &rarr; <strong>1284</strong><br />(-15 for losing)
|raw|dragonitenb's rating: 1320 &rarr; <strong>1335</strong><br />(+15 for winning)
|l| SL21CC tangkeke
|l|♚Master Origami♕
|l|☆SL21CC KFC嫩牛五方
|l| sl21cc ryekie
|l| SL21CCC徐坤
|l| jiokopg_fkok43
|l| sl21cc ap
|l| sl21cckhl
