|raw|<div class="broadcast-blue"><strong>This battle is required to be public due to a player having a name starting with 'sl21cc'.</div>
|j|☆SL21CC Mcdonald's
|j|☆SL21CC 东方不败
|t:|1641824887
|gametype|singles
|player|p1|SL21CC Mcdonald's|101|1235
|player|p2|SL21CC 东方不败|cheryl|1332
|teamsize|p1|6
|teamsize|p2|6
|gen|8
|tier|[Gen 8] OU
|rated|
|rule|Sleep Clause Mod: Limit one foe put to sleep
|rule|Species Clause: Limit one of each Pokémon
|rule|OHKO Clause: OHKO moves are banned
|rule|Evasion Moves Clause: Evasion moves are banned
|rule|Endless Battle Clause: Forcing endless battles is banned
|rule|HP Percentage Mod: HP is shown in percentages
|rule|Dynamax Clause: You cannot dynamax
|clearpoke
|poke|p1|Slowbro-Galar, F|
|poke|p1|Seismitoad, F|
|poke|p1|Mew|
|poke|p1|Melmetal|
|poke|p1|Clefable, F|
|poke|p1|Zapdos|
|poke|p2|Landorus-Therian, M|
|poke|p2|Ferrothorn, M|
|poke|p2|Clefable, M|
|poke|p2|Tornadus-Therian, M|
|poke|p2|Slowbro, F|
|poke|p2|Heatran, F|
|teampreview
|inactive|Battle timer is ON: inactive players will automatically lose when time's up. (requested by SL21CC Mcdonald's)
|
|t:|1641824899
|start
|switch|p1a: Zapdos|Zapdos|100/100
|switch|p2a: Landorus|Landorus-Therian, M|100/100
|-ability|p2a: Landorus|Intimidate|boost
|-unboost|p1a: Zapdos|atk|1
|turn|1
|
|t:|1641824909
|switch|p1a: Clefable|Clefable, F|100/100
|switch|p2a: Heatran|Heatran, F|100/100
|
|upkeep
|turn|2
|j|+dragonitenb
|j| adreamew
|
|t:|1641824922
|switch|p1a: Seismitoad|Seismitoad, F|100/100
|move|p2a: Heatran|Magma Storm|p1a: Seismitoad
|-resisted|p1a: Seismitoad
|-damage|p1a: Seismitoad|86/100
|-activate|p1a: Seismitoad|move: Magma Storm|[of] p2a: Heatran
|
|-heal|p1a: Seismitoad|92/100|[from] item: Leftovers
|-damage|p1a: Seismitoad|80/100|[from] move: Magma Storm|[partiallytrapped]
|upkeep
|turn|3
|
|t:|1641824946
|switch|p2a: Ferrothorn|Ferrothorn, M|100/100
|move|p1a: Seismitoad|Stealth Rock|p2a: Ferrothorn
|-sidestart|p2: SL21CC 东方不败|move: Stealth Rock
|
|-heal|p1a: Seismitoad|86/100|[from] item: Leftovers
|-end|p1a: Seismitoad|Magma Storm|[partiallytrapped]|[silent]
|upkeep
|turn|4
|
|t:|1641824952
|switch|p1a: Clefable|Clefable, F|100/100
|move|p2a: Ferrothorn|Spikes|p1a: Clefable
|-sidestart|p1: SL21CC Mcdonald's|Spikes
|
|upkeep
|turn|5
|
|t:|1641824960
|move|p1a: Clefable|Focus Blast|p2a: Ferrothorn
|-supereffective|p2a: Ferrothorn
|-crit|p2a: Ferrothorn
|-damage|p2a: Ferrothorn|2/100
|move|p2a: Ferrothorn|Knock Off|p1a: Clefable
|-resisted|p1a: Clefable
|-damage|p1a: Clefable|86/100
|-enditem|p1a: Clefable|Life Orb|[from] move: Knock Off|[of] p2a: Ferrothorn
|
|-heal|p2a: Ferrothorn|8/100|[from] item: Leftovers
|upkeep
|turn|6
|c|☆SL21CC 东方不败|我超
|
|t:|1641824972
|switch|p2a: Slowbro|Slowbro, F|100/100
|-damage|p2a: Slowbro|88/100|[from] Stealth Rock
|move|p1a: Clefable|Ice Beam|p2a: Slowbro
|-resisted|p2a: Slowbro
|-damage|p2a: Slowbro|74/100
|
|upkeep
|turn|7
|
|t:|1641824976
|switch|p2a: Landorus|Landorus-Therian, M|100/100
|-damage|p2a: Landorus|88/100|[from] Stealth Rock
|-ability|p2a: Landorus|Intimidate|boost
|-unboost|p1a: Clefable|atk|1
|move|p1a: Clefable|Thunder|p2a: Landorus
|-immune|p2a: Landorus
|
|-heal|p2a: Landorus|94/100|[from] item: Leftovers
|upkeep
|turn|8
|
|t:|1641824980
|switch|p2a: Heatran|Heatran, F|100/100
|-damage|p2a: Heatran|88/100|[from] Stealth Rock
|move|p1a: Clefable|Ice Beam|p2a: Heatran
|-resisted|p2a: Heatran
|-damage|p2a: Heatran|84/100
|
|-heal|p2a: Heatran|90/100|[from] item: Leftovers
|upkeep
|turn|9
|
|t:|1641824983
|move|p1a: Clefable|Focus Blast|p2a: Heatran|[miss]
|-miss|p1a: Clefable|p2a: Heatran
|move|p2a: Heatran|Magma Storm|p1a: Clefable
|-damage|p1a: Clefable|35/100
|-activate|p1a: Clefable|move: Magma Storm|[of] p2a: Heatran
|
|-heal|p2a: Heatran|96/100|[from] item: Leftovers
|upkeep
|turn|10
|
|t:|1641824986
|move|p1a: Clefable|Focus Blast|p2a: Heatran|[miss]
|-miss|p1a: Clefable|p2a: Heatran
|move|p2a: Heatran|Earth Power|p1a: Clefable
|-damage|p1a: Clefable|4/100
|
|-heal|p2a: Heatran|100/100|[from] item: Leftovers
|upkeep
|turn|11
|
|t:|1641824990
|switch|p2a: Tornadus|Tornadus-Therian, M|100/100
|move|p1a: Clefable|Focus Blast|p2a: Tornadus
|-resisted|p2a: Tornadus
|-damage|p2a: Tornadus|82/100
|
|-end|p1a: Clefable|Magma Storm|[partiallytrapped]|[silent]
|upkeep
|turn|12
|
|t:|1641824992
|switch|p1a: Zapdos|Zapdos|100/100
|move|p2a: Tornadus|Knock Off|p1a: Zapdos
|-damage|p1a: Zapdos|80/100
|-enditem|p1a: Zapdos|Heavy-Duty Boots|[from] move: Knock Off|[of] p2a: Tornadus
|
|upkeep
|turn|13
|
|t:|1641824997
|switch|p2a: Landorus|Landorus-Therian, M|94/100
|-damage|p2a: Landorus|82/100|[from] Stealth Rock
|-ability|p2a: Landorus|Intimidate|boost
|-unboost|p1a: Zapdos|atk|1
|move|p1a: Zapdos|Hurricane|p2a: Landorus|[miss]
|-miss|p1a: Zapdos|p2a: Landorus
|
|-heal|p2a: Landorus|88/100|[from] item: Leftovers
|upkeep
|turn|14
|
|t:|1641825002
|switch|p1a: Clefable|Clefable, F|4/100
|switch|p2a: Heatran|Heatran, F|100/100
|-damage|p2a: Heatran|88/100|[from] Stealth Rock
|
|-heal|p2a: Heatran|94/100|[from] item: Leftovers
|upkeep
|turn|15
|
|t:|1641825006
|switch|p2a: Tornadus|Tornadus-Therian, M|100/100
|move|p1a: Clefable|Focus Blast|p2a: Tornadus|[miss]
|-miss|p1a: Clefable|p2a: Tornadus
|
|upkeep
|turn|16
|
|t:|1641825011
|move|p2a: Tornadus|U-turn|p1a: Clefable
|-resisted|p1a: Clefable
|-damage|p1a: Clefable|0 fnt
|faint|p1a: Clefable
|
|t:|1641825017
|switch|p2a: Clefable|Clefable, M|100/100|[from]move: U-turn
|
|upkeep
|
|t:|1641825023
|switch|p1a: Melmetal|Melmetal|100/100
|-damage|p1a: Melmetal|88/100|[from] Spikes
|turn|17
|
|t:|1641825028
|switch|p2a: Slowbro|Slowbro, F|100/100
|-damage|p2a: Slowbro|88/100|[from] Stealth Rock
|move|p1a: Melmetal|Earthquake|p2a: Slowbro
|-damage|p2a: Slowbro|64/100
|
|upkeep
|turn|18
|
|t:|1641825033
|switch|p2a: Landorus|Landorus-Therian, M|88/100
|-damage|p2a: Landorus|76/100|[from] Stealth Rock
|-ability|p2a: Landorus|Intimidate|boost
|-unboost|p1a: Melmetal|atk|1
|move|p1a: Melmetal|Double Iron Bash|p2a: Landorus
|-damage|p2a: Landorus|52/100
|-damage|p2a: Landorus|31/100
|-hitcount|p2a: Landorus|2
|
|-heal|p2a: Landorus|37/100|[from] item: Leftovers
|upkeep
|turn|19
|
|t:|1641825038
|switch|p2a: Slowbro|Slowbro, F|97/100
|-damage|p2a: Slowbro|85/100|[from] Stealth Rock
|switch|p1a: Zapdos|Zapdos|80/100
|
|upkeep
|turn|20
|inactive|SL21CC Mcdonald's has 120 seconds left.
|inactive|SL21CC Mcdonald's has 90 seconds left.
|
|t:|1641825112
|switch|p2a: Ferrothorn|Ferrothorn, M|8/100
|-damage|p2a: Ferrothorn|2/100|[from] Stealth Rock
|move|p1a: Zapdos|Thunderbolt|p2a: Ferrothorn
|-resisted|p2a: Ferrothorn
|-damage|p2a: Ferrothorn|0 fnt
|faint|p2a: Ferrothorn
|
|upkeep
|
|t:|1641825123
|switch|p2a: Heatran|Heatran, F|94/100
|-damage|p2a: Heatran|82/100|[from] Stealth Rock
|turn|21
|
|t:|1641825131
|switch|p1a: Seismitoad|Seismitoad, F|86/100
|-damage|p1a: Seismitoad|73/100|[from] Spikes
|move|p2a: Heatran|Magma Storm|p1a: Seismitoad|[miss]
|-miss|p2a: Heatran|p1a: Seismitoad
|
|-heal|p2a: Heatran|88/100|[from] item: Leftovers
|-heal|p1a: Seismitoad|79/100|[from] item: Leftovers
|upkeep
|turn|22
|
|t:|1641825134
|switch|p2a: Clefable|Clefable, M|100/100
|move|p1a: Seismitoad|Scald|p2a: Clefable
|-damage|p2a: Clefable|81/100
|-status|p2a: Clefable|brn
|
|-heal|p1a: Seismitoad|86/100|[from] item: Leftovers
|upkeep
|turn|23
|
|t:|1641825141
|switch|p1a: Slowbro|Slowbro-Galar, F|100/100
|-damage|p1a: Slowbro|88/100|[from] Spikes
|move|p2a: Clefable|Thunder|p1a: Slowbro
|-damage|p1a: Slowbro|50/100
|
|upkeep
|turn|24
|
|t:|1641825149
|switch|p2a: Slowbro|Slowbro, F|100/100
|-damage|p2a: Slowbro|88/100|[from] Stealth Rock
|move|p1a: Slowbro|Nasty Plot|p1a: Slowbro
|-boost|p1a: Slowbro|spa|2
|
|upkeep
|turn|25
|
|t:|1641825153
|move|p1a: Slowbro|Ice Beam|p2a: Slowbro
|-resisted|p2a: Slowbro
|-damage|p2a: Slowbro|56/100
|-status|p2a: Slowbro|frz
|-curestatus|p2a: Slowbro|frz|[from] move: Scald
|move|p2a: Slowbro|Scald|p1a: Slowbro
|-damage|p1a: Slowbro|21/100
|
|upkeep
|turn|26
|
|t:|1641825156
|move|p1a: Slowbro|Ice Beam|p2a: Slowbro
|-resisted|p2a: Slowbro
|-damage|p2a: Slowbro|25/100
|move|p2a: Slowbro|Slack Off|p2a: Slowbro
|-heal|p2a: Slowbro|75/100
|
|upkeep
|turn|27
|
|t:|1641825159
|switch|p1a: Zapdos|Zapdos|80/100
|move|p2a: Slowbro|Future Sight|p1a: Zapdos
|-start|p2a: Slowbro|move: Future Sight
|
|upkeep
|turn|28
|j| SL21CC姐ISthequeen
|
|t:|1641825163
|switch|p2a: Landorus|Landorus-Therian, M|37/100
|-damage|p2a: Landorus|25/100|[from] Stealth Rock
|-ability|p2a: Landorus|Intimidate|boost
|-unboost|p1a: Zapdos|atk|1
|move|p1a: Zapdos|Hurricane|p2a: Landorus|[miss]
|-miss|p1a: Zapdos|p2a: Landorus
|
|-heal|p2a: Landorus|31/100|[from] item: Leftovers
|upkeep
|turn|29
|
|t:|1641825166
|move|p1a: Zapdos|Hurricane|p2a: Landorus|[miss]
|-miss|p1a: Zapdos|p2a: Landorus
|move|p2a: Landorus|Stealth Rock|p1a: Zapdos
|-sidestart|p1: SL21CC Mcdonald's|move: Stealth Rock
|
|-end|p1a: Zapdos|move: Future Sight
|-damage|p1a: Zapdos|38/100
|-heal|p2a: Landorus|37/100|[from] item: Leftovers
|upkeep
|turn|30
|l|+dragonitenb
|
|t:|1641825174
|move|p1a: Zapdos|Hurricane|p2a: Landorus
|-damage|p2a: Landorus|0 fnt
|faint|p2a: Landorus
|
|upkeep
|
|t:|1641825176
|switch|p2a: Heatran|Heatran, F|88/100
|-damage|p2a: Heatran|76/100|[from] Stealth Rock
|turn|31
|
|t:|1641825182
|move|p1a: Zapdos|Defog|p2a: Heatran
|-unboost|p2a: Heatran|evasion|1
|-sideend|p2: SL21CC 东方不败|Stealth Rock|[from] move: Defog|[of] p1a: Zapdos
|-sideend|p1: SL21CC Mcdonald's|Spikes|[from] move: Defog|[of] p1a: Zapdos
|-sideend|p1: SL21CC Mcdonald's|Stealth Rock|[from] move: Defog|[of] p1a: Zapdos
|move|p2a: Heatran|Toxic|p1a: Zapdos
|-status|p1a: Zapdos|tox
|
|-heal|p2a: Heatran|82/100|[from] item: Leftovers
|-damage|p1a: Zapdos|32/100 tox|[from] psn
|upkeep
|turn|32
|
|t:|1641825187
|move|p1a: Zapdos|Thunderbolt|p2a: Heatran
|-damage|p2a: Heatran|49/100
|move|p2a: Heatran|Earth Power|p1a: Zapdos
|-immune|p1a: Zapdos
|
|-heal|p2a: Heatran|55/100|[from] item: Leftovers
|-damage|p1a: Zapdos|20/100 tox|[from] psn
|upkeep
|turn|33
|
|t:|1641825196
|move|p1a: Zapdos|Thunderbolt|p2a: Heatran
|-damage|p2a: Heatran|23/100
|move|p2a: Heatran|Earth Power|p1a: Zapdos
|-immune|p1a: Zapdos
|
|-heal|p2a: Heatran|30/100|[from] item: Leftovers
|-damage|p1a: Zapdos|2/100 tox|[from] psn
|upkeep
|turn|34
|
|t:|1641825212
|switch|p1a: Mew|Mew|100/100
|switch|p2a: Clefable|Clefable, M|81/100 brn
|
|upkeep
|turn|35
|
|t:|1641825219
|switch|p2a: Heatran|Heatran, F|30/100
|move|p1a: Mew|Dragon Dance|p1a: Mew
|-boost|p1a: Mew|atk|1
|-boost|p1a: Mew|spe|1
|
|-heal|p2a: Heatran|36/100|[from] item: Leftovers
|upkeep
|turn|36
|
|t:|1641825222
|switch|p2a: Slowbro|Slowbro, F|100/100
|move|p1a: Mew|Close Combat|p2a: Slowbro
|-resisted|p2a: Slowbro
|-damage|p2a: Slowbro|85/100
|-unboost|p1a: Mew|def|1
|-unboost|p1a: Mew|spd|1
|
|upkeep
|turn|37
|
|t:|1641825225
|switch|p1a: Seismitoad|Seismitoad, F|86/100
|move|p2a: Slowbro|Scald|p1a: Seismitoad
|-heal|p1a: Seismitoad|100/100|[from] ability: Water Absorb|[of] p2a: Slowbro
|
|upkeep
|turn|38
|
|t:|1641825230
|switch|p2a: Clefable|Clefable, M|81/100 brn
|move|p1a: Seismitoad|Stealth Rock|p2a: Clefable
|-sidestart|p2: SL21CC 东方不败|move: Stealth Rock
|
|upkeep
|turn|39
|
|t:|1641825235
|move|p1a: Seismitoad|Earthquake|p2a: Clefable
|-damage|p2a: Clefable|53/100 brn
|move|p2a: Clefable|Moonblast|p1a: Seismitoad
|-damage|p1a: Seismitoad|69/100
|-unboost|p1a: Seismitoad|spa|1
|
|-heal|p1a: Seismitoad|75/100|[from] item: Leftovers
|upkeep
|turn|40
|
|t:|1641825241
|switch|p1a: Slowbro|Slowbro-Galar, F|21/100
|move|p2a: Clefable|Soft-Boiled|p2a: Clefable
|-heal|p2a: Clefable|100/100 brn
|
|upkeep
|turn|41
|
|t:|1641825247
|move|p2a: Clefable|Moonblast|p1a: Slowbro
|-resisted|p1a: Slowbro
|-damage|p1a: Slowbro|0 fnt
|faint|p1a: Slowbro
|
|upkeep
|
|t:|1641825248
|switch|p1a: Melmetal|Melmetal|88/100
|turn|42
|-activate|p1a: Melmetal|item: Quick Claw
|
|t:|1641825252
|switch|p2a: Slowbro|Slowbro, F|100/100
|-damage|p2a: Slowbro|88/100|[from] Stealth Rock
|move|p1a: Melmetal|Double Iron Bash|p2a: Slowbro
|-resisted|p2a: Slowbro
|-damage|p2a: Slowbro|75/100
|-damage|p1a: Melmetal|72/100|[from] item: Rocky Helmet|[of] p2a: Slowbro
|-resisted|p2a: Slowbro
|-damage|p2a: Slowbro|62/100
|-damage|p1a: Melmetal|55/100|[from] item: Rocky Helmet|[of] p2a: Slowbro
|-hitcount|p2a: Slowbro|2
|
|upkeep
|turn|43
|
|t:|1641825257
|move|p1a: Melmetal|Double Iron Bash|p2a: Slowbro
|-resisted|p2a: Slowbro
|-damage|p2a: Slowbro|49/100
|-damage|p1a: Melmetal|38/100|[from] item: Rocky Helmet|[of] p2a: Slowbro
|-resisted|p2a: Slowbro
|-damage|p2a: Slowbro|35/100
|-damage|p1a: Melmetal|22/100|[from] item: Rocky Helmet|[of] p2a: Slowbro
|-hitcount|p2a: Slowbro|2
|cant|p2a: Slowbro|flinch
|
|upkeep
|turn|44
|
|t:|1641825266
|switch|p2a: Heatran|Heatran, F|36/100
|-damage|p2a: Heatran|23/100|[from] Stealth Rock
|move|p1a: Melmetal|Thunder Punch|p2a: Heatran
|-damage|p2a: Heatran|0 fnt
|faint|p2a: Heatran
|
|upkeep
|
|t:|1641825269
|switch|p2a: Tornadus|Tornadus-Therian, M|100/100
|turn|45
|
|t:|1641825272
|move|p2a: Tornadus|Heat Wave|p1a: Melmetal
|-supereffective|p1a: Melmetal
|-damage|p1a: Melmetal|0 fnt
|faint|p1a: Melmetal
|
|upkeep
|
|t:|1641825274
|switch|p1a: Mew|Mew|100/100
|turn|46
|inactive|SL21CC Mcdonald's has 120 seconds left.
|
|t:|1641825304
|switch|p2a: Slowbro|Slowbro, F|68/100
|-damage|p2a: Slowbro|56/100|[from] Stealth Rock
|move|p1a: Mew|Dragon Dance|p1a: Mew
|-boost|p1a: Mew|atk|1
|-boost|p1a: Mew|spe|1
|
|upkeep
|turn|47
|
|t:|1641825308
|switch|p1a: Seismitoad|Seismitoad, F|75/100
|move|p2a: Slowbro|Slack Off|p2a: Slowbro
|-heal|p2a: Slowbro|100/100
|
|-heal|p1a: Seismitoad|81/100|[from] item: Leftovers
|upkeep
|turn|48
|
|t:|1641825311
|switch|p2a: Clefable|Clefable, M|100/100 brn
|move|p1a: Seismitoad|Toxic||[still]
|-fail|p1a: Seismitoad
|
|-heal|p1a: Seismitoad|87/100|[from] item: Leftovers
|upkeep
|turn|49
|-message|SL21CC Mcdonald's forfeited.
|
|win|SL21CC 东方不败
|raw|SL21CC Mcdonald&apos;s's rating: 1235 &rarr; <strong>1223</strong><br />(-12 for losing)
|raw|SL21CC 东方不败's rating: 1332 &rarr; <strong>1344</strong><br />(+12 for winning)
|l|☆SL21CC Mcdonald's
|l| SL21CC姐ISthequeen
|l|☆SL21CC 东方不败
|j|☆SL21CC 东方不败
|player|p2|SL21CC 东方不败|cheryl
|l|☆SL21CC 东方不败
|player|p2|
