|raw|<div class="broadcast-blue"><strong>This battle is required to be public due to a player having a name starting with 'sl21cc'.</div>
|j|☆SL21CC ginko
|j|☆rffydsdhh
|t:|1641818767
|gametype|singles
|player|p1|SL21CC ginko|evelyn|1299
|player|p2|rffydsdhh|liza|1261
|teamsize|p1|6
|teamsize|p2|6
|gen|8
|tier|[Gen 8] OU
|rated|
|rule|Sleep Clause Mod: Limit one foe put to sleep
|rule|Species Clause: Limit one of each Pokémon
|rule|OHKO Clause: OHKO moves are banned
|rule|Evasion Moves Clause: Evasion moves are banned
|rule|Endless Battle Clause: Forcing endless battles is banned
|rule|HP Percentage Mod: HP is shown in percentages
|rule|Dynamax Clause: You cannot dynamax
|clearpoke
|poke|p1|Blaziken, M|
|poke|p1|Heatran, F|
|poke|p1|Dragapult, M|
|poke|p1|Garchomp, M|
|poke|p1|Arctozolt|
|poke|p1|Ninetales-Alola, F|
|poke|p2|Dragapult, M|
|poke|p2|Corviknight, M|
|poke|p2|Tapu Fini|
|poke|p2|Heatran, M|
|poke|p2|Garchomp, M|
|poke|p2|Tapu Lele|
|teampreview
|inactive|Battle timer is ON: inactive players will automatically lose when time's up. (requested by SL21CC ginko)
|
|t:|1641818782
|start
|switch|p1a: Heatran|Heatran, F|100/100
|switch|p2a: Heatran|Heatran, M, shiny|100/100
|-item|p1a: Heatran|Air Balloon
|turn|1
|
|t:|1641818793
|move|p1a: Heatran|Stealth Rock|p2a: Heatran
|-sidestart|p2: rffydsdhh|move: Stealth Rock
|move|p2a: Heatran|Stealth Rock|p1a: Heatran
|-sidestart|p1: SL21CC ginko|move: Stealth Rock
|
|upkeep
|turn|2
|
|t:|1641818801
|switch|p2a: Tapu Fini|Tapu Fini, shiny|100/100
|-damage|p2a: Tapu Fini|88/100|[from] Stealth Rock
|-fieldstart|move: Misty Terrain|[from] ability: Misty Surge|[of] p2a: Tapu Fini
|move|p1a: Heatran|Magma Storm|p2a: Tapu Fini
|-resisted|p2a: Tapu Fini
|-damage|p2a: Tapu Fini|68/100
|-activate|p2a: Tapu Fini|move: Magma Storm|[of] p1a: Heatran
|
|-heal|p2a: Tapu Fini|74/100|[from] item: Leftovers
|-damage|p2a: Tapu Fini|62/100|[from] move: Magma Storm|[partiallytrapped]
|upkeep
|turn|3
|
|t:|1641818808
|move|p1a: Heatran|Earth Power|p2a: Tapu Fini
|-damage|p2a: Tapu Fini|37/100
|move|p2a: Tapu Fini|Nature's Madness|p1a: Heatran
|-damage|p1a: Heatran|51/100
|-enditem|p1a: Heatran|Air Balloon
|
|-heal|p2a: Tapu Fini|44/100|[from] item: Leftovers
|-damage|p2a: Tapu Fini|31/100|[from] move: Magma Storm|[partiallytrapped]
|upkeep
|turn|4
|
|t:|1641818816
|move|p1a: Heatran|Earth Power|p2a: Tapu Fini
|-crit|p2a: Tapu Fini
|-damage|p2a: Tapu Fini|0 fnt
|faint|p2a: Tapu Fini
|
|upkeep
|j| SL21CCJqlove
|
|t:|1641818823
|switch|p2a: Dragapult|Dragapult, M, shiny|100/100
|-damage|p2a: Dragapult|88/100|[from] Stealth Rock
|turn|5
|
|t:|1641818826
|move|p2a: Dragapult|Shadow Ball|p1a: Heatran
|-damage|p1a: Heatran|0 fnt
|faint|p1a: Heatran
|
|upkeep
|
|t:|1641818833
|switch|p1a: Garchomp|Garchomp, M|100/100
|-damage|p1a: Garchomp|94/100|[from] Stealth Rock
|turn|6
|
|t:|1641818847
|switch|p2a: Tapu Lele|Tapu Lele, shiny|100/100
|-damage|p2a: Tapu Lele|88/100|[from] Stealth Rock
|-fieldstart|move: Psychic Terrain|[from] ability: Psychic Surge|[of] p2a: Tapu Lele
|move|p1a: Garchomp|Scale Shot|p2a: Tapu Lele
|-immune|p2a: Tapu Lele
|
|upkeep
|turn|7
|
|t:|1641818853
|switch|p1a: Ninetales|Ninetales-Alola, F|100/100
|-damage|p1a: Ninetales|76/100|[from] Stealth Rock
|-weather|Hail|[from] ability: Snow Warning|[of] p1a: Ninetales
|move|p2a: Tapu Lele|Psychic|p1a: Ninetales
|-damage|p1a: Ninetales|0 fnt
|faint|p1a: Ninetales
|
|-weather|Hail|[upkeep]
|-damage|p2a: Tapu Lele|82/100|[from] Hail
|upkeep
|
|t:|1641818855
|switch|p1a: Arctozolt|Arctozolt|100/100
|turn|8
|
|t:|1641818861
|move|p1a: Arctozolt|Bolt Beak|p2a: Tapu Lele
|-damage|p2a: Tapu Lele|0 fnt
|faint|p2a: Tapu Lele
|
|-weather|Hail|[upkeep]
|upkeep
|
|t:|1641818867
|switch|p2a: Heatran|Heatran, M, shiny|100/100
|-damage|p2a: Heatran|88/100|[from] Stealth Rock
|turn|9
|
|t:|1641818869
|move|p1a: Arctozolt|Low Kick|p2a: Heatran
|-supereffective|p2a: Heatran
|-damage|p2a: Heatran|28/100
|move|p2a: Heatran|Magma Storm|p1a: Arctozolt
|-supereffective|p1a: Arctozolt
|-damage|p1a: Arctozolt|0 fnt
|faint|p1a: Arctozolt
|
|-weather|Hail|[upkeep]
|-damage|p2a: Heatran|22/100|[from] Hail
|-heal|p2a: Heatran|28/100|[from] item: Leftovers
|upkeep
|
|t:|1641818873
|switch|p1a: Blaziken|Blaziken, M|100/100
|-damage|p1a: Blaziken|88/100|[from] Stealth Rock
|-item|p1a: Blaziken|Air Balloon
|turn|10
|
|t:|1641818877
|move|p1a: Blaziken|Close Combat|p2a: Heatran
|-supereffective|p2a: Heatran
|-damage|p2a: Heatran|0 fnt
|-unboost|p1a: Blaziken|def|1
|-unboost|p1a: Blaziken|spd|1
|faint|p2a: Heatran
|
|-weather|Hail|[upkeep]
|-damage|p1a: Blaziken|82/100|[from] Hail
|-fieldend|move: Psychic Terrain
|-ability|p1a: Blaziken|Speed Boost|boost
|-boost|p1a: Blaziken|spe|1
|upkeep
|j| adreamew
|
|t:|1641818884
|switch|p2a: Garchomp|Garchomp, M, shiny|100/100
|-damage|p2a: Garchomp|94/100|[from] Stealth Rock
|turn|11
|
|t:|1641818887
|move|p1a: Blaziken|Close Combat|p2a: Garchomp
|-damage|p2a: Garchomp|31/100
|-unboost|p1a: Blaziken|def|1
|-unboost|p1a: Blaziken|spd|1
|-damage|p1a: Blaziken|70/100|[from] ability: Rough Skin|[of] p2a: Garchomp
|move|p2a: Garchomp|Scale Shot|p1a: Blaziken
|-damage|p1a: Blaziken|30/100
|-enditem|p1a: Blaziken|Air Balloon
|-damage|p1a: Blaziken|0 fnt
|faint|p1a: Blaziken
|-hitcount|p1: Blaziken|2
|-unboost|p2a: Garchomp|def|1
|-boost|p2a: Garchomp|spe|1
|
|-weather|none
|-heal|p2a: Garchomp|37/100|[from] item: Leftovers
|upkeep
|
|t:|1641818889
|switch|p1a: Dragapult|Dragapult, M|100/100
|-damage|p1a: Dragapult|88/100|[from] Stealth Rock
|turn|12
|
|t:|1641818899
|move|p1a: Dragapult|Sucker Punch|p2a: Garchomp
|-damage|p2a: Garchomp|0 fnt
|-damage|p1a: Dragapult|76/100|[from] ability: Rough Skin|[of] p2a: Garchomp
|faint|p2a: Garchomp
|
|upkeep
|
|t:|1641818904
|switch|p2a: Corviknight|Corviknight, M, shiny|100/100
|-damage|p2a: Corviknight|88/100|[from] Stealth Rock
|-ability|p2a: Corviknight|Pressure
|turn|13
|
|t:|1641818917
|switch|p1a: Garchomp|Garchomp, M|94/100
|-damage|p1a: Garchomp|88/100|[from] Stealth Rock
|move|p2a: Corviknight|U-turn|p1a: Garchomp
|-damage|p1a: Garchomp|73/100
|-damage|p2a: Corviknight|75/100|[from] ability: Rough Skin|[of] p1a: Garchomp
|
|t:|1641818919
|switch|p2a: Dragapult|Dragapult, M, shiny|88/100|[from]move: U-turn
|-damage|p2a: Dragapult|76/100|[from] Stealth Rock
|
|upkeep
|turn|14
|
|t:|1641818923
|move|p2a: Dragapult|Draco Meteor|p1a: Garchomp
|-supereffective|p1a: Garchomp
|-damage|p1a: Garchomp|0 fnt
|-unboost|p2a: Dragapult|spa|2
|faint|p1a: Garchomp
|
|upkeep
|
|t:|1641818925
|switch|p1a: Dragapult|Dragapult, M|76/100
|-damage|p1a: Dragapult|64/100|[from] Stealth Rock
|turn|15
|-message|SL21CC ginko forfeited.
|
|win|rffydsdhh
|raw|SL21CC ginko's rating: 1299 &rarr; <strong>1281</strong><br />(-18 for losing)
|raw|rffydsdhh's rating: 1261 &rarr; <strong>1279</strong><br />(+18 for winning)
|l|☆SL21CC ginko
|l|☆rffydsdhh
