|raw|<div class="broadcast-blue"><strong>This battle is required to be public due to a player having a name starting with 'sl21cc'.</div>
|j|☆sl21cc enfalleba
|j|☆SL21CC ginko
|t:|1641740068
|gametype|singles
|player|p1|sl21cc enfalleba|102|1245
|player|p2|SL21CC ginko|line38324.png|1322
|teamsize|p1|6
|teamsize|p2|6
|gen|8
|tier|[Gen 8] OU
|rated|
|rule|Sleep Clause Mod: Limit one foe put to sleep
|rule|Species Clause: Limit one of each Pokémon
|rule|OHKO Clause: OHKO moves are banned
|rule|Evasion Moves Clause: Evasion moves are banned
|rule|Endless Battle Clause: Forcing endless battles is banned
|rule|HP Percentage Mod: HP is shown in percentages
|rule|Dynamax Clause: You cannot dynamax
|clearpoke
|poke|p1|Weavile, F|
|poke|p1|Tornadus-Therian, M|
|poke|p1|Tapu Lele|
|poke|p1|Landorus-Therian, M|
|poke|p1|Toxapex, M|
|poke|p1|Melmetal|
|poke|p2|Heatran, M|
|poke|p2|Moltres-Galar|
|poke|p2|Dragapult, M|
|poke|p2|Garchomp, F|
|poke|p2|Cloyster, F|
|poke|p2|Kartana|
|teampreview
|j| pokonghanbingkan
|j| irgendwasmitmeeem
|j| sl21cckhl
|c|☆SL21CC ginko|hf bro
|inactive|Battle timer is ON: inactive players will automatically lose when time's up. (requested by SL21CC ginko)
|c|☆sl21cc enfalleba|hf bro
|
|t:|1641740114
|start
|switch|p1a: Tapu Lele|Tapu Lele, shiny|100/100
|switch|p2a: Kartana|Kartana|100/100
|-fieldstart|move: Psychic Terrain|[from] ability: Psychic Surge|[of] p1a: Tapu Lele
|turn|1
|
|t:|1641740124
|switch|p2a: Heatran|Heatran, M|100/100
|-item|p2a: Heatran|Air Balloon
|switch|p1a: Tornadus|Tornadus-Therian, M, shiny|100/100
|
|upkeep
|turn|2
|j| adreamew
|
|t:|1641740133
|move|p1a: Tornadus|U-turn|p2a: Heatran
|-resisted|p2a: Heatran
|-damage|p2a: Heatran|97/100
|-enditem|p2a: Heatran|Air Balloon
|
|t:|1641740135
|switch|p1a: Tapu Lele|Tapu Lele, shiny|100/100|[from]move: U-turn
|move|p2a: Heatran|Eruption|p1a: Tapu Lele
|-damage|p1a: Tapu Lele|17/100
|
|upkeep
|turn|3
|
|t:|1641740146
|move|p1a: Tapu Lele|Moonblast|p2a: Heatran
|-resisted|p2a: Heatran
|-damage|p2a: Heatran|82/100
|move|p2a: Heatran|Earth Power|p1a: Tapu Lele
|-damage|p1a: Tapu Lele|0 fnt
|faint|p1a: Tapu Lele
|
|upkeep
|j| SL21CCCHINESENGEIL
|
|t:|1641740152
|switch|p1a: Landorus|Landorus-Therian, M, shiny|100/100
|-ability|p1a: Landorus|Intimidate|boost
|-unboost|p2a: Heatran|atk|1
|turn|4
|
|t:|1641740158
|move|p2a: Heatran|Eruption|p1a: Landorus
|-damage|p1a: Landorus|46/100
|move|p1a: Landorus|Earthquake|p2a: Heatran
|-supereffective|p2a: Heatran
|-damage|p2a: Heatran|0 fnt
|faint|p2a: Heatran
|
|-heal|p1a: Landorus|52/100|[from] item: Leftovers
|upkeep
|
|t:|1641740184
|switch|p2a: Moltres|Moltres-Galar|100/100
|turn|5
|j| water GH0ST
|
|t:|1641740201
|move|p2a: Moltres|Fiery Wrath|p1a: Landorus
|-damage|p1a: Landorus|20/100
|move|p1a: Landorus|Toxic|p2a: Moltres
|-status|p2a: Moltres|tox
|
|-heal|p1a: Landorus|26/100|[from] item: Leftovers
|-damage|p2a: Moltres|94/100 tox|[from] psn
|-fieldend|move: Psychic Terrain
|upkeep
|turn|6
|
|t:|1641740206
|switch|p1a: Toxapex|Toxapex, M, shiny|100/100
|move|p2a: Moltres|Nasty Plot|p2a: Moltres
|-boost|p2a: Moltres|spa|2
|
|-damage|p2a: Moltres|82/100 tox|[from] psn
|upkeep
|turn|7
|
|t:|1641740211
|move|p2a: Moltres|Fiery Wrath|p1a: Toxapex
|-damage|p1a: Toxapex|30/100
|move|p1a: Toxapex|Haze|p1a: Toxapex
|-clearallboost
|
|-damage|p2a: Moltres|63/100 tox|[from] psn
|upkeep
|turn|8
|l| pokonghanbingkan
|j| pokonghanbingkan
|
|t:|1641740222
|switch|p1a: Melmetal|Melmetal, shiny|100/100
|move|p2a: Moltres|Fiery Wrath|p1a: Melmetal
|-damage|p1a: Melmetal|64/100
|
|-heal|p1a: Melmetal|71/100|[from] item: Leftovers
|-damage|p2a: Moltres|38/100 tox|[from] psn
|upkeep
|turn|9
|
|t:|1641740227
|move|p1a: Melmetal|Protect|p1a: Melmetal
|-singleturn|p1a: Melmetal|Protect
|move|p2a: Moltres|Fiery Wrath|p1a: Melmetal
|-activate|p1a: Melmetal|move: Protect
|
|-heal|p1a: Melmetal|77/100|[from] item: Leftovers
|-damage|p2a: Moltres|7/100 tox|[from] psn
|upkeep
|turn|10
|
|t:|1641740232
|switch|p1a: Toxapex|Toxapex, M, shiny|64/100
|move|p2a: Moltres|Fiery Wrath|p1a: Toxapex
|-damage|p1a: Toxapex|31/100
|
|-damage|p2a: Moltres|0 fnt|[from] psn
|faint|p2a: Moltres
|upkeep
|
|t:|1641740234
|switch|p2a: Garchomp|Garchomp, F|100/100
|turn|11
|
|t:|1641740238
|switch|p1a: Tornadus|Tornadus-Therian, M, shiny|100/100
|move|p2a: Garchomp|Earthquake|p1a: Tornadus
|-immune|p1a: Tornadus
|
|upkeep
|turn|12
|
|t:|1641740243
|move|p1a: Tornadus|U-turn|p2a: Garchomp
|-damage|p2a: Garchomp|87/100
|-damage|p1a: Tornadus|88/100|[from] ability: Rough Skin|[of] p2a: Garchomp
|
|t:|1641740244
|switch|p1a: Weavile|Weavile, F, shiny|100/100|[from]move: U-turn
|-ability|p1a: Weavile|Pressure
|move|p2a: Garchomp|Scale Shot|p1a: Weavile
|-damage|p1a: Weavile|79/100
|-damage|p1a: Weavile|58/100
|-hitcount|p1a: Weavile|2
|-unboost|p2a: Garchomp|def|1
|-boost|p2a: Garchomp|spe|1
|
|-heal|p2a: Garchomp|93/100|[from] item: Leftovers
|upkeep
|turn|13
|
|t:|1641740249
|switch|p2a: Cloyster|Cloyster, F|100/100
|move|p1a: Weavile|Ice Shard|p2a: Cloyster
|-resisted|p2a: Cloyster
|-damage|p2a: Cloyster|97/100
|
|upkeep
|turn|14
|
|t:|1641740252
|switch|p1a: Toxapex|Toxapex, M, shiny|64/100
|switch|p2a: Garchomp|Garchomp, F|93/100
|
|-heal|p2a: Garchomp|99/100|[from] item: Leftovers
|upkeep
|turn|15
|
|t:|1641740257
|switch|p1a: Landorus|Landorus-Therian, M, shiny|26/100
|-ability|p1a: Landorus|Intimidate|boost
|-unboost|p2a: Garchomp|atk|1
|move|p2a: Garchomp|Swords Dance|p2a: Garchomp
|-boost|p2a: Garchomp|atk|2
|
|-heal|p2a: Garchomp|100/100|[from] item: Leftovers
|-heal|p1a: Landorus|32/100|[from] item: Leftovers
|upkeep
|turn|16
|
|t:|1641740263
|move|p2a: Garchomp|Scale Shot|p1a: Landorus
|-damage|p1a: Landorus|13/100
|-damage|p1a: Landorus|0 fnt
|faint|p1a: Landorus
|-hitcount|p1: Landorus|2
|-unboost|p2a: Garchomp|def|1
|-boost|p2a: Garchomp|spe|1
|
|upkeep
|
|t:|1641740267
|switch|p1a: Weavile|Weavile, F, shiny|58/100
|-ability|p1a: Weavile|Pressure
|turn|17
|
|t:|1641740278
|switch|p2a: Cloyster|Cloyster, F|97/100
|move|p1a: Weavile|Ice Shard|p2a: Cloyster
|-resisted|p2a: Cloyster
|-damage|p2a: Cloyster|93/100
|
|upkeep
|turn|18
|
|t:|1641740291
|switch|p1a: Toxapex|Toxapex, M, shiny|98/100
|move|p2a: Cloyster|Pin Missile|p1a: Toxapex|[miss]
|-miss|p2a: Cloyster|p1a: Toxapex
|
|upkeep
|turn|19
|
|t:|1641740295
|switch|p2a: Dragapult|Dragapult, M|100/100
|move|p1a: Toxapex|Scald|p2a: Dragapult
|-resisted|p2a: Dragapult
|-crit|p2a: Dragapult
|-damage|p2a: Dragapult|84/100
|-status|p2a: Dragapult|brn
|
|-damage|p2a: Dragapult|78/100 brn|[from] brn
|upkeep
|turn|20
|
|t:|1641740299
|switch|p1a: Melmetal|Melmetal, shiny|77/100
|move|p2a: Dragapult|Dragon Dance|p2a: Dragapult
|-boost|p2a: Dragapult|atk|1
|-boost|p2a: Dragapult|spe|1
|
|-heal|p1a: Melmetal|83/100|[from] item: Leftovers
|-damage|p2a: Dragapult|72/100 brn|[from] brn
|upkeep
|turn|21
|
|t:|1641740302
|move|p2a: Dragapult|Phantom Force||[still]
|-prepare|p2a: Dragapult|Phantom Force
|move|p1a: Melmetal|Double Iron Bash|p2a: Dragapult|[miss]
|-miss|p1a: Melmetal|p2a: Dragapult
|
|-heal|p1a: Melmetal|89/100|[from] item: Leftovers
|-damage|p2a: Dragapult|66/100 brn|[from] brn
|upkeep
|turn|22
|
|t:|1641740304
|move|p2a: Dragapult|Phantom Force|p1a: Melmetal|[from]lockedmove
|-damage|p1a: Melmetal|69/100
|move|p1a: Melmetal|Double Iron Bash|p2a: Dragapult
|-damage|p2a: Dragapult|7/100 brn
|-damage|p2a: Dragapult|0 fnt
|faint|p2a: Dragapult
|-hitcount|p2: Dragapult|2
|
|-heal|p1a: Melmetal|75/100|[from] item: Leftovers
|upkeep
|
|t:|1641740308
|switch|p2a: Garchomp|Garchomp, F|100/100
|turn|23
|
|t:|1641740314
|move|p2a: Garchomp|Earthquake|p1a: Melmetal
|-supereffective|p1a: Melmetal
|-damage|p1a: Melmetal|17/100
|move|p1a: Melmetal|Toxic|p2a: Garchomp
|-status|p2a: Garchomp|tox
|
|-heal|p1a: Melmetal|23/100|[from] item: Leftovers
|-damage|p2a: Garchomp|94/100 tox|[from] psn
|upkeep
|turn|24
|
|t:|1641740317
|switch|p1a: Weavile|Weavile, F, shiny|58/100
|-ability|p1a: Weavile|Pressure
|move|p2a: Garchomp|Swords Dance|p2a: Garchomp
|-boost|p2a: Garchomp|atk|2
|
|-heal|p2a: Garchomp|100/100 tox|[from] item: Leftovers
|-damage|p2a: Garchomp|88/100 tox|[from] psn
|upkeep
|turn|25
|
|t:|1641740321
|switch|p2a: Cloyster|Cloyster, F|93/100
|move|p1a: Weavile|Low Kick|p2a: Cloyster
|-supereffective|p2a: Cloyster
|-damage|p2a: Cloyster|34/100
|
|upkeep
|turn|26
|
|t:|1641740328
|switch|p2a: Kartana|Kartana|100/100
|move|p1a: Weavile|Low Kick|p2a: Kartana
|-supereffective|p2a: Kartana
|-damage|p2a: Kartana|84/100
|
|upkeep
|turn|27
|
|t:|1641740333
|switch|p2a: Garchomp|Garchomp, F|88/100 tox
|switch|p1a: Tornadus|Tornadus-Therian, M, shiny|100/100
|
|-heal|p2a: Garchomp|94/100 tox|[from] item: Leftovers
|-damage|p2a: Garchomp|88/100 tox|[from] psn
|upkeep
|turn|28
|
|t:|1641740339
|move|p1a: Tornadus|Hurricane|p2a: Garchomp
|-damage|p2a: Garchomp|47/100 tox
|move|p2a: Garchomp|Swords Dance|p2a: Garchomp
|-boost|p2a: Garchomp|atk|2
|
|-heal|p2a: Garchomp|53/100 tox|[from] item: Leftovers
|-damage|p2a: Garchomp|41/100 tox|[from] psn
|upkeep
|turn|29
|
|t:|1641740343
|move|p1a: Tornadus|U-turn|p2a: Garchomp
|-damage|p2a: Garchomp|25/100 tox
|-damage|p1a: Tornadus|88/100|[from] ability: Rough Skin|[of] p2a: Garchomp
|
|t:|1641740345
|switch|p1a: Melmetal|Melmetal, shiny|23/100|[from]move: U-turn
|move|p2a: Garchomp|Scale Shot|p1a: Melmetal
|-resisted|p1a: Melmetal
|-damage|p1a: Melmetal|16/100
|-resisted|p1a: Melmetal
|-damage|p1a: Melmetal|8/100
|-resisted|p1a: Melmetal
|-damage|p1a: Melmetal|0 fnt
|faint|p1a: Melmetal
|-hitcount|p1: Melmetal|3
|-unboost|p2a: Garchomp|def|1
|-boost|p2a: Garchomp|spe|1
|
|-heal|p2a: Garchomp|31/100 tox|[from] item: Leftovers
|-damage|p2a: Garchomp|13/100 tox|[from] psn
|upkeep
|
|t:|1641740346
|switch|p1a: Weavile|Weavile, F, shiny|58/100
|-ability|p1a: Weavile|Pressure
|turn|30
|
|t:|1641740349
|switch|p2a: Kartana|Kartana|84/100
|move|p1a: Weavile|Ice Shard|p2a: Kartana
|-damage|p2a: Kartana|63/100
|
|upkeep
|turn|31
|inactive|SL21CC ginko has 120 seconds left.
|
|t:|1641740380
|switch|p1a: Tornadus|Tornadus-Therian, M, shiny|100/100
|move|p2a: Kartana|Knock Off|p1a: Tornadus
|-damage|p1a: Tornadus|51/100
|-enditem|p1a: Tornadus|Heavy-Duty Boots|[from] move: Knock Off|[of] p2a: Kartana
|
|upkeep
|turn|32
|
|t:|1641740386
|move|p2a: Kartana|Knock Off|p1a: Tornadus
|-damage|p1a: Tornadus|21/100
|move|p1a: Tornadus|Hurricane|p2a: Kartana
|-damage|p2a: Kartana|0 fnt
|faint|p2a: Kartana
|
|upkeep
|-message|SL21CC ginko forfeited.
|
|win|sl21cc enfalleba
|raw|sl21cc enfalleba's rating: 1245 &rarr; <strong>1264</strong><br />(+19 for winning)
|raw|SL21CC ginko's rating: 1322 &rarr; <strong>1303</strong><br />(-19 for losing)
|c|☆sl21cc enfalleba|gg
|l|☆SL21CC ginko
|l|☆sl21cc enfalleba
|l| SL21CCCHINESENGEIL
|l| pokonghanbingkan
|j| Mist Dispersion
|n|♚The Steel Shadow|mistdispersion
|l| water GH0ST
|l| sl21cckhl
