|raw|<div class="broadcast-blue"><strong>This battle is required to be public due to a player having a name starting with 'sl21cc'.</div>
|j|☆dragonitenb
|j|☆SL21CC KFC嫩牛五方
|t:|1641822887
|gametype|singles
|player|p1|dragonitenb|feida.png|1312
|player|p2|SL21CC KFC嫩牛五方|baker|1342
|teamsize|p1|6
|teamsize|p2|6
|gen|8
|tier|[Gen 8] OU
|rated|
|rule|Sleep Clause Mod: Limit one foe put to sleep
|rule|Species Clause: Limit one of each Pokémon
|rule|OHKO Clause: OHKO moves are banned
|rule|Evasion Moves Clause: Evasion moves are banned
|rule|Endless Battle Clause: Forcing endless battles is banned
|rule|HP Percentage Mod: HP is shown in percentages
|rule|Dynamax Clause: You cannot dynamax
|clearpoke
|poke|p1|Garchomp, M|
|poke|p1|Aegislash, F|
|poke|p1|Urshifu-*, M|
|poke|p1|Moltres-Galar|
|poke|p1|Pelipper, M|
|poke|p1|Kartana|
|poke|p2|Dragapult, F|
|poke|p2|Bisharp, M|
|poke|p2|Landorus-Therian, M|
|poke|p2|Ferrothorn, M|
|poke|p2|Blissey, F|
|poke|p2|Urshifu-*, M|
|teampreview
|j| sl21cc ryekie
|
|t:|1641822899
|start
|switch|p1a: Kartana|Kartana|100/100
|switch|p2a: Dragapult|Dragapult, F|100/100
|turn|1
|
|t:|1641822909
|switch|p1a: Garchomp|Garchomp, M|100/100
|move|p2a: Dragapult|Flamethrower|p1a: Garchomp
|-resisted|p1a: Garchomp
|-damage|p1a: Garchomp|83/100
|
|upkeep
|turn|2
|j|♚Master Origami♕
|j| SL21CCC徐坤
|
|t:|1641822912
|switch|p2a: Landorus|Landorus-Therian, M|100/100
|-ability|p2a: Landorus|Intimidate|boost
|-unboost|p1a: Garchomp|atk|1
|move|p1a: Garchomp|Stealth Rock|p2a: Landorus
|-sidestart|p2: SL21CC KFC嫩牛五方|move: Stealth Rock
|
|upkeep
|turn|3
|
|t:|1641822914
|move|p1a: Garchomp|Toxic|p2a: Landorus
|-status|p2a: Landorus|tox
|move|p2a: Landorus|Stealth Rock|p1a: Garchomp
|-sidestart|p1: dragonitenb|move: Stealth Rock
|
|-damage|p2a: Landorus|94/100 tox|[from] psn
|upkeep
|turn|4
|
|t:|1641822919
|switch|p1a: Pelipper|Pelipper, M|100/100
|-damage|p1a: Pelipper|76/100|[from] Stealth Rock
|-weather|RainDance|[from] ability: Drizzle|[of] p1a: Pelipper
|move|p2a: Landorus|Earthquake|p1a: Pelipper
|-immune|p1a: Pelipper
|
|-weather|RainDance|[upkeep]
|-damage|p2a: Landorus|82/100 tox|[from] psn
|upkeep
|turn|5
|j| rffydsdhh
|
|t:|1641822926
|switch|p2a: Blissey|Blissey, F|100/100
|move|p1a: Pelipper|Weather Ball|p2a: Blissey
|-damage|p2a: Blissey|65/100
|
|-weather|RainDance|[upkeep]
|upkeep
|turn|6
|
|t:|1641822929
|switch|p1a: Urshifu|Urshifu-Rapid-Strike, M|100/100
|-damage|p1a: Urshifu|94/100|[from] Stealth Rock
|move|p2a: Blissey|Soft-Boiled|p2a: Blissey
|-heal|p2a: Blissey|100/100
|
|-weather|RainDance|[upkeep]
|upkeep
|turn|7
|j| adreamew
|
|t:|1641822937
|switch|p2a: Ferrothorn|Ferrothorn, M|100/100
|-damage|p2a: Ferrothorn|95/100|[from] Stealth Rock
|move|p1a: Urshifu|Surging Strikes|p2a: Ferrothorn
|-resisted|p2a: Ferrothorn
|-crit|p2a: Ferrothorn
|-damage|p2a: Ferrothorn|86/100
|-activate|p2a: Ferrothorn|ability: Iron Barbs
|-activate|p1a: Urshifu|item: Protective Pads
|-resisted|p2a: Ferrothorn
|-crit|p2a: Ferrothorn
|-damage|p2a: Ferrothorn|76/100
|-activate|p2a: Ferrothorn|ability: Iron Barbs
|-activate|p1a: Urshifu|item: Protective Pads
|-resisted|p2a: Ferrothorn
|-crit|p2a: Ferrothorn
|-damage|p2a: Ferrothorn|68/100
|-activate|p2a: Ferrothorn|ability: Iron Barbs
|-activate|p1a: Urshifu|item: Protective Pads
|-hitcount|p2a: Ferrothorn|3
|
|-weather|RainDance|[upkeep]
|-heal|p2a: Ferrothorn|74/100|[from] item: Leftovers
|upkeep
|turn|8
|
|t:|1641822943
|switch|p2a: Dragapult|Dragapult, F|100/100
|-damage|p2a: Dragapult|88/100|[from] Stealth Rock
|move|p1a: Urshifu|Surging Strikes|p2a: Dragapult
|-resisted|p2a: Dragapult
|-crit|p2a: Dragapult
|-damage|p2a: Dragapult|67/100
|-resisted|p2a: Dragapult
|-crit|p2a: Dragapult
|-damage|p2a: Dragapult|47/100
|-resisted|p2a: Dragapult
|-crit|p2a: Dragapult
|-damage|p2a: Dragapult|26/100
|-hitcount|p2a: Dragapult|3
|
|-weather|none
|upkeep
|turn|9
|
|t:|1641822954
|switch|p1a: Pelipper|Pelipper, M|76/100
|-damage|p1a: Pelipper|51/100|[from] Stealth Rock
|-weather|RainDance|[from] ability: Drizzle|[of] p1a: Pelipper
|move|p2a: Dragapult|Shadow Ball|p1a: Pelipper
|-damage|p1a: Pelipper|0 fnt
|faint|p1a: Pelipper
|
|-weather|RainDance|[upkeep]
|upkeep
|
|t:|1641822957
|switch|p1a: Moltres|Moltres-Galar|100/100
|turn|10
|
|t:|1641822964
|switch|p2a: Bisharp|Bisharp, M, shiny|100/100
|-damage|p2a: Bisharp|95/100|[from] Stealth Rock
|switch|p1a: Urshifu|Urshifu-Rapid-Strike, M|94/100
|-damage|p1a: Urshifu|88/100|[from] Stealth Rock
|
|-weather|RainDance|[upkeep]
|upkeep
|turn|11
|j| sl21cckhl
|
|t:|1641822974
|move|p2a: Bisharp|Sucker Punch|p1a: Urshifu
|-resisted|p1a: Urshifu
|-damage|p1a: Urshifu|65/100
|move|p1a: Urshifu|Surging Strikes|p2a: Bisharp
|-crit|p2a: Bisharp
|-damage|p2a: Bisharp|58/100
|-crit|p2a: Bisharp
|-damage|p2a: Bisharp|21/100
|-crit|p2a: Bisharp
|-damage|p2a: Bisharp|0 fnt
|faint|p2a: Bisharp
|-hitcount|p2: Bisharp|3
|
|-weather|RainDance|[upkeep]
|upkeep
|
|t:|1641822977
|switch|p2a: Urshifu|Urshifu-Rapid-Strike, M|100/100
|-damage|p2a: Urshifu|94/100|[from] Stealth Rock
|turn|12
|
|t:|1641822982
|switch|p1a: Garchomp|Garchomp, M|83/100
|-damage|p1a: Garchomp|76/100|[from] Stealth Rock
|move|p2a: Urshifu|Surging Strikes|p1a: Garchomp
|-crit|p1a: Garchomp
|-damage|p1a: Garchomp|46/100
|-damage|p2a: Urshifu|82/100|[from] ability: Rough Skin|[of] p1a: Garchomp
|-damage|p2a: Urshifu|66/100|[from] item: Rocky Helmet|[of] p1a: Garchomp
|-crit|p1a: Garchomp
|-damage|p1a: Garchomp|18/100
|-damage|p2a: Urshifu|53/100|[from] ability: Rough Skin|[of] p1a: Garchomp
|-damage|p2a: Urshifu|37/100|[from] item: Rocky Helmet|[of] p1a: Garchomp
|-crit|p1a: Garchomp
|-damage|p1a: Garchomp|0 fnt
|-damage|p2a: Urshifu|25/100|[from] ability: Rough Skin|[of] p1a: Garchomp
|-damage|p2a: Urshifu|8/100|[from] item: Rocky Helmet|[of] p1a: Garchomp
|faint|p1a: Garchomp
|-hitcount|p1: Garchomp|3
|
|-weather|RainDance|[upkeep]
|upkeep
|
|t:|1641822989
|switch|p1a: Kartana|Kartana|100/100
|-damage|p1a: Kartana|94/100|[from] Stealth Rock
|turn|13
|
|t:|1641822992
|switch|p2a: Ferrothorn|Ferrothorn, M|74/100
|-damage|p2a: Ferrothorn|68/100|[from] Stealth Rock
|move|p1a: Kartana|Knock Off|p2a: Ferrothorn
|-damage|p2a: Ferrothorn|41/100
|-damage|p1a: Kartana|82/100|[from] ability: Iron Barbs|[of] p2a: Ferrothorn
|-enditem|p2a: Ferrothorn|Leftovers|[from] move: Knock Off|[of] p1a: Kartana
|
|-weather|none
|upkeep
|turn|14
|
|t:|1641822997
|switch|p1a: Aegislash|Aegislash, F|100/100
|-damage|p1a: Aegislash|94/100|[from] Stealth Rock
|move|p2a: Ferrothorn|Leech Seed|p1a: Aegislash
|-start|p1a: Aegislash|move: Leech Seed
|
|-damage|p1a: Aegislash|82/100|[from] Leech Seed|[of] p2a: Ferrothorn
|-heal|p2a: Ferrothorn|50/100|[silent]
|upkeep
|turn|15
|
|t:|1641823001
|switch|p2a: Landorus|Landorus-Therian, M|82/100 tox
|-damage|p2a: Landorus|70/100 tox|[from] Stealth Rock
|-ability|p2a: Landorus|Intimidate|boost
|-unboost|p1a: Aegislash|atk|1
|-formechange|p1a: Aegislash|Aegislash-Blade||[from] ability: Stance Change
|move|p1a: Aegislash|Shadow Ball|p2a: Landorus
|-damage|p2a: Landorus|0 fnt
|faint|p2a: Landorus
|
|upkeep
|j| Mist Dispersion
|
|t:|1641823004
|switch|p2a: Blissey|Blissey, F|100/100
|turn|16
|j| jiokopg_fkok43
|
|t:|1641823011
|switch|p1a: Kartana|Kartana|82/100
|-damage|p1a: Kartana|76/100|[from] Stealth Rock
|move|p2a: Blissey|Teleport|p2a: Blissey
|
|t:|1641823013
|switch|p2a: Dragapult|Dragapult, F|26/100|[from]move: Teleport
|-damage|p2a: Dragapult|13/100|[from] Stealth Rock
|
|upkeep
|turn|17
|
|t:|1641823017
|move|p1a: Kartana|Knock Off|p2a: Dragapult
|-supereffective|p2a: Dragapult
|-damage|p2a: Dragapult|0 fnt
|-enditem|p2a: Dragapult|Choice Specs|[from] move: Knock Off|[of] p1a: Kartana
|faint|p2a: Dragapult
|-ability|p1a: Kartana|Beast Boost|boost
|-boost|p1a: Kartana|atk|1
|
|upkeep
|-message|SL21CC KFC嫩牛五方 forfeited.
|
|win|dragonitenb
|raw|dragonitenb's rating: 1312 &rarr; <strong>1330</strong><br />(+18 for winning)
|raw|SL21CC KFC嫩牛五方's rating: 1342 &rarr; <strong>1324</strong><br />(-18 for losing)
|l|☆SL21CC KFC嫩牛五方
|j| SL22CC 蜜雪冰城
