|raw|<div class="broadcast-blue"><strong>This battle is required to be public due to a player having a name starting with 'sl21cc'.</div>
|j|☆SL21CC KFC嫩牛五方
|j|☆SL21CC N1Daye
|t:|1641824107
|gametype|singles
|player|p1|SL21CC KFC嫩牛五方|baker|1269
|player|p2|SL21CC N1Daye|265|1204
|teamsize|p1|6
|teamsize|p2|6
|gen|8
|tier|[Gen 8] OU
|rated|
|rule|Sleep Clause Mod: Limit one foe put to sleep
|rule|Species Clause: Limit one of each Pokémon
|rule|OHKO Clause: OHKO moves are banned
|rule|Evasion Moves Clause: Evasion moves are banned
|rule|Endless Battle Clause: Forcing endless battles is banned
|rule|HP Percentage Mod: HP is shown in percentages
|rule|Dynamax Clause: You cannot dynamax
|clearpoke
|poke|p1|Melmetal|
|poke|p1|Cresselia, F|
|poke|p1|Crawdaunt, M|
|poke|p1|Hatterene, F|
|poke|p1|Porygon2|
|poke|p1|Marowak-Alola, M|
|poke|p2|Tapu Fini|
|poke|p2|Melmetal|
|poke|p2|Hawlucha, M|
|poke|p2|Weavile, F|
|poke|p2|Zeraora|
|poke|p2|Dragonite, M|
|teampreview
|j| SL21CC tangkeke
|j| SL21CC 91舒先生
|
|t:|1641824115
|start
|switch|p1a: Marowak|Marowak-Alola, M|100/100
|switch|p2a: Melmetal|Melmetal|100/100
|turn|1
|j|+dragonitenb
|
|t:|1641824127
|switch|p2a: Dragonite|Dragonite, M|100/100
|move|p1a: Marowak|Flare Blitz|p2a: Dragonite
|-resisted|p2a: Dragonite
|-damage|p2a: Dragonite|86/100
|
|upkeep
|turn|2
|
|t:|1641824132
|move|p2a: Dragonite|Earthquake|p1a: Marowak
|-supereffective|p1a: Marowak
|-damage|p1a: Marowak|40/100
|move|p1a: Marowak|Poltergeist|p2a: Dragonite|[miss]
|-miss|p1a: Marowak|p2a: Dragonite
|
|upkeep
|turn|3
|j| sl21cc vogut
|
|t:|1641824138
|switch|p1a: Hatterene|Hatterene, F|100/100
|move|p2a: Dragonite|Earthquake|p1a: Hatterene
|-crit|p1a: Hatterene
|-damage|p1a: Hatterene|67/100
|
|upkeep
|turn|4
|j| adreamew
|
|t:|1641824143
|switch|p2a: Melmetal|Melmetal|100/100
|move|p1a: Hatterene|Trick Room|p1a: Hatterene
|-fieldstart|move: Trick Room|[of] p1a: Hatterene
|
|upkeep
|turn|5
|j| Tokyo EZ
|
|t:|1641824154
|switch|p2a: Dragonite|Dragonite, M|86/100
|move|p1a: Hatterene|Healing Wish|p1a: Hatterene
|faint|p1a: Hatterene
|
|upkeep
|
|t:|1641824155
|switch|p1a: Marowak|Marowak-Alola, M|40/100
|-heal|p1a: Marowak|100/100|[from] move: Healing Wish
|turn|6
|
|t:|1641824158
|move|p1a: Marowak|Swords Dance|p1a: Marowak
|-boost|p1a: Marowak|atk|2
|move|p2a: Dragonite|Earthquake|p1a: Marowak
|-supereffective|p1a: Marowak
|-damage|p1a: Marowak|45/100
|
|upkeep
|turn|7
|j| jiokopg_fkok43
|
|t:|1641824162
|move|p1a: Marowak|Poltergeist|p2a: Dragonite
|-activate|p2a: Dragonite|move: Poltergeist|Heavy-Duty Boots
|-damage|p2a: Dragonite|0 fnt
|faint|p2a: Dragonite
|
|upkeep
|l|+dragonitenb
|
|t:|1641824170
|switch|p2a: Tapu Fini|Tapu Fini|100/100
|-fieldstart|move: Misty Terrain|[from] ability: Misty Surge|[of] p2a: Tapu Fini
|turn|8
|j|+dragonitenb
|j| SL21CC sadfrog
|j| 66yy壶壶天王
|
|t:|1641824181
|move|p1a: Marowak|Poltergeist|p2a: Tapu Fini
|-activate|p2a: Tapu Fini|move: Poltergeist|Leftovers
|-damage|p2a: Tapu Fini|0 fnt
|faint|p2a: Tapu Fini
|
|-fieldend|move: Trick Room
|upkeep
|
|t:|1641824183
|switch|p2a: Hawlucha|Hawlucha, M|100/100
|-enditem|p2a: Hawlucha|Misty Seed
|-boost|p2a: Hawlucha|spd|1|[from] item: Misty Seed
|turn|9
|
|t:|1641824187
|switch|p1a: Cresselia|Cresselia, F|100/100
|move|p2a: Hawlucha|Acrobatics|p1a: Cresselia
|-damage|p1a: Cresselia|76/100
|
|upkeep
|turn|10
|
|t:|1641824191
|move|p2a: Hawlucha|Swords Dance|p2a: Hawlucha
|-boost|p2a: Hawlucha|atk|2
|move|p1a: Cresselia|Trick Room|p1a: Cresselia
|-fieldstart|move: Trick Room|[of] p1a: Cresselia
|
|upkeep
|turn|11
|
|t:|1641824201
|switch|p1a: Melmetal|Melmetal|100/100
|move|p2a: Hawlucha|Encore||[still]
|-fail|p2a: Hawlucha
|
|upkeep
|turn|12
|
|t:|1641824203
|move|p1a: Melmetal|Double Iron Bash|p2a: Hawlucha
|-damage|p2a: Hawlucha|0 fnt
|faint|p2a: Hawlucha
|-hitcount|p2: Hawlucha|1
|
|-fieldend|Misty Terrain
|upkeep
|
|t:|1641824207
|switch|p2a: Zeraora|Zeraora|100/100
|turn|13
|j| sl21cc ryekie
|
|t:|1641824212
|move|p1a: Melmetal|Double Iron Bash|p2a: Zeraora
|-resisted|p2a: Zeraora
|-damage|p2a: Zeraora|53/100
|-resisted|p2a: Zeraora
|-damage|p2a: Zeraora|10/100
|-hitcount|p2a: Zeraora|2
|cant|p2a: Zeraora|flinch
|
|upkeep
|turn|14
|
|t:|1641824215
|switch|p2a: Melmetal|Melmetal|100/100
|move|p1a: Melmetal|Double Iron Bash|p2a: Melmetal
|-resisted|p2a: Melmetal
|-damage|p2a: Melmetal|80/100
|-resisted|p2a: Melmetal
|-damage|p2a: Melmetal|59/100
|-hitcount|p2a: Melmetal|2
|
|-fieldend|move: Trick Room
|upkeep
|turn|15
|j|♚Master Origami♕
|
|t:|1641824218
|move|p2a: Melmetal|Thunder Wave|p1a: Melmetal
|-status|p1a: Melmetal|par
|move|p1a: Melmetal|Double Iron Bash|p2a: Melmetal
|-resisted|p2a: Melmetal
|-damage|p2a: Melmetal|39/100
|-resisted|p2a: Melmetal
|-crit|p2a: Melmetal
|-damage|p2a: Melmetal|12/100
|-hitcount|p2a: Melmetal|2
|
|upkeep
|turn|16
|
|t:|1641824222
|move|p2a: Melmetal|Superpower|p1a: Melmetal
|-supereffective|p1a: Melmetal
|-damage|p1a: Melmetal|46/100 par
|-unboost|p2a: Melmetal|atk|1
|-unboost|p2a: Melmetal|def|1
|cant|p1a: Melmetal|par
|
|upkeep
|turn|17
|
|t:|1641824226
|move|p2a: Melmetal|Double Iron Bash|p1a: Melmetal
|-resisted|p1a: Melmetal
|-damage|p1a: Melmetal|38/100 par
|-resisted|p1a: Melmetal
|-damage|p1a: Melmetal|31/100 par
|-hitcount|p1a: Melmetal|2
|cant|p1a: Melmetal|flinch
|
|upkeep
|turn|18
|
|t:|1641824228
|move|p2a: Melmetal|Double Iron Bash|p1a: Melmetal
|-resisted|p1a: Melmetal
|-damage|p1a: Melmetal|23/100 par
|-resisted|p1a: Melmetal
|-damage|p1a: Melmetal|14/100 par
|-hitcount|p1a: Melmetal|2
|move|p1a: Melmetal|Double Iron Bash|p2a: Melmetal
|-resisted|p2a: Melmetal
|-damage|p2a: Melmetal|0 fnt
|faint|p2a: Melmetal
|-hitcount|p2: Melmetal|1
|
|upkeep
|
|t:|1641824231
|switch|p2a: Weavile|Weavile, F|100/100
|-ability|p2a: Weavile|Pressure
|turn|19
|
|t:|1641824235
|move|p2a: Weavile|Swords Dance|p2a: Weavile
|-boost|p2a: Weavile|atk|2
|move|p1a: Melmetal|Double Iron Bash|p2a: Weavile
|-supereffective|p2a: Weavile
|-damage|p2a: Weavile|0 fnt
|faint|p2a: Weavile
|-hitcount|p2: Weavile|1
|
|upkeep
|
|t:|1641824237
|switch|p2a: Zeraora|Zeraora|10/100
|turn|20
|
|t:|1641824239
|move|p2a: Zeraora|Bulk Up|p2a: Zeraora
|-boost|p2a: Zeraora|atk|1
|-boost|p2a: Zeraora|def|1
|move|p1a: Melmetal|Double Iron Bash|p2a: Zeraora
|-resisted|p2a: Zeraora
|-damage|p2a: Zeraora|0 fnt
|faint|p2a: Zeraora
|-hitcount|p2: Zeraora|1
|
|win|SL21CC KFC嫩牛五方
|raw|SL21CC KFC嫩牛五方's rating: 1287 &rarr; <strong>1299</strong><br />(+12 for winning)
|raw|SL21CC N1Daye's rating: 1204 &rarr; <strong>1192</strong><br />(-12 for losing)
|l|☆SL21CC N1Daye
|l|☆SL21CC KFC嫩牛五方
|l|♚Master Origami♕
|l|+dragonitenb
|l| SL21CC tangkeke
|l| 66yy壶壶天王
|l| jiokopg_fkok43
|l| Tokyo EZ
