|raw|<div class="broadcast-blue"><strong>This battle is required to be public due to a player having a name starting with 'sl21cc'.</div>
|j|☆sl21cc jialing
|j|☆SL21CC Pu xinnv
|t:|1641738515
|gametype|singles
|player|p1|sl21cc jialing|bellelba|1296
|player|p2|SL21CC Pu xinnv|bellelba|1230
|teamsize|p1|6
|teamsize|p2|6
|gen|8
|tier|[Gen 8] OU
|rated|
|rule|Sleep Clause Mod: Limit one foe put to sleep
|rule|Species Clause: Limit one of each Pokémon
|rule|OHKO Clause: OHKO moves are banned
|rule|Evasion Moves Clause: Evasion moves are banned
|rule|Endless Battle Clause: Forcing endless battles is banned
|rule|HP Percentage Mod: HP is shown in percentages
|rule|Dynamax Clause: You cannot dynamax
|clearpoke
|poke|p1|Ninetales-Alola, M|
|poke|p1|Arctozolt|
|poke|p1|Urshifu-*, F|
|poke|p1|Landorus-Therian, M|
|poke|p1|Slowking, F|
|poke|p1|Tornadus-Therian, M|
|poke|p2|Pelipper, M|
|poke|p2|Zapdos|
|poke|p2|Seismitoad, M|
|poke|p2|Ferrothorn, F|
|poke|p2|Clefable, M|
|poke|p2|Urshifu-*, M|
|teampreview
|j|♚aro nova
|j| irgendwasmitmeeem
|j| SL21CC Mcdonald's
|j| adreamew
|c|☆SL21CC Pu xinnv|hf
|j| tianyutulongwu
|j| water GH0ST
|j| sl21cckhl
|
|t:|1641738538
|start
|switch|p1a: Tornadus|Tornadus-Therian, M|100/100
|switch|p2a: Zapdos|Zapdos|100/100
|turn|1
|j| shandianxuanfengpi
|
|t:|1641738555
|move|p1a: Tornadus|U-turn|p2a: Zapdos
|-resisted|p2a: Zapdos
|-damage|p2a: Zapdos|92/100
|
|t:|1641738559
|switch|p1a: Landorus|Landorus-Therian, M|100/100|[from]move: U-turn
|-ability|p1a: Landorus|Intimidate|boost
|-unboost|p2a: Zapdos|atk|1
|move|p2a: Zapdos|Thunder|p1a: Landorus
|-immune|p1a: Landorus
|
|upkeep
|turn|2
|l| water GH0ST
|
|t:|1641738563
|switch|p2a: Pelipper|Pelipper, M|100/100
|-weather|RainDance|[from] ability: Drizzle|[of] p2a: Pelipper
|move|p1a: Landorus|U-turn|p2a: Pelipper
|-resisted|p2a: Pelipper
|-damage|p2a: Pelipper|92/100
|j| water GH0ST
|
|t:|1641738566
|switch|p1a: Ninetales|Ninetales-Alola, M|100/100|[from]move: U-turn
|-weather|Hail|[from] ability: Snow Warning|[of] p1a: Ninetales
|
|-weather|Hail|[upkeep]
|-damage|p2a: Pelipper|86/100|[from] Hail
|upkeep
|turn|3
|j| SL21CC tangkeke
|j| pokonghanbingkan
|
|t:|1641738571
|switch|p2a: Ferrothorn|Ferrothorn, F|100/100
|move|p1a: Ninetales|Blizzard|p2a: Ferrothorn
|-damage|p2a: Ferrothorn|71/100
|
|-weather|Hail|[upkeep]
|-damage|p2a: Ferrothorn|64/100|[from] Hail
|-heal|p2a: Ferrothorn|71/100|[from] item: Leftovers
|upkeep
|turn|4
|
|t:|1641738577
|switch|p1a: Urshifu|Urshifu-Rapid-Strike, F|100/100
|move|p2a: Ferrothorn|Stealth Rock|p1a: Urshifu
|-sidestart|p1: sl21cc jialing|move: Stealth Rock
|
|-weather|Hail|[upkeep]
|-damage|p1a: Urshifu|94/100|[from] Hail
|-damage|p2a: Ferrothorn|64/100|[from] Hail
|-heal|p2a: Ferrothorn|71/100|[from] item: Leftovers
|upkeep
|turn|5
|j| SL21CC91影先生
|l| SL21CC Mcdonald's
|
|t:|1641738585
|switch|p2a: Clefable|Clefable, M|100/100
|move|p1a: Urshifu|U-turn|p2a: Clefable
|-resisted|p2a: Clefable
|-damage|p2a: Clefable|83/100
|
|t:|1641738589
|switch|p1a: Landorus|Landorus-Therian, M|100/100|[from]move: U-turn
|-damage|p1a: Landorus|88/100|[from] Stealth Rock
|-ability|p1a: Landorus|Intimidate|boost
|-unboost|p2a: Clefable|atk|1
|
|-weather|Hail|[upkeep]
|-damage|p1a: Landorus|82/100|[from] Hail
|-damage|p2a: Clefable|77/100|[from] Hail
|-heal|p1a: Landorus|88/100|[from] item: Leftovers
|upkeep
|turn|6
|j| q201201
|
|t:|1641738595
|switch|p2a: Zapdos|Zapdos|92/100
|move|p1a: Landorus|Defog|p2a: Zapdos
|-unboost|p2a: Zapdos|evasion|1
|-sideend|p1: sl21cc jialing|Stealth Rock|[from] move: Defog|[of] p1a: Landorus
|
|-weather|Hail|[upkeep]
|-damage|p2a: Zapdos|85/100|[from] Hail
|-damage|p1a: Landorus|82/100|[from] Hail
|-heal|p1a: Landorus|88/100|[from] item: Leftovers
|upkeep
|turn|7
|
|t:|1641738602
|switch|p1a: Slowking|Slowking, F|100/100
|move|p2a: Zapdos|Weather Ball|p1a: Slowking
|-resisted|p1a: Slowking
|-damage|p1a: Slowking|88/100
|
|-weather|Hail|[upkeep]
|-damage|p2a: Zapdos|79/100|[from] Hail
|-damage|p1a: Slowking|81/100|[from] Hail
|upkeep
|turn|8
|
|t:|1641738607
|move|p2a: Zapdos|Thunder|p1a: Slowking
|-supereffective|p1a: Slowking
|-damage|p1a: Slowking|0 fnt
|faint|p1a: Slowking
|
|-weather|Hail|[upkeep]
|-damage|p2a: Zapdos|73/100|[from] Hail
|upkeep
|
|t:|1641738617
|switch|p1a: Arctozolt|Arctozolt|100/100
|turn|9
|l| shandianxuanfengpi
|
|t:|1641738626
|switch|p2a: Ferrothorn|Ferrothorn, F|71/100
|move|p1a: Arctozolt|Blizzard|p2a: Ferrothorn
|-damage|p2a: Ferrothorn|46/100
|
|-weather|none
|-heal|p2a: Ferrothorn|52/100|[from] item: Leftovers
|upkeep
|turn|10
|l| sl21cckhl
|j| jingtianlangtaosha
|
|t:|1641738639
|switch|p1a: Urshifu|Urshifu-Rapid-Strike, F|94/100
|switch|p2a: Pelipper|Pelipper, M|86/100
|-weather|RainDance|[from] ability: Drizzle|[of] p2a: Pelipper
|
|-weather|RainDance|[upkeep]
|upkeep
|turn|11
|
|t:|1641738645
|move|p1a: Urshifu|U-turn|p2a: Pelipper
|-resisted|p2a: Pelipper
|-damage|p2a: Pelipper|70/100
|
|t:|1641738648
|switch|p1a: Ninetales|Ninetales-Alola, M|100/100|[from]move: U-turn
|-weather|Hail|[from] ability: Snow Warning|[of] p1a: Ninetales
|move|p2a: Pelipper|U-turn|p1a: Ninetales
|-resisted|p1a: Ninetales
|-damage|p1a: Ninetales|94/100
|
|t:|1641738654
|switch|p2a: Ferrothorn|Ferrothorn, F|52/100|[from]move: U-turn
|
|-weather|Hail|[upkeep]
|-damage|p2a: Ferrothorn|46/100|[from] Hail
|-heal|p2a: Ferrothorn|52/100|[from] item: Leftovers
|upkeep
|turn|12
|
|t:|1641738661
|switch|p1a: Landorus|Landorus-Therian, M|88/100
|-ability|p1a: Landorus|Intimidate|boost
|-unboost|p2a: Ferrothorn|atk|1
|move|p2a: Ferrothorn|Stealth Rock|p1a: Landorus
|-sidestart|p1: sl21cc jialing|move: Stealth Rock
|
|-weather|Hail|[upkeep]
|-damage|p1a: Landorus|82/100|[from] Hail
|-damage|p2a: Ferrothorn|46/100|[from] Hail
|-heal|p1a: Landorus|88/100|[from] item: Leftovers
|-heal|p2a: Ferrothorn|52/100|[from] item: Leftovers
|upkeep
|turn|13
|
|t:|1641738666
|move|p1a: Landorus|Defog|p2a: Ferrothorn
|-unboost|p2a: Ferrothorn|evasion|1
|-sideend|p1: sl21cc jialing|Stealth Rock|[from] move: Defog|[of] p1a: Landorus
|move|p2a: Ferrothorn|Knock Off|p1a: Landorus
|-damage|p1a: Landorus|75/100
|-enditem|p1a: Landorus|Leftovers|[from] move: Knock Off|[of] p2a: Ferrothorn
|
|-weather|Hail|[upkeep]
|-damage|p1a: Landorus|69/100|[from] Hail
|-damage|p2a: Ferrothorn|46/100|[from] Hail
|-heal|p2a: Ferrothorn|52/100|[from] item: Leftovers
|upkeep
|turn|14
|
|t:|1641738672
|move|p1a: Landorus|Earthquake|p2a: Ferrothorn
|-damage|p2a: Ferrothorn|18/100
|move|p2a: Ferrothorn|Stealth Rock|p1a: Landorus
|-sidestart|p1: sl21cc jialing|move: Stealth Rock
|
|-weather|Hail|[upkeep]
|-damage|p1a: Landorus|63/100|[from] Hail
|-damage|p2a: Ferrothorn|11/100|[from] Hail
|-heal|p2a: Ferrothorn|18/100|[from] item: Leftovers
|upkeep
|turn|15
|
|t:|1641738675
|switch|p2a: Zapdos|Zapdos|73/100
|move|p1a: Landorus|Defog|p2a: Zapdos
|-unboost|p2a: Zapdos|evasion|1
|-sideend|p1: sl21cc jialing|Stealth Rock|[from] move: Defog|[of] p1a: Landorus
|
|-weather|Hail|[upkeep]
|-damage|p2a: Zapdos|67/100|[from] Hail
|-damage|p1a: Landorus|57/100|[from] Hail
|upkeep
|turn|16
|j| 9skythunderouskick
|
|t:|1641738681
|move|p2a: Zapdos|Weather Ball|p1a: Landorus
|-supereffective|p1a: Landorus
|-damage|p1a: Landorus|0 fnt
|faint|p1a: Landorus
|
|-weather|Hail|[upkeep]
|-damage|p2a: Zapdos|61/100|[from] Hail
|upkeep
|
|t:|1641738686
|switch|p1a: Arctozolt|Arctozolt|100/100
|turn|17
|
|t:|1641738719
|switch|p2a: Ferrothorn|Ferrothorn, F|18/100
|move|p1a: Arctozolt|Blizzard|p2a: Ferrothorn
|-damage|p2a: Ferrothorn|0 fnt
|faint|p2a: Ferrothorn
|
|-weather|Hail|[upkeep]
|upkeep
|
|t:|1641738721
|switch|p2a: Clefable|Clefable, M|77/100
|turn|18
|j| sl21cckhl
|
|t:|1641738735
|move|p1a: Arctozolt|Bolt Beak|p2a: Clefable
|-damage|p2a: Clefable|7/100
|move|p2a: Clefable|Soft-Boiled|p2a: Clefable
|-heal|p2a: Clefable|57/100
|
|-weather|none
|upkeep
|turn|19
|
|t:|1641738744
|move|p1a: Arctozolt|Bolt Beak|p2a: Clefable
|-damage|p2a: Clefable|0 fnt
|faint|p2a: Clefable
|
|upkeep
|
|t:|1641738750
|switch|p2a: Urshifu|Urshifu-Rapid-Strike, M|100/100
|turn|20
|l| irgendwasmitmeeem
|
|t:|1641738755
|switch|p1a: Tornadus|Tornadus-Therian, M|100/100
|move|p2a: Urshifu|Surging Strikes|p1a: Tornadus
|-crit|p1a: Tornadus
|-damage|p1a: Tornadus|71/100
|-crit|p1a: Tornadus
|-damage|p1a: Tornadus|43/100
|-crit|p1a: Tornadus
|-damage|p1a: Tornadus|11/100
|-hitcount|p1a: Tornadus|3
|
|upkeep
|turn|21
|
|t:|1641738775
|switch|p2a: Pelipper|Pelipper, M|70/100
|-weather|RainDance|[from] ability: Drizzle|[of] p2a: Pelipper
|move|p1a: Tornadus|Hurricane|p2a: Pelipper
|-damage|p2a: Pelipper|10/100
|
|-weather|RainDance|[upkeep]
|upkeep
|turn|22
|
|t:|1641738787
|move|p1a: Tornadus|Hurricane|p2a: Pelipper
|-damage|p2a: Pelipper|0 fnt
|faint|p2a: Pelipper
|
|-weather|RainDance|[upkeep]
|upkeep
|
|t:|1641738789
|switch|p2a: Seismitoad|Seismitoad, M|100/100
|turn|23
|j| SL21CC Leviathan
|
|t:|1641738797
|move|p2a: Seismitoad|Weather Ball|p1a: Tornadus
|-damage|p1a: Tornadus|0 fnt
|faint|p1a: Tornadus
|-damage|p2a: Seismitoad|91/100|[from] item: Life Orb
|
|-weather|RainDance|[upkeep]
|upkeep
|
|t:|1641738799
|switch|p1a: Ninetales|Ninetales-Alola, M|94/100
|-weather|Hail|[from] ability: Snow Warning|[of] p1a: Ninetales
|turn|24
|
|t:|1641738811
|move|p1a: Ninetales|Freeze-Dry|p2a: Seismitoad
|-supereffective|p2a: Seismitoad
|-damage|p2a: Seismitoad|0 fnt
|faint|p2a: Seismitoad
|
|-weather|Hail|[upkeep]
|upkeep
|
|t:|1641738813
|switch|p2a: Urshifu|Urshifu-Rapid-Strike, M|100/100
|turn|25
|
|t:|1641738816
|move|p1a: Ninetales|Moonblast|p2a: Urshifu
|-supereffective|p2a: Urshifu
|-damage|p2a: Urshifu|0 fnt
|faint|p2a: Urshifu
|
|-weather|Hail|[upkeep]
|upkeep
|
|t:|1641738818
|switch|p2a: Zapdos|Zapdos|61/100
|turn|26
|l| jingtianlangtaosha
|
|t:|1641738823
|move|p1a: Ninetales|Blizzard|p2a: Zapdos
|-supereffective|p2a: Zapdos
|-damage|p2a: Zapdos|0 fnt
|faint|p2a: Zapdos
|
|win|sl21cc jialing
|raw|sl21cc jialing's rating: 1296 &rarr; <strong>1309</strong><br />(+13 for winning)
|raw|SL21CC Pu xinnv's rating: 1230 &rarr; <strong>1217</strong><br />(-13 for losing)
|l| sl21cckhl
|l|☆sl21cc jialing
|l|9skythunderouskick
|l|♚aro nova
|l| pokonghanbingkan
