|raw|<div class="broadcast-blue"><strong>This battle is required to be public due to a player having a name starting with 'sl21cc'.</div>
|j|☆sl21cc enfalleba
|j|☆adreamew
|t:|1641737438
|gametype|singles
|player|p1|sl21cc enfalleba|102|1235
|player|p2|adreamew|2|1238
|teamsize|p1|6
|teamsize|p2|6
|gen|8
|tier|[Gen 8] OU
|rated|
|rule|Sleep Clause Mod: Limit one foe put to sleep
|rule|Species Clause: Limit one of each Pokémon
|rule|OHKO Clause: OHKO moves are banned
|rule|Evasion Moves Clause: Evasion moves are banned
|rule|Endless Battle Clause: Forcing endless battles is banned
|rule|HP Percentage Mod: HP is shown in percentages
|rule|Dynamax Clause: You cannot dynamax
|clearpoke
|poke|p1|Tornadus-Therian, M|
|poke|p1|Garchomp, M|
|poke|p1|Landorus-Therian, M|
|poke|p1|Magnezone|
|poke|p1|Toxapex, M|
|poke|p1|Melmetal|
|poke|p2|Mew|
|poke|p2|Zeraora|
|poke|p2|Clefable, M|
|poke|p2|Toxapex, F|
|poke|p2|Dragonite, M|
|poke|p2|Corviknight, F|
|teampreview
|inactive|Battle timer is ON: inactive players will automatically lose when time's up. (requested by adreamew)
|
|t:|1641737475
|start
|switch|p1a: Toxapex|Toxapex, M|100/100
|switch|p2a: Toxapex|Toxapex, F|100/100
|turn|1
|
|t:|1641737478
|move|p1a: Toxapex|Knock Off|p2a: Toxapex
|-damage|p2a: Toxapex|90/100
|-enditem|p2a: Toxapex|Black Sludge|[from] move: Knock Off|[of] p1a: Toxapex
|move|p2a: Toxapex|Knock Off|p1a: Toxapex
|-damage|p1a: Toxapex|90/100
|-enditem|p1a: Toxapex|Black Sludge|[from] move: Knock Off|[of] p2a: Toxapex
|
|upkeep
|turn|2
|
|t:|1641737483
|switch|p2a: Clefable|Clefable, M|100/100
|move|p1a: Toxapex|Knock Off|p2a: Clefable
|-resisted|p2a: Clefable
|-damage|p2a: Clefable|94/100
|
|-damage|p1a: Toxapex|77/100|[from] item: Sticky Barb
|upkeep
|turn|3
|j| irgendwasmitmeeem
|
|t:|1641737492
|move|p2a: Clefable|Stealth Rock|p1a: Toxapex
|-sidestart|p1: sl21cc enfalleba|move: Stealth Rock
|move|p1a: Toxapex|Knock Off|p2a: Clefable
|-resisted|p2a: Clefable
|-damage|p2a: Clefable|89/100
|
|-damage|p1a: Toxapex|65/100|[from] item: Sticky Barb
|upkeep
|turn|4
|j| Suta Pulachina
|
|t:|1641737498
|switch|p1a: Tornadus|Tornadus-Therian, M|100/100
|move|p2a: Clefable|Moonblast|p1a: Tornadus
|-damage|p1a: Tornadus|69/100
|
|upkeep
|turn|5
|
|t:|1641737504
|move|p1a: Tornadus|U-turn|p2a: Clefable
|-resisted|p2a: Clefable
|-damage|p2a: Clefable|82/100
|
|t:|1641737506
|switch|p1a: Toxapex|Toxapex, M|99/100|[from]move: U-turn
|-damage|p1a: Toxapex|86/100|[from] Stealth Rock
|move|p2a: Clefable|Trick|p1a: Toxapex
|-activate|p2a: Clefable|move: Trick|[of] p1a: Toxapex
|-enditem|p1a: Toxapex|Sticky Barb|[silent]|[from] move: Trick
|-item|p2a: Clefable|Sticky Barb|[from] move: Trick
|
|upkeep
|turn|6
|
|t:|1641737516
|move|p2a: Clefable|Trick|p1a: Toxapex
|-activate|p2a: Clefable|move: Trick|[of] p1a: Toxapex
|-item|p1a: Toxapex|Sticky Barb|[from] move: Trick
|-enditem|p2a: Clefable|Sticky Barb|[silent]|[from] move: Trick
|move|p1a: Toxapex|Knock Off|p2a: Clefable
|-resisted|p2a: Clefable
|-damage|p2a: Clefable|77/100
|
|-damage|p1a: Toxapex|74/100|[from] item: Sticky Barb
|upkeep
|turn|7
|
|t:|1641737522
|switch|p1a: Tornadus|Tornadus-Therian, M|100/100
|move|p2a: Clefable|Moonblast|p1a: Tornadus
|-damage|p1a: Tornadus|73/100
|
|upkeep
|turn|8
|j| SL21CCCHINESENGEIL
|
|t:|1641737528
|move|p1a: Tornadus|Hurricane|p2a: Clefable
|-damage|p2a: Clefable|44/100
|move|p2a: Clefable|Trick|p1a: Tornadus
|-activate|p2a: Clefable|move: Trick|[of] p1a: Tornadus
|-enditem|p1a: Tornadus|Heavy-Duty Boots|[silent]|[from] move: Trick
|-item|p2a: Clefable|Heavy-Duty Boots|[from] move: Trick
|
|upkeep
|turn|9
|
|t:|1641737531
|move|p1a: Tornadus|Hurricane|p2a: Clefable
|-damage|p2a: Clefable|12/100
|move|p2a: Clefable|Soft-Boiled|p2a: Clefable
|-heal|p2a: Clefable|63/100
|
|upkeep
|turn|10
|
|t:|1641737534
|move|p1a: Tornadus|Defog|p2a: Clefable
|-unboost|p2a: Clefable|evasion|1
|-sideend|p1: sl21cc enfalleba|Stealth Rock|[from] move: Defog|[of] p1a: Tornadus
|move|p2a: Clefable|Soft-Boiled|p2a: Clefable
|-heal|p2a: Clefable|100/100
|
|upkeep
|turn|11
|
|t:|1641737537
|move|p1a: Tornadus|Hurricane|p2a: Clefable
|-damage|p2a: Clefable|67/100
|-start|p2a: Clefable|confusion
|-activate|p2a: Clefable|confusion
|move|p2a: Clefable|Stealth Rock|p1a: Tornadus
|-sidestart|p1: sl21cc enfalleba|move: Stealth Rock
|
|upkeep
|turn|12
|
|t:|1641737540
|switch|p2a: Toxapex|Toxapex, F|100/100
|move|p1a: Tornadus|Hurricane|p2a: Toxapex
|-damage|p2a: Toxapex|67/100
|
|upkeep
|turn|13
|
|t:|1641737546
|move|p1a: Tornadus|Defog|p2a: Toxapex
|-unboost|p2a: Toxapex|evasion|1
|-sideend|p1: sl21cc enfalleba|Stealth Rock|[from] move: Defog|[of] p1a: Tornadus
|move|p2a: Toxapex|Toxic|p1a: Tornadus
|-status|p1a: Tornadus|tox
|
|-damage|p1a: Tornadus|67/100 tox|[from] psn
|upkeep
|turn|14
|
|t:|1641737551
|move|p1a: Tornadus|U-turn|p2a: Toxapex
|-resisted|p2a: Toxapex
|-damage|p2a: Toxapex|63/100
|
|t:|1641737557
|switch|p1a: Toxapex|Toxapex, M|100/100|[from]move: U-turn
|move|p2a: Toxapex|Toxic|p1a: Toxapex
|-immune|p1a: Toxapex
|
|-damage|p1a: Toxapex|88/100|[from] item: Sticky Barb
|upkeep
|turn|15
|
|t:|1641737561
|switch|p2a: Clefable|Clefable, M|67/100
|switch|p1a: Tornadus|Tornadus-Therian, M|99/100 tox
|
|-damage|p1a: Tornadus|94/100 tox|[from] psn
|upkeep
|turn|16
|
|t:|1641737565
|move|p1a: Tornadus|Hurricane|p2a: Clefable
|-damage|p2a: Clefable|37/100
|move|p2a: Clefable|Soft-Boiled|p2a: Clefable
|-heal|p2a: Clefable|87/100
|
|-damage|p1a: Tornadus|82/100 tox|[from] psn
|upkeep
|turn|17
|
|t:|1641737567
|move|p1a: Tornadus|U-turn|p2a: Clefable
|-resisted|p2a: Clefable
|-damage|p2a: Clefable|80/100
|
|t:|1641737568
|switch|p1a: Melmetal|Melmetal|100/100|[from]move: U-turn
|move|p2a: Clefable|Stealth Rock|p1a: Melmetal
|-sidestart|p1: sl21cc enfalleba|move: Stealth Rock
|
|upkeep
|turn|18
|
|t:|1641737572
|switch|p2a: Toxapex|Toxapex, F|97/100
|move|p1a: Melmetal|Double Iron Bash|p2a: Toxapex
|-resisted|p2a: Toxapex
|-damage|p2a: Toxapex|82/100
|-resisted|p2a: Toxapex
|-damage|p2a: Toxapex|69/100
|-hitcount|p2a: Toxapex|2
|
|upkeep
|turn|19
|
|t:|1641737577
|switch|p1a: Toxapex|Toxapex, M|100/100
|-damage|p1a: Toxapex|88/100|[from] Stealth Rock
|move|p2a: Toxapex|Toxic|p1a: Toxapex
|-immune|p1a: Toxapex
|
|-damage|p1a: Toxapex|76/100|[from] item: Sticky Barb
|upkeep
|turn|20
|
|t:|1641737581
|switch|p2a: Clefable|Clefable, M|80/100
|switch|p1a: Tornadus|Tornadus-Therian, M|100/100 tox
|-damage|p1a: Tornadus|76/100 tox|[from] Stealth Rock
|
|-damage|p1a: Tornadus|69/100 tox|[from] psn
|upkeep
|turn|21
|
|t:|1641737591
|move|p1a: Tornadus|Defog|p2a: Clefable
|-unboost|p2a: Clefable|evasion|1
|-sideend|p1: sl21cc enfalleba|Stealth Rock|[from] move: Defog|[of] p1a: Tornadus
|move|p2a: Clefable|Moonblast|p1a: Tornadus
|-damage|p1a: Tornadus|43/100 tox
|-unboost|p1a: Tornadus|spa|1
|
|-damage|p1a: Tornadus|30/100 tox|[from] psn
|upkeep
|turn|22
|
|t:|1641737594
|move|p1a: Tornadus|U-turn|p2a: Clefable
|-resisted|p2a: Clefable
|-damage|p2a: Clefable|74/100
|
|t:|1641737596
|switch|p1a: Melmetal|Melmetal|100/100|[from]move: U-turn
|move|p2a: Clefable|Stealth Rock|p1a: Melmetal
|-sidestart|p1: sl21cc enfalleba|move: Stealth Rock
|
|upkeep
|turn|23
|
|t:|1641737600
|switch|p2a: Toxapex|Toxapex, F|100/100
|move|p1a: Melmetal|Earthquake|p2a: Toxapex
|-supereffective|p2a: Toxapex
|-damage|p2a: Toxapex|52/100
|
|upkeep
|turn|24
|
|t:|1641737603
|switch|p1a: Magnezone|Magnezone|100/100
|-damage|p1a: Magnezone|94/100|[from] Stealth Rock
|move|p2a: Toxapex|Recover|p2a: Toxapex
|-heal|p2a: Toxapex|100/100
|
|upkeep
|turn|25
|
|t:|1641737610
|switch|p2a: Mew|Mew|100/100
|move|p1a: Magnezone|Discharge|p2a: Mew
|-damage|p2a: Mew|74/100
|
|-heal|p2a: Mew|80/100|[from] item: Leftovers
|upkeep
|turn|26
|
|t:|1641737615
|switch|p1a: Toxapex|Toxapex, M|100/100
|-damage|p1a: Toxapex|88/100|[from] Stealth Rock
|move|p2a: Mew|Will-O-Wisp|p1a: Toxapex
|-status|p1a: Toxapex|brn
|
|-heal|p2a: Mew|87/100|[from] item: Leftovers
|-damage|p1a: Toxapex|82/100 brn|[from] brn
|-damage|p1a: Toxapex|70/100 brn|[from] item: Sticky Barb
|upkeep
|turn|27
|
|t:|1641737619
|move|p2a: Mew|Taunt|p1a: Toxapex
|-start|p1a: Toxapex|move: Taunt
|move|p1a: Toxapex|Knock Off|p2a: Mew
|-supereffective|p2a: Mew
|-damage|p2a: Mew|75/100
|-enditem|p2a: Mew|Leftovers|[from] move: Knock Off|[of] p1a: Toxapex
|
|-damage|p1a: Toxapex|64/100 brn|[from] brn
|-damage|p1a: Toxapex|52/100 brn|[from] item: Sticky Barb
|upkeep
|turn|28
|
|t:|1641737624
|switch|p1a: Melmetal|Melmetal|100/100
|-damage|p1a: Melmetal|94/100|[from] Stealth Rock
|move|p2a: Mew|Night Shade|p1a: Melmetal
|-damage|p1a: Melmetal|72/100
|
|-heal|p1a: Melmetal|78/100|[from] item: Leftovers
|upkeep
|turn|29
|
|t:|1641737628
|move|p1a: Melmetal|Protect|p1a: Melmetal
|-singleturn|p1a: Melmetal|Protect
|move|p2a: Mew|Will-O-Wisp|p1a: Melmetal
|-activate|p1a: Melmetal|move: Protect
|
|-heal|p1a: Melmetal|84/100|[from] item: Leftovers
|upkeep
|turn|30
|
|t:|1641737639
|switch|p1a: Toxapex|Toxapex, M|85/100 brn
|-damage|p1a: Toxapex|73/100 brn|[from] Stealth Rock
|move|p2a: Mew|Will-O-Wisp|p1a: Toxapex
|-fail|p1a: Toxapex|brn
|
|-damage|p1a: Toxapex|67/100 brn|[from] brn
|-damage|p1a: Toxapex|55/100 brn|[from] item: Sticky Barb
|upkeep
|turn|31
|
|t:|1641737645
|move|p2a: Mew|Roost|p2a: Mew
|-heal|p2a: Mew|100/100
|-singleturn|p2a: Mew|move: Roost
|move|p1a: Toxapex|Recover|p1a: Toxapex
|-heal|p1a: Toxapex|100/100 brn
|
|-damage|p1a: Toxapex|95/100 brn|[from] brn
|-damage|p1a: Toxapex|82/100 brn|[from] item: Sticky Barb
|upkeep
|turn|32
|
|t:|1641737654
|switch|p1a: Melmetal|Melmetal|84/100
|-damage|p1a: Melmetal|78/100|[from] Stealth Rock
|move|p2a: Mew|Night Shade|p1a: Melmetal
|-damage|p1a: Melmetal|55/100
|
|-heal|p1a: Melmetal|61/100|[from] item: Leftovers
|upkeep
|turn|33
|
|t:|1641737658
|move|p1a: Melmetal|Protect|p1a: Melmetal
|-singleturn|p1a: Melmetal|Protect
|move|p2a: Mew|Will-O-Wisp|p1a: Melmetal
|-activate|p1a: Melmetal|move: Protect
|
|-heal|p1a: Melmetal|67/100|[from] item: Leftovers
|upkeep
|turn|34
|
|t:|1641737668
|switch|p1a: Tornadus|Tornadus-Therian, M|64/100 tox
|-damage|p1a: Tornadus|39/100 tox|[from] Stealth Rock
|move|p2a: Mew|Will-O-Wisp|p1a: Tornadus|[miss]
|-miss|p2a: Mew|p1a: Tornadus
|
|-damage|p1a: Tornadus|33/100 tox|[from] psn
|upkeep
|turn|35
|
|t:|1641737673
|move|p1a: Tornadus|U-turn|p2a: Mew
|-supereffective|p2a: Mew
|-damage|p2a: Mew|76/100
|
|t:|1641737683
|switch|p1a: Magnezone|Magnezone|94/100|[from]move: U-turn
|-damage|p1a: Magnezone|88/100|[from] Stealth Rock
|move|p2a: Mew|Night Shade|p1a: Magnezone
|-damage|p1a: Magnezone|53/100
|
|upkeep
|turn|36
|
|t:|1641737686
|move|p2a: Mew|Will-O-Wisp|p1a: Magnezone
|-status|p1a: Magnezone|brn
|move|p1a: Magnezone|Discharge|p2a: Mew
|-damage|p2a: Mew|52/100
|
|-damage|p1a: Magnezone|47/100 brn|[from] brn
|upkeep
|turn|37
|
|t:|1641737689
|move|p2a: Mew|Roost|p2a: Mew
|-heal|p2a: Mew|100/100
|-singleturn|p2a: Mew|move: Roost
|move|p1a: Magnezone|Discharge|p2a: Mew
|-damage|p2a: Mew|73/100
|
|-damage|p1a: Magnezone|41/100 brn|[from] brn
|upkeep
|turn|38
|
|t:|1641737697
|move|p2a: Mew|Night Shade|p1a: Magnezone
|-damage|p1a: Magnezone|5/100 brn
|move|p1a: Magnezone|Discharge|p2a: Mew
|-crit|p2a: Mew
|-damage|p2a: Mew|35/100
|
|-damage|p1a: Magnezone|0 fnt|[from] brn
|faint|p1a: Magnezone
|upkeep
|
|t:|1641737701
|switch|p1a: Garchomp|Garchomp, M|100/100
|-damage|p1a: Garchomp|94/100|[from] Stealth Rock
|turn|39
|
|t:|1641737709
|switch|p2a: Corviknight|Corviknight, F|100/100
|-ability|p2a: Corviknight|Pressure
|move|p1a: Garchomp|Swords Dance|p1a: Garchomp
|-boost|p1a: Garchomp|atk|2
|
|-heal|p1a: Garchomp|100/100|[from] item: Leftovers
|upkeep
|turn|40
|
|t:|1641737711
|move|p1a: Garchomp|Swords Dance|p1a: Garchomp
|-boost|p1a: Garchomp|atk|2
|move|p2a: Corviknight|Iron Defense|p2a: Corviknight
|-boost|p2a: Corviknight|def|2
|
|upkeep
|turn|41
|
|t:|1641737713
|move|p1a: Garchomp|Aqua Tail|p2a: Corviknight
|-damage|p2a: Corviknight|73/100
|move|p2a: Corviknight|Iron Defense|p2a: Corviknight
|-boost|p2a: Corviknight|def|2
|
|-heal|p2a: Corviknight|79/100|[from] item: Leftovers
|upkeep
|turn|42
|
|t:|1641737719
|switch|p1a: Landorus|Landorus-Therian, M|100/100
|-damage|p1a: Landorus|88/100|[from] Stealth Rock
|-ability|p1a: Landorus|Intimidate|boost
|-unboost|p2a: Corviknight|atk|1
|move|p2a: Corviknight|Roost|p2a: Corviknight
|-heal|p2a: Corviknight|100/100
|-singleturn|p2a: Corviknight|move: Roost
|
|-heal|p1a: Landorus|94/100|[from] item: Leftovers
|upkeep
|turn|43
|
|t:|1641737729
|switch|p2a: Clefable|Clefable, M|74/100
|move|p1a: Landorus|Knock Off|p2a: Clefable
|-resisted|p2a: Clefable
|-damage|p2a: Clefable|60/100
|-enditem|p2a: Clefable|Heavy-Duty Boots|[from] move: Knock Off|[of] p1a: Landorus
|
|-heal|p1a: Landorus|99/100|[from] item: Leftovers
|upkeep
|turn|44
|
|t:|1641737736
|move|p1a: Landorus|Stealth Rock|p2a: Clefable
|-sidestart|p2: adreamew|move: Stealth Rock
|move|p2a: Clefable|Soft-Boiled|p2a: Clefable
|-heal|p2a: Clefable|100/100
|
|-heal|p1a: Landorus|100/100|[from] item: Leftovers
|upkeep
|turn|45
|
|t:|1641737739
|move|p1a: Landorus|U-turn|p2a: Clefable
|-resisted|p2a: Clefable
|-damage|p2a: Clefable|90/100
|
|t:|1641737742
|switch|p1a: Toxapex|Toxapex, M|100/100 brn|[from]move: U-turn
|-damage|p1a: Toxapex|88/100 brn|[from] Stealth Rock
|move|p2a: Clefable|Soft-Boiled|p2a: Clefable
|-heal|p2a: Clefable|100/100
|
|-damage|p1a: Toxapex|82/100 brn|[from] brn
|-damage|p1a: Toxapex|70/100 brn|[from] item: Sticky Barb
|upkeep
|turn|46
|
|t:|1641737746
|switch|p2a: Mew|Mew|35/100
|-damage|p2a: Mew|22/100|[from] Stealth Rock
|switch|p1a: Melmetal|Melmetal|67/100
|-damage|p1a: Melmetal|61/100|[from] Stealth Rock
|
|-heal|p1a: Melmetal|67/100|[from] item: Leftovers
|upkeep
|turn|47
|
|t:|1641737751
|move|p2a: Mew|Will-O-Wisp|p1a: Melmetal
|-status|p1a: Melmetal|brn
|move|p1a: Melmetal|Double Iron Bash|p2a: Mew
|-damage|p2a: Mew|4/100
|-damage|p2a: Mew|0 fnt
|faint|p2a: Mew
|-hitcount|p2: Mew|2
|
|-heal|p1a: Melmetal|73/100 brn|[from] item: Leftovers
|-damage|p1a: Melmetal|67/100 brn|[from] brn
|upkeep
|
|t:|1641737761
|switch|p2a: Dragonite|Dragonite, M|100/100
|turn|48
|
|t:|1641737767
|move|p2a: Dragonite|Earthquake|p1a: Melmetal
|-supereffective|p1a: Melmetal
|-damage|p1a: Melmetal|31/100 brn
|move|p1a: Melmetal|Toxic|p2a: Dragonite
|-status|p2a: Dragonite|tox
|
|-heal|p1a: Melmetal|37/100 brn|[from] item: Leftovers
|-damage|p2a: Dragonite|94/100 tox|[from] psn
|-damage|p1a: Melmetal|31/100 brn|[from] brn
|upkeep
|turn|49
|
|t:|1641737771
|move|p2a: Dragonite|Heal Bell|p2a: Dragonite
|-activate|p2a: Dragonite|move: Heal Bell
|-curestatus|p2a: Dragonite|tox|[msg]
|move|p1a: Melmetal|Toxic|p2a: Dragonite
|-status|p2a: Dragonite|tox
|
|-heal|p1a: Melmetal|37/100 brn|[from] item: Leftovers
|-damage|p2a: Dragonite|88/100 tox|[from] psn
|-damage|p1a: Melmetal|31/100 brn|[from] brn
|upkeep
|turn|50
|
|t:|1641737774
|move|p2a: Dragonite|Earthquake|p1a: Melmetal
|-supereffective|p1a: Melmetal
|-damage|p1a: Melmetal|0 fnt
|faint|p1a: Melmetal
|
|-damage|p2a: Dragonite|76/100 tox|[from] psn
|upkeep
|
|t:|1641737776
|switch|p1a: Garchomp|Garchomp, M|100/100
|-damage|p1a: Garchomp|94/100|[from] Stealth Rock
|turn|51
|
|t:|1641737783
|switch|p1a: Landorus|Landorus-Therian, M|100/100
|-damage|p1a: Landorus|88/100|[from] Stealth Rock
|-ability|p1a: Landorus|Intimidate|boost
|-unboost|p2a: Dragonite|atk|1
|move|p2a: Dragonite|Ice Beam|p1a: Landorus
|-supereffective|p1a: Landorus
|-damage|p1a: Landorus|7/100
|
|-heal|p1a: Landorus|13/100|[from] item: Leftovers
|-damage|p2a: Dragonite|57/100 tox|[from] psn
|upkeep
|turn|52
|
|t:|1641737793
|switch|p1a: Toxapex|Toxapex, M|100/100 brn
|-damage|p1a: Toxapex|88/100 brn|[from] Stealth Rock
|move|p2a: Dragonite|Heal Bell|p2a: Dragonite
|-activate|p2a: Dragonite|move: Heal Bell
|-curestatus|p2a: Dragonite|tox|[msg]
|
|-damage|p1a: Toxapex|82/100 brn|[from] brn
|-damage|p1a: Toxapex|70/100 brn|[from] item: Sticky Barb
|upkeep
|turn|53
|-message|sl21cc enfalleba forfeited.
|
|win|adreamew
|raw|sl21cc enfalleba's rating: 1235 &rarr; <strong>1219</strong><br />(-16 for losing)
|raw|adreamew's rating: 1238 &rarr; <strong>1254</strong><br />(+16 for winning)
|l|☆sl21cc enfalleba
