|raw|<div class="broadcast-blue"><strong>This battle is required to be public due to a player having a name starting with 'sl21cc'.</div>
|j|☆sl21cc ryekie
|j|☆SL21CC Leviathan
|t:|1641818769
|gametype|singles
|player|p1|sl21cc ryekie|erika|1259
|player|p2|SL21CC Leviathan|guitarist|1225
|teamsize|p1|6
|teamsize|p2|6
|gen|8
|tier|[Gen 8] OU
|rated|
|rule|Sleep Clause Mod: Limit one foe put to sleep
|rule|Species Clause: Limit one of each Pokémon
|rule|OHKO Clause: OHKO moves are banned
|rule|Evasion Moves Clause: Evasion moves are banned
|rule|Endless Battle Clause: Forcing endless battles is banned
|rule|HP Percentage Mod: HP is shown in percentages
|rule|Dynamax Clause: You cannot dynamax
|clearpoke
|poke|p1|Tapu Lele|
|poke|p1|Heatran, M|
|poke|p1|Urshifu-*, F|
|poke|p1|Slowbro, M|
|poke|p1|Landorus-Therian, M|
|poke|p1|Weavile, M|
|poke|p2|Landorus-Therian, M|
|poke|p2|Ferrothorn, F|
|poke|p2|Slowking-Galar, F|
|poke|p2|Tornadus-Therian, M|
|poke|p2|Buzzwole|
|poke|p2|Urshifu-*, M|
|teampreview
|
|t:|1641818800
|start
|switch|p1a: Slowbro|Slowbro, M|100/100
|switch|p2a: Tornadus|Tornadus-Therian, M|100/100
|turn|1
|
|t:|1641818810
|move|p2a: Tornadus|Knock Off|p1a: Slowbro
|-supereffective|p1a: Slowbro
|-damage|p1a: Slowbro|75/100
|-damage|p2a: Tornadus|84/100|[from] item: Rocky Helmet|[of] p1a: Slowbro
|-enditem|p1a: Slowbro|Rocky Helmet|[from] move: Knock Off|[of] p2a: Tornadus
|move|p1a: Slowbro|Future Sight|p2a: Tornadus
|-start|p1a: Slowbro|move: Future Sight
|
|upkeep
|turn|2
|
|t:|1641818814
|move|p2a: Tornadus|Knock Off|p1a: Slowbro
|-supereffective|p1a: Slowbro
|-damage|p1a: Slowbro|58/100
|move|p1a: Slowbro|Teleport|p1a: Slowbro
|
|t:|1641818819
|switch|p1a: Weavile|Weavile, M|100/100|[from]move: Teleport
|
|upkeep
|turn|3
|j| SL21CCJqlove
|
|t:|1641818832
|move|p1a: Weavile|Knock Off|p2a: Tornadus
|-damage|p2a: Tornadus|32/100
|-enditem|p2a: Tornadus|Heavy-Duty Boots|[from] move: Knock Off|[of] p1a: Weavile
|move|p2a: Tornadus|U-turn|p1a: Weavile
|-supereffective|p1a: Weavile
|-damage|p1a: Weavile|54/100
|j| Water gh0st
|
|t:|1641818838
|switch|p2a: Slowking|Slowking-Galar, F|100/100|[from]move: U-turn
|
|-end|p2a: Slowking|move: Future Sight
|-damage|p2a: Slowking|83/100
|upkeep
|turn|4
|
|t:|1641818849
|switch|p1a: Tapu Lele|Tapu Lele|100/100
|-fieldstart|move: Psychic Terrain|[from] ability: Psychic Surge|[of] p1a: Tapu Lele
|move|p2a: Slowking|Flamethrower|p1a: Tapu Lele
|-damage|p1a: Tapu Lele|72/100
|
|upkeep
|turn|5
|
|t:|1641818871
|switch|p1a: Heatran|Heatran, M|100/100
|move|p2a: Slowking|Sludge Bomb|p1a: Heatran
|-immune|p1a: Heatran
|
|upkeep
|turn|6
|
|t:|1641818875
|move|p1a: Heatran|Stealth Rock|p2a: Slowking
|-sidestart|p2: SL21CC Leviathan|move: Stealth Rock
|move|p2a: Slowking|Earthquake|p1a: Heatran
|-supereffective|p1a: Heatran
|-damage|p1a: Heatran|49/100
|
|-heal|p1a: Heatran|55/100|[from] item: Leftovers
|upkeep
|turn|7
|
|t:|1641818879
|switch|p1a: Landorus|Landorus-Therian, M|100/100
|-ability|p1a: Landorus|Intimidate|boost
|-unboost|p2a: Slowking|atk|1
|move|p2a: Slowking|Future Sight|p1a: Landorus
|-start|p2a: Slowking|move: Future Sight
|
|upkeep
|turn|8
|j| adreamew
|
|t:|1641818892
|switch|p2a: Tornadus|Tornadus-Therian, M|65/100
|-damage|p2a: Tornadus|40/100|[from] Stealth Rock
|move|p1a: Landorus|U-turn|p2a: Tornadus
|-resisted|p2a: Tornadus
|-damage|p2a: Tornadus|27/100
|
|t:|1641818897
|switch|p1a: Weavile|Weavile, M|54/100|[from]move: U-turn
|
|-fieldend|move: Psychic Terrain
|upkeep
|turn|9
|
|t:|1641818907
|switch|p2a: Urshifu|Urshifu-Rapid-Strike, M|100/100
|-damage|p2a: Urshifu|94/100|[from] Stealth Rock
|move|p1a: Weavile|Knock Off|p2a: Urshifu
|-resisted|p2a: Urshifu
|-damage|p2a: Urshifu|71/100
|-enditem|p2a: Urshifu|Protective Pads|[from] move: Knock Off|[of] p1a: Weavile
|
|-end|p1a: Weavile|move: Future Sight
|-immune|p1a: Weavile
|upkeep
|turn|10
|
|t:|1641818911
|switch|p1a: Slowbro|Slowbro, M|91/100
|move|p2a: Urshifu|U-turn|p1a: Slowbro
|-supereffective|p1a: Slowbro
|-damage|p1a: Slowbro|59/100
|
|t:|1641818920
|switch|p2a: Slowking|Slowking-Galar, F|100/100|[from]move: U-turn
|-damage|p2a: Slowking|88/100|[from] Stealth Rock
|
|upkeep
|turn|11
|
|t:|1641818927
|move|p2a: Slowking|Sludge Bomb|p1a: Slowbro
|-damage|p1a: Slowbro|19/100
|move|p1a: Slowbro|Teleport|p1a: Slowbro
|
|t:|1641818931
|switch|p1a: Landorus|Landorus-Therian, M|100/100|[from]move: Teleport
|-ability|p1a: Landorus|Intimidate|boost
|-unboost|p2a: Slowking|atk|1
|
|upkeep
|turn|12
|
|t:|1641818938
|move|p1a: Landorus|Knock Off|p2a: Slowking
|-supereffective|p2a: Slowking
|-damage|p2a: Slowking|23/100
|-enditem|p2a: Slowking|Assault Vest|[from] move: Knock Off|[of] p1a: Landorus
|move|p2a: Slowking|Sludge Bomb|p1a: Landorus
|-resisted|p1a: Landorus
|-damage|p1a: Landorus|85/100
|
|-heal|p1a: Landorus|91/100|[from] item: Leftovers
|upkeep
|turn|13
|j| SL21CC tangkeke
|
|t:|1641818945
|switch|p2a: Buzzwole|Buzzwole|100/100
|-damage|p2a: Buzzwole|88/100|[from] Stealth Rock
|move|p1a: Landorus|U-turn|p2a: Buzzwole
|-resisted|p2a: Buzzwole
|-damage|p2a: Buzzwole|82/100
|-damage|p1a: Landorus|75/100|[from] item: Rocky Helmet|[of] p2a: Buzzwole
|
|t:|1641818949
|switch|p1a: Tapu Lele|Tapu Lele|72/100|[from]move: U-turn
|-fieldstart|move: Psychic Terrain|[from] ability: Psychic Surge|[of] p1a: Tapu Lele
|
|upkeep
|turn|14
|
|t:|1641818957
|switch|p1a: Heatran|Heatran, M|55/100
|switch|p2a: Ferrothorn|Ferrothorn, F|100/100
|-damage|p2a: Ferrothorn|94/100|[from] Stealth Rock
|
|-heal|p1a: Heatran|61/100|[from] item: Leftovers
|-heal|p2a: Ferrothorn|100/100|[from] item: Leftovers
|upkeep
|turn|15
|
|t:|1641818964
|switch|p2a: Urshifu|Urshifu-Rapid-Strike, M|71/100
|-damage|p2a: Urshifu|64/100|[from] Stealth Rock
|move|p1a: Heatran|Lava Plume|p2a: Urshifu
|-resisted|p2a: Urshifu
|-damage|p2a: Urshifu|40/100
|
|-heal|p1a: Heatran|67/100|[from] item: Leftovers
|upkeep
|turn|16
|
|t:|1641818971
|switch|p1a: Slowbro|Slowbro, M|53/100
|move|p2a: Urshifu|U-turn|p1a: Slowbro
|-supereffective|p1a: Slowbro
|-damage|p1a: Slowbro|23/100
|
|t:|1641818986
|switch|p2a: Slowking|Slowking-Galar, F|56/100|[from]move: U-turn
|-damage|p2a: Slowking|44/100|[from] Stealth Rock
|
|upkeep
|turn|17
|
|t:|1641818992
|switch|p1a: Landorus|Landorus-Therian, M|75/100
|-ability|p1a: Landorus|Intimidate|boost
|-unboost|p2a: Slowking|atk|1
|move|p2a: Slowking|Sludge Bomb|p1a: Landorus
|-resisted|p1a: Landorus
|-damage|p1a: Landorus|59/100
|
|-heal|p1a: Landorus|65/100|[from] item: Leftovers
|-fieldend|move: Psychic Terrain
|upkeep
|turn|18
|j| abdksr
|l| abdksr
|
|t:|1641819001
|move|p1a: Landorus|Knock Off|p2a: Slowking
|-supereffective|p2a: Slowking
|-damage|p2a: Slowking|3/100
|move|p2a: Slowking|Sludge Bomb|p1a: Landorus
|-resisted|p1a: Landorus
|-damage|p1a: Landorus|51/100
|
|-heal|p1a: Landorus|57/100|[from] item: Leftovers
|upkeep
|turn|19
|
|t:|1641819011
|switch|p2a: Buzzwole|Buzzwole|82/100
|-damage|p2a: Buzzwole|69/100|[from] Stealth Rock
|move|p1a: Landorus|Knock Off|p2a: Buzzwole
|-resisted|p2a: Buzzwole
|-damage|p2a: Buzzwole|61/100
|-damage|p1a: Landorus|40/100|[from] item: Rocky Helmet|[of] p2a: Buzzwole
|-enditem|p2a: Buzzwole|Rocky Helmet|[from] move: Knock Off|[of] p1a: Landorus
|
|-heal|p1a: Landorus|46/100|[from] item: Leftovers
|upkeep
|turn|20
|
|t:|1641819021
|switch|p1a: Urshifu|Urshifu-Rapid-Strike, F|100/100
|move|p2a: Buzzwole|Thunder Punch|p1a: Urshifu
|-supereffective|p1a: Urshifu
|-damage|p1a: Urshifu|51/100
|
|upkeep
|turn|21
|
|t:|1641819028
|move|p1a: Urshifu|U-turn|p2a: Buzzwole
|-resisted|p2a: Buzzwole
|-damage|p2a: Buzzwole|53/100
|
|t:|1641819030
|switch|p1a: Landorus|Landorus-Therian, M|46/100|[from]move: U-turn
|-ability|p1a: Landorus|Intimidate|boost
|-unboost|p2a: Buzzwole|atk|1
|move|p2a: Buzzwole|Roost|p2a: Buzzwole
|-heal|p2a: Buzzwole|100/100
|-singleturn|p2a: Buzzwole|move: Roost
|
|-heal|p1a: Landorus|52/100|[from] item: Leftovers
|upkeep
|turn|22
|
|t:|1641819037
|switch|p1a: Slowbro|Slowbro, M|56/100
|move|p2a: Buzzwole|Thunder Punch|p1a: Slowbro
|-supereffective|p1a: Slowbro
|-damage|p1a: Slowbro|34/100
|-status|p1a: Slowbro|par
|
|upkeep
|turn|23
|
|t:|1641819045
|switch|p2a: Tornadus|Tornadus-Therian, M|61/100
|-damage|p2a: Tornadus|36/100|[from] Stealth Rock
|move|p1a: Slowbro|Slack Off|p1a: Slowbro
|-heal|p1a: Slowbro|84/100 par
|
|upkeep
|turn|24
|
|t:|1641819050
|switch|p1a: Heatran|Heatran, M|67/100
|move|p2a: Tornadus|Defog|p1a: Heatran
|-unboost|p1a: Heatran|evasion|1
|-sideend|p2: SL21CC Leviathan|Stealth Rock|[from] move: Defog|[of] p2a: Tornadus
|
|-heal|p1a: Heatran|74/100|[from] item: Leftovers
|upkeep
|turn|25
|
|t:|1641819056
|move|p2a: Tornadus|U-turn|p1a: Heatran
|-resisted|p1a: Heatran
|-damage|p1a: Heatran|71/100
|
|t:|1641819057
|switch|p2a: Urshifu|Urshifu-Rapid-Strike, M|40/100|[from]move: U-turn
|move|p1a: Heatran|Lava Plume|p2a: Urshifu
|-resisted|p2a: Urshifu
|-damage|p2a: Urshifu|15/100
|
|-heal|p1a: Heatran|77/100|[from] item: Leftovers
|upkeep
|turn|26
|
|t:|1641819062
|switch|p1a: Slowbro|Slowbro, M|100/100 par
|move|p2a: Urshifu|U-turn|p1a: Slowbro
|-supereffective|p1a: Slowbro
|-damage|p1a: Slowbro|69/100 par
|
|t:|1641819065
|switch|p2a: Slowking|Slowking-Galar, F|36/100|[from]move: U-turn
|
|upkeep
|turn|27
|
|t:|1641819069
|switch|p1a: Landorus|Landorus-Therian, M|52/100
|-ability|p1a: Landorus|Intimidate|boost
|-unboost|p2a: Slowking|atk|1
|move|p2a: Slowking|Sludge Bomb|p1a: Landorus
|-resisted|p1a: Landorus
|-damage|p1a: Landorus|38/100
|-status|p1a: Landorus|psn
|
|-heal|p1a: Landorus|44/100 psn|[from] item: Leftovers
|-damage|p1a: Landorus|32/100 psn|[from] psn
|upkeep
|turn|28
|
|t:|1641819074
|switch|p2a: Tornadus|Tornadus-Therian, M|69/100
|move|p1a: Landorus|U-turn|p2a: Tornadus
|-resisted|p2a: Tornadus
|-damage|p2a: Tornadus|56/100
|
|t:|1641819081
|switch|p1a: Heatran|Heatran, M|77/100|[from]move: U-turn
|
|-heal|p1a: Heatran|83/100|[from] item: Leftovers
|upkeep
|turn|29
|
|t:|1641819091
|move|p2a: Tornadus|Knock Off|p1a: Heatran
|-damage|p1a: Heatran|66/100
|-enditem|p1a: Heatran|Leftovers|[from] move: Knock Off|[of] p2a: Tornadus
|move|p1a: Heatran|Lava Plume|p2a: Tornadus
|-damage|p2a: Tornadus|22/100
|
|upkeep
|turn|30
|
|t:|1641819095
|move|p2a: Tornadus|U-turn|p1a: Heatran
|-resisted|p1a: Heatran
|-damage|p1a: Heatran|64/100
|
|t:|1641819100
|switch|p2a: Slowking|Slowking-Galar, F|69/100|[from]move: U-turn
|move|p1a: Heatran|Stealth Rock|p2a: Slowking
|-sidestart|p2: SL21CC Leviathan|move: Stealth Rock
|
|upkeep
|turn|31
|
|t:|1641819108
|move|p1a: Heatran|Lava Plume|p2a: Slowking
|-damage|p2a: Slowking|44/100
|move|p2a: Slowking|Sludge Bomb|p1a: Heatran
|-immune|p1a: Heatran
|
|upkeep
|turn|32
|
|t:|1641819111
|switch|p1a: Landorus|Landorus-Therian, M|32/100 psn
|-ability|p1a: Landorus|Intimidate|boost
|-unboost|p2a: Slowking|atk|1
|move|p2a: Slowking|Earthquake|p1a: Landorus
|-immune|p1a: Landorus
|
|-heal|p1a: Landorus|38/100 psn|[from] item: Leftovers
|-damage|p1a: Landorus|26/100 psn|[from] psn
|upkeep
|turn|33
|
|t:|1641819120
|switch|p1a: Tapu Lele|Tapu Lele|72/100
|-fieldstart|move: Psychic Terrain|[from] ability: Psychic Surge|[of] p1a: Tapu Lele
|switch|p2a: Ferrothorn|Ferrothorn, F|100/100
|-damage|p2a: Ferrothorn|94/100|[from] Stealth Rock
|
|-heal|p2a: Ferrothorn|100/100|[from] item: Leftovers
|upkeep
|turn|34
|
|t:|1641819128
|switch|p1a: Weavile|Weavile, M|54/100
|move|p2a: Ferrothorn|Stealth Rock|p1a: Weavile
|-sidestart|p1: sl21cc ryekie|move: Stealth Rock
|
|upkeep
|turn|35
|
|t:|1641819133
|switch|p1a: Heatran|Heatran, M|64/100
|-damage|p1a: Heatran|51/100|[from] Stealth Rock
|move|p2a: Ferrothorn|Body Press|p1a: Heatran
|-supereffective|p1a: Heatran
|-damage|p1a: Heatran|9/100
|
|upkeep
|turn|36
|
|t:|1641819143
|switch|p2a: Tornadus|Tornadus-Therian, M|55/100
|-damage|p2a: Tornadus|30/100|[from] Stealth Rock
|move|p1a: Heatran|Lava Plume|p2a: Tornadus
|-damage|p2a: Tornadus|0 fnt
|faint|p2a: Tornadus
|
|upkeep
|
|t:|1641819147
|switch|p2a: Urshifu|Urshifu-Rapid-Strike, M|15/100
|-damage|p2a: Urshifu|9/100|[from] Stealth Rock
|turn|37
|
|t:|1641819151
|move|p2a: Urshifu|Surging Strikes|p1a: Heatran
|-supereffective|p1a: Heatran
|-crit|p1a: Heatran
|-damage|p1a: Heatran|0 fnt
|faint|p1a: Heatran
|-hitcount|p1: Heatran|1
|
|-fieldend|move: Psychic Terrain
|upkeep
|
|t:|1641819160
|switch|p1a: Weavile|Weavile, M|54/100
|turn|38
|
|t:|1641819163
|switch|p2a: Buzzwole|Buzzwole|100/100
|-damage|p2a: Buzzwole|88/100|[from] Stealth Rock
|move|p1a: Weavile|Knock Off|p2a: Buzzwole
|-resisted|p2a: Buzzwole
|-damage|p2a: Buzzwole|79/100
|
|upkeep
|turn|39
|
|t:|1641819168
|switch|p1a: Slowbro|Slowbro, M|100/100 par
|-damage|p1a: Slowbro|88/100 par|[from] Stealth Rock
|move|p2a: Buzzwole|Thunder Punch|p1a: Slowbro
|-supereffective|p1a: Slowbro
|-damage|p1a: Slowbro|57/100 par
|
|upkeep
|turn|40
|j| burstbean
|
|t:|1641819172
|switch|p2a: Slowking|Slowking-Galar, F|77/100
|-damage|p2a: Slowking|65/100|[from] Stealth Rock
|move|p1a: Slowbro|Teleport|p1a: Slowbro
|
|t:|1641819180
|switch|p1a: Tapu Lele|Tapu Lele|72/100|[from]move: Teleport
|-damage|p1a: Tapu Lele|60/100|[from] Stealth Rock
|-fieldstart|move: Psychic Terrain|[from] ability: Psychic Surge|[of] p1a: Tapu Lele
|
|upkeep
|turn|41
|
|t:|1641819186
|switch|p2a: Ferrothorn|Ferrothorn, F|100/100
|-damage|p2a: Ferrothorn|94/100|[from] Stealth Rock
|move|p1a: Tapu Lele|Psychic|p2a: Ferrothorn
|-resisted|p2a: Ferrothorn
|-damage|p2a: Ferrothorn|62/100
|
|-heal|p2a: Ferrothorn|68/100|[from] item: Leftovers
|upkeep
|turn|42
|
|t:|1641819189
|move|p1a: Tapu Lele|Psychic|p2a: Ferrothorn
|-resisted|p2a: Ferrothorn
|-damage|p2a: Ferrothorn|36/100
|move|p2a: Ferrothorn|Leech Seed|p1a: Tapu Lele
|-start|p1a: Tapu Lele|move: Leech Seed
|
|-heal|p2a: Ferrothorn|42/100|[from] item: Leftovers
|-damage|p1a: Tapu Lele|47/100|[from] Leech Seed|[of] p2a: Ferrothorn
|-heal|p2a: Ferrothorn|52/100|[silent]
|upkeep
|turn|43
|
|t:|1641819201
|switch|p2a: Urshifu|Urshifu-Rapid-Strike, M|9/100
|-damage|p2a: Urshifu|3/100|[from] Stealth Rock
|move|p1a: Tapu Lele|Psychic|p2a: Urshifu
|-supereffective|p2a: Urshifu
|-damage|p2a: Urshifu|0 fnt
|faint|p2a: Urshifu
|
|upkeep
|
|t:|1641819203
|switch|p2a: Slowking|Slowking-Galar, F|98/100
|-damage|p2a: Slowking|86/100|[from] Stealth Rock
|turn|44
|
|t:|1641819209
|switch|p1a: Landorus|Landorus-Therian, M|26/100 psn
|-damage|p1a: Landorus|13/100 psn|[from] Stealth Rock
|-ability|p1a: Landorus|Intimidate|boost
|-unboost|p2a: Slowking|atk|1
|move|p2a: Slowking|Sludge Bomb|p1a: Landorus
|-resisted|p1a: Landorus
|-damage|p1a: Landorus|0 fnt
|faint|p1a: Landorus
|
|-fieldend|move: Psychic Terrain
|upkeep
|
|t:|1641819214
|switch|p1a: Weavile|Weavile, M|54/100
|turn|45
|
|t:|1641819223
|switch|p1a: Urshifu|Urshifu-Rapid-Strike, F|51/100
|-damage|p1a: Urshifu|44/100|[from] Stealth Rock
|switch|p2a: Buzzwole|Buzzwole|79/100
|-damage|p2a: Buzzwole|67/100|[from] Stealth Rock
|
|upkeep
|turn|46
|
|t:|1641819229
|switch|p1a: Slowbro|Slowbro, M|90/100 par
|-damage|p1a: Slowbro|77/100 par|[from] Stealth Rock
|move|p2a: Buzzwole|Thunder Punch|p1a: Slowbro
|-supereffective|p1a: Slowbro
|-damage|p1a: Slowbro|46/100 par
|
|upkeep
|turn|47
|
|t:|1641819236
|switch|p2a: Slowking|Slowking-Galar, F|100/100
|-damage|p2a: Slowking|88/100|[from] Stealth Rock
|move|p1a: Slowbro|Teleport|p1a: Slowbro
|
|t:|1641819243
|switch|p1a: Urshifu|Urshifu-Rapid-Strike, F|44/100|[from]move: Teleport
|-damage|p1a: Urshifu|38/100|[from] Stealth Rock
|
|upkeep
|turn|48
|
|t:|1641819246
|move|p1a: Urshifu|Close Combat|p2a: Slowking
|-resisted|p2a: Slowking
|-damage|p2a: Slowking|71/100
|-unboost|p1a: Urshifu|def|1
|-unboost|p1a: Urshifu|spd|1
|move|p2a: Slowking|Sludge Bomb|p1a: Urshifu
|-damage|p1a: Urshifu|0 fnt
|faint|p1a: Urshifu
|
|upkeep
|
|t:|1641819249
|switch|p1a: Weavile|Weavile, M|54/100
|turn|49
|
|t:|1641819262
|switch|p2a: Buzzwole|Buzzwole|67/100
|-damage|p2a: Buzzwole|54/100|[from] Stealth Rock
|move|p1a: Weavile|Knock Off|p2a: Buzzwole
|-resisted|p2a: Buzzwole
|-damage|p2a: Buzzwole|44/100
|
|upkeep
|turn|50
|
|t:|1641819265
|switch|p1a: Tapu Lele|Tapu Lele|47/100
|-damage|p1a: Tapu Lele|35/100|[from] Stealth Rock
|-fieldstart|move: Psychic Terrain|[from] ability: Psychic Surge|[of] p1a: Tapu Lele
|move|p2a: Buzzwole|Roost|p2a: Buzzwole
|-heal|p2a: Buzzwole|94/100
|-singleturn|p2a: Buzzwole|move: Roost
|
|upkeep
|turn|51
|
|t:|1641819270
|switch|p2a: Ferrothorn|Ferrothorn, F|52/100
|-damage|p2a: Ferrothorn|46/100|[from] Stealth Rock
|move|p1a: Tapu Lele|Psychic|p2a: Ferrothorn
|-resisted|p2a: Ferrothorn
|-damage|p2a: Ferrothorn|14/100
|-unboost|p2a: Ferrothorn|spd|1
|
|-heal|p2a: Ferrothorn|20/100|[from] item: Leftovers
|upkeep
|turn|52
|
|t:|1641819274
|move|p1a: Tapu Lele|Psychic|p2a: Ferrothorn
|-resisted|p2a: Ferrothorn
|-damage|p2a: Ferrothorn|0 fnt
|faint|p2a: Ferrothorn
|
|upkeep
|
|t:|1641819275
|switch|p2a: Slowking|Slowking-Galar, F|100/100
|-damage|p2a: Slowking|88/100|[from] Stealth Rock
|turn|53
|
|t:|1641819282
|switch|p1a: Slowbro|Slowbro, M|80/100 par
|-damage|p1a: Slowbro|67/100 par|[from] Stealth Rock
|move|p2a: Slowking|Sludge Bomb|p1a: Slowbro
|-damage|p1a: Slowbro|31/100 par
|
|upkeep
|turn|54
|
|t:|1641819286
|move|p2a: Slowking|Sludge Bomb|p1a: Slowbro
|-damage|p1a: Slowbro|0 fnt
|faint|p1a: Slowbro
|
|-fieldend|move: Psychic Terrain
|upkeep
|
|t:|1641819287
|switch|p1a: Weavile|Weavile, M|54/100
|turn|55
|
|t:|1641819296
|move|p1a: Weavile|Knock Off|p2a: Slowking
|-supereffective|p2a: Slowking
|-damage|p2a: Slowking|16/100
|move|p2a: Slowking|Flamethrower|p1a: Weavile
|-supereffective|p1a: Weavile
|-damage|p1a: Weavile|0 fnt
|faint|p1a: Weavile
|
|upkeep
|
|t:|1641819299
|switch|p1a: Tapu Lele|Tapu Lele|35/100
|-damage|p1a: Tapu Lele|23/100|[from] Stealth Rock
|-fieldstart|move: Psychic Terrain|[from] ability: Psychic Surge|[of] p1a: Tapu Lele
|turn|56
|
|t:|1641819303
|switch|p2a: Buzzwole|Buzzwole|94/100
|-damage|p2a: Buzzwole|82/100|[from] Stealth Rock
|move|p1a: Tapu Lele|Psychic|p2a: Buzzwole
|-supereffective|p2a: Buzzwole
|-damage|p2a: Buzzwole|0 fnt
|faint|p2a: Buzzwole
|
|upkeep
|
|t:|1641819307
|switch|p2a: Slowking|Slowking-Galar, F|49/100
|-damage|p2a: Slowking|37/100|[from] Stealth Rock
|turn|57
|
|t:|1641819309
|switch|p2a: Landorus|Landorus-Therian, M|100/100
|-damage|p2a: Landorus|88/100|[from] Stealth Rock
|-ability|p2a: Landorus|Intimidate|boost
|-unboost|p1a: Tapu Lele|atk|1
|move|p1a: Tapu Lele|Psychic|p2a: Landorus
|-damage|p2a: Landorus|0 fnt
|faint|p2a: Landorus
|
|upkeep
|
|t:|1641819311
|switch|p2a: Slowking|Slowking-Galar, F|70/100
|-damage|p2a: Slowking|58/100|[from] Stealth Rock
|turn|58
|
|t:|1641819312
|move|p1a: Tapu Lele|Psychic|p2a: Slowking
|-damage|p2a: Slowking|0 fnt
|faint|p2a: Slowking
|
|win|sl21cc ryekie
|raw|sl21cc ryekie's rating: 1259 &rarr; <strong>1273</strong><br />(+14 for winning)
|raw|SL21CC Leviathan's rating: 1225 &rarr; <strong>1210</strong><br />(-15 for losing)
|l|☆SL21CC Leviathan
