|raw|<div class="broadcast-blue"><strong>This battle is required to be public due to a player having a name starting with 'sl21cc'.</div>
|j|☆SL21CC KFC嫩牛五方
|j|☆SL21CC 91舒先生
|t:|1641821844
|gametype|singles
|player|p1|SL21CC KFC嫩牛五方|baker|1420
|player|p2|SL21CC 91舒先生|chickwayne.gif|1444
|teamsize|p1|6
|teamsize|p2|6
|gen|8
|tier|[Gen 8] OU
|rated|
|rule|Sleep Clause Mod: Limit one foe put to sleep
|rule|Species Clause: Limit one of each Pokémon
|rule|OHKO Clause: OHKO moves are banned
|rule|Evasion Moves Clause: Evasion moves are banned
|rule|Endless Battle Clause: Forcing endless battles is banned
|rule|HP Percentage Mod: HP is shown in percentages
|rule|Dynamax Clause: You cannot dynamax
|clearpoke
|poke|p1|Melmetal|
|poke|p1|Cresselia, F|
|poke|p1|Crawdaunt, M|
|poke|p1|Hatterene, F|
|poke|p1|Porygon2|
|poke|p1|Marowak-Alola, M|
|poke|p2|Tyranitar, F|
|poke|p2|Slowking, M|
|poke|p2|Tapu Koko|
|poke|p2|Buzzwole|
|poke|p2|Heatran, F|
|poke|p2|Landorus-Therian, M|
|teampreview
|inactive|Battle timer is ON: inactive players will automatically lose when time's up. (requested by SL21CC 91舒先生)
|c|☆SL21CC 91舒先生|就是你！
|c|☆SL21CC 91舒先生|盛秋
|c|☆SL21CC 91舒先生|😠
|c|☆SL21CC KFC嫩牛五方|哈哈
|j|+dragonitenb
|
|t:|1641821860
|start
|switch|p1a: Hatterene|Hatterene, F|100/100
|switch|p2a: Heatran|Heatran, F|100/100
|turn|1
|c|+dragonitenb|KFC
|c|+dragonitenb|加油
|
|t:|1641821867
|move|p2a: Heatran|Heavy Slam|p1a: Hatterene
|-supereffective|p1a: Hatterene
|-damage|p1a: Hatterene|44/100
|move|p1a: Hatterene|Trick Room|p1a: Hatterene
|-fieldstart|move: Trick Room|[of] p1a: Hatterene
|
|upkeep
|turn|2
|
|t:|1641821870
|move|p1a: Hatterene|Healing Wish|p1a: Hatterene
|faint|p1a: Hatterene
|move|p2a: Heatran|Stealth Rock|p1: Hatterene
|-sidestart|p1: SL21CC KFC嫩牛五方|move: Stealth Rock
|
|upkeep
|
|t:|1641821872
|switch|p1a: Knocked|Crawdaunt, M, shiny|100/100
|-damage|p1a: Knocked|88/100|[from] Stealth Rock
|turn|3
|j| wandebucuo玩得不错
|j| s121cc 华莱士
|inactive|SL21CC 91舒先生 has 120 seconds left.
|
|t:|1641821911
|switch|p2a: Buzzwole|Buzzwole|100/100
|move|p1a: Knocked|Swords Dance|p1a: Knocked
|-boost|p1a: Knocked|atk|2
|
|upkeep
|turn|4
|inactive|SL21CC 91舒先生 has 120 seconds left.
|j| burstbean
|
|t:|1641821931
|switch|p2a: Landorus|Landorus-Therian, M|100/100
|-ability|p2a: Landorus|Intimidate|boost
|-unboost|p1a: Knocked|atk|1
|move|p1a: Knocked|Crabhammer|p2a: Landorus
|-supereffective|p2a: Landorus
|-damage|p2a: Landorus|0 fnt
|faint|p2a: Landorus
|-damage|p1a: Knocked|78/100|[from] item: Life Orb
|
|upkeep
|c| wandebucuo玩得不错|KFC也换成这头像了233
|
|t:|1641821934
|switch|p2a: Buzzwole|Buzzwole|100/100
|turn|5
|j| jiokopg_fkok43
|
|t:|1641821944
|switch|p1a: Cresselia|Cresselia, F|100/100
|-damage|p1a: Cresselia|88/100|[from] Stealth Rock
|move|p2a: Buzzwole|Drain Punch|p1a: Cresselia
|-resisted|p1a: Cresselia
|-damage|p1a: Cresselia|80/100
|
|-fieldend|move: Trick Room
|upkeep
|turn|6
|j| SL21CC tangkeke
|
|t:|1641821953
|switch|p2a: Slowking|Slowking, M|100/100
|move|p1a: Cresselia|Moonlight|p1a: Cresselia
|-heal|p1a: Cresselia|100/100
|
|upkeep
|turn|7
|
|t:|1641821959
|switch|p1a: Porygon2|Porygon2|100/100
|-damage|p1a: Porygon2|88/100|[from] Stealth Rock
|-ability|p1a: Porygon2|Download|boost
|-boost|p1a: Porygon2|atk|1
|move|p2a: Slowking|Future Sight|p1a: Porygon2
|-start|p2a: Slowking|move: Future Sight
|
|upkeep
|turn|8
|j| adreamew
|
|t:|1641821963
|move|p2a: Slowking|Scald|p1a: Porygon2
|-damage|p1a: Porygon2|70/100
|move|p1a: Porygon2|Trick Room|p1a: Porygon2
|-fieldstart|move: Trick Room|[of] p1a: Porygon2
|
|upkeep
|turn|9
|
|t:|1641821969
|move|p2a: Slowking|Teleport|p2a: Slowking
|
|t:|1641821971
|switch|p2a: Buzzwole|Buzzwole|100/100|[from]move: Teleport
|move|p1a: Porygon2|Teleport|p1a: Porygon2
|
|t:|1641821974
|switch|p1a: Cresselia|Cresselia, F|100/100|[from]move: Teleport
|-damage|p1a: Cresselia|88/100|[from] Stealth Rock
|
|-end|p1a: Cresselia|move: Future Sight
|-resisted|p1a: Cresselia
|-damage|p1a: Cresselia|74/100
|upkeep
|turn|10
|
|t:|1641821993
|switch|p1a: Knocked|Crawdaunt, M, shiny|78/100
|-heal|p1a: Knocked|100/100|[from] move: Healing Wish
|-damage|p1a: Knocked|88/100|[from] Stealth Rock
|move|p2a: Buzzwole|Roost||[still]
|-fail|p2a: Buzzwole|heal
|
|upkeep
|turn|11
|j|♚Jqlove
|
|t:|1641822003
|switch|p1a: Marowak|Marowak-Alola, M|100/100
|-damage|p1a: Marowak|76/100|[from] Stealth Rock
|move|p2a: Buzzwole|Drain Punch|p1a: Marowak
|-immune|p1a: Marowak
|
|upkeep
|turn|12
|c|♚Jqlove|好高分啊
|
|t:|1641822020
|switch|p2a: Tyranitar|Tyranitar, F|100/100
|-weather|Sandstorm|[from] ability: Sand Stream|[of] p2a: Tyranitar
|move|p1a: Marowak|Bonemerang|p2a: Tyranitar|[miss]
|-miss|p1a: Marowak|p2a: Tyranitar
|
|-weather|Sandstorm|[upkeep]
|-damage|p1a: Marowak|70/100|[from] Sandstorm
|-fieldend|move: Trick Room
|upkeep
|turn|13
|j| sl21cckhl
|j|♚Master Origami♕
|
|t:|1641822028
|switch|p1a: Melmetal|Melmetal|100/100
|-damage|p1a: Melmetal|94/100|[from] Stealth Rock
|move|p2a: Tyranitar|Crunch|p1a: Melmetal
|-damage|p1a: Melmetal|58/100
|
|-weather|Sandstorm|[upkeep]
|upkeep
|turn|14
|
|t:|1641822048
|switch|p2a: Slowking|Slowking, M|100/100
|move|p1a: Melmetal|Double Iron Bash|p2a: Slowking
|-resisted|p2a: Slowking
|-damage|p2a: Slowking|70/100
|-resisted|p2a: Slowking
|-damage|p2a: Slowking|38/100
|-hitcount|p2a: Slowking|2
|
|-weather|Sandstorm|[upkeep]
|-damage|p2a: Slowking|32/100|[from] Sandstorm
|upkeep
|turn|15
|j| nonefacials
|
|t:|1641822062
|switch|p1a: Cresselia|Cresselia, F|74/100
|-damage|p1a: Cresselia|62/100|[from] Stealth Rock
|move|p2a: Slowking|Scald|p1a: Cresselia
|-damage|p1a: Cresselia|44/100
|
|-weather|Sandstorm|[upkeep]
|-damage|p1a: Cresselia|38/100|[from] Sandstorm
|-damage|p2a: Slowking|26/100|[from] Sandstorm
|upkeep
|turn|16
|l| burstbean
|
|t:|1641822068
|move|p2a: Slowking|Future Sight|p1a: Cresselia
|-start|p2a: Slowking|move: Future Sight
|move|p1a: Cresselia|Trick Room|p1a: Cresselia
|-fieldstart|move: Trick Room|[of] p1a: Cresselia
|
|-weather|none
|upkeep
|turn|17
|
|t:|1641822073
|move|p2a: Slowking|Slack Off|p2a: Slowking
|-heal|p2a: Slowking|76/100
|move|p1a: Cresselia|Lunar Dance|p1a: Cresselia
|faint|p1a: Cresselia
|
|upkeep
|
|t:|1641822075
|switch|p1a: Knocked|Crawdaunt, M, shiny|88/100
|-heal|p1a: Knocked|100/100|[from] move: Lunar Dance
|-damage|p1a: Knocked|88/100|[from] Stealth Rock
|turn|18
|
|t:|1641822082
|move|p2a: Slowking|Scald|p1a: Knocked
|-resisted|p1a: Knocked
|-damage|p1a: Knocked|64/100
|-status|p1a: Knocked|brn
|move|p1a: Knocked|Swords Dance|p1a: Knocked
|-boost|p1a: Knocked|atk|2
|
|-end|p1a: Knocked|move: Future Sight
|-immune|p1a: Knocked
|-damage|p1a: Knocked|58/100 brn|[from] brn
|upkeep
|turn|19
|
|t:|1641822087
|move|p1a: Knocked|Crabhammer|p2a: Slowking
|-resisted|p2a: Slowking
|-damage|p2a: Slowking|27/100
|-damage|p1a: Knocked|48/100 brn|[from] item: Life Orb
|move|p2a: Slowking|Teleport|p2a: Slowking
|
|t:|1641822090
|switch|p2a: Buzzwole|Buzzwole|100/100|[from]move: Teleport
|
|-damage|p1a: Knocked|42/100 brn|[from] brn
|upkeep
|turn|20
|j| burstbean
|
|t:|1641822093
|move|p1a: Knocked|Crabhammer|p2a: Buzzwole
|-crit|p2a: Buzzwole
|-damage|p2a: Buzzwole|35/100
|-damage|p1a: Knocked|32/100 brn|[from] item: Life Orb
|move|p2a: Buzzwole|Drain Punch|p1a: Knocked
|-supereffective|p1a: Knocked
|-damage|p1a: Knocked|0 fnt
|-heal|p2a: Buzzwole|47/100|[from] drain|[of] p1a: Knocked
|faint|p1a: Knocked
|-ability|p2a: Buzzwole|Beast Boost|boost
|-boost|p2a: Buzzwole|def|1
|
|-fieldend|move: Trick Room
|upkeep
|j| weilainevercome
|
|t:|1641822099
|switch|p1a: Porygon2|Porygon2|70/100
|-damage|p1a: Porygon2|57/100|[from] Stealth Rock
|-ability|p1a: Porygon2|Download|boost
|-boost|p1a: Porygon2|spa|1
|turn|21
|
|t:|1641822105
|switch|p2a: Tyranitar|Tyranitar, F|100/100
|-weather|Sandstorm|[from] ability: Sand Stream|[of] p2a: Tyranitar
|move|p1a: Porygon2|Thunderbolt|p2a: Tyranitar
|-crit|p2a: Tyranitar
|-damage|p2a: Tyranitar|60/100
|
|-weather|Sandstorm|[upkeep]
|-damage|p1a: Porygon2|51/100|[from] Sandstorm
|upkeep
|turn|22
|
|t:|1641822110
|move|p2a: Tyranitar|Rock Blast|p1a: Porygon2
|-damage|p1a: Porygon2|37/100
|-damage|p1a: Porygon2|21/100
|-hitcount|p1a: Porygon2|2
|move|p1a: Porygon2|Trick Room|p1a: Porygon2
|-fieldstart|move: Trick Room|[of] p1a: Porygon2
|
|-weather|Sandstorm|[upkeep]
|-damage|p1a: Porygon2|15/100|[from] Sandstorm
|upkeep
|turn|23
|
|t:|1641822116
|switch|p1a: Melmetal|Melmetal|58/100
|-damage|p1a: Melmetal|52/100|[from] Stealth Rock
|move|p2a: Tyranitar|Rock Blast|p1a: Melmetal
|-resisted|p1a: Melmetal
|-damage|p1a: Melmetal|46/100
|-resisted|p1a: Melmetal
|-damage|p1a: Melmetal|40/100
|-resisted|p1a: Melmetal
|-damage|p1a: Melmetal|34/100
|-resisted|p1a: Melmetal
|-damage|p1a: Melmetal|28/100
|-hitcount|p1a: Melmetal|4
|
|-weather|Sandstorm|[upkeep]
|upkeep
|turn|24
|
|t:|1641822139
|switch|p2a: Tapu Koko|Tapu Koko|100/100
|-fieldstart|move: Electric Terrain|[from] ability: Electric Surge|[of] p2a: Tapu Koko
|move|p1a: Melmetal|Superpower|p2a: Tapu Koko
|-resisted|p2a: Tapu Koko
|-damage|p2a: Tapu Koko|55/100
|-unboost|p1a: Melmetal|atk|1
|-unboost|p1a: Melmetal|def|1
|
|-weather|Sandstorm|[upkeep]
|-damage|p2a: Tapu Koko|49/100|[from] Sandstorm
|upkeep
|turn|25
|-message|SL21CC KFC嫩牛五方 forfeited.
|
|win|SL21CC 91舒先生
|raw|SL21CC KFC嫩牛五方's rating: 1420 &rarr; <strong>1401</strong><br />(-19 for losing)
|raw|SL21CC 91舒先生's rating: 1444 &rarr; <strong>1462</strong><br />(+18 for winning)
|l| weilainevercome
|l|☆SL21CC KFC嫩牛五方
|l| wandebucuo玩得不错
|l| sl21cckhl
|l| SL21CC tangkeke
|j| SL21CC tangkeke
|j| SL21CC Leviathan
|j| SL22CC 蜜雪冰城
