|raw|<div class="broadcast-blue"><strong>This battle is required to be public due to a player having a name starting with 'sl21cc'.</div>
|j|☆SL21CC姐ISthequeen
|j|☆SL21CC Mcdonald's
|t:|1641822229
|gametype|singles
|player|p1|SL21CC姐ISthequeen|cynthia|1301
|player|p2|SL21CC Mcdonald's|101|1217
|teamsize|p1|6
|teamsize|p2|6
|gen|8
|tier|[Gen 8] OU
|rated|
|rule|Sleep Clause Mod: Limit one foe put to sleep
|rule|Species Clause: Limit one of each Pokémon
|rule|OHKO Clause: OHKO moves are banned
|rule|Evasion Moves Clause: Evasion moves are banned
|rule|Endless Battle Clause: Forcing endless battles is banned
|rule|HP Percentage Mod: HP is shown in percentages
|rule|Dynamax Clause: You cannot dynamax
|clearpoke
|poke|p1|Tornadus-Therian, M|
|poke|p1|Heatran, M|
|poke|p1|Hippowdon, F|
|poke|p1|Corviknight, M|
|poke|p1|Clefable, F|
|poke|p1|Toxapex, F|
|poke|p2|Slowbro-Galar, F|
|poke|p2|Seismitoad, F|
|poke|p2|Mew|
|poke|p2|Melmetal|
|poke|p2|Clefable, M|
|poke|p2|Zapdos|
|teampreview
|inactive|Battle timer is ON: inactive players will automatically lose when time's up. (requested by SL21CC Mcdonald's)
|j| SL21CC 91舒先生
|c|☆SL21CC姐ISthequeen|鸡哥
|j| adreamew
|c|☆SL21CC姐ISthequeen|你啥时候排
|n|@chickwayne|sl21cc91
|c|☆SL21CC Mcdonald's|你就是女王
|c|☆SL21CC Mcdonald's|自信放光芒
|inactive|SL21CC姐ISthequeen has 120 seconds left.
|c|@chickwayne|哈哈
|c|@chickwayne|下次一起点
|c|☆SL21CC姐ISthequeen|牛
|
|t:|1641822271
|start
|switch|p1a: Hippowdon|Hippowdon, F|100/100
|switch|p2a: Zapdos|Zapdos|100/100
|-weather|Sandstorm|[from] ability: Sand Stream|[of] p1a: Hippowdon
|turn|1
|j|♚Jqlove
|
|t:|1641822279
|switch|p2a: Clefable|Clefable, M|100/100
|move|p1a: Hippowdon|Toxic|p2a: Clefable|[miss]
|-miss|p1a: Hippowdon|p2a: Clefable
|
|-weather|Sandstorm|[upkeep]
|upkeep
|turn|2
|
|t:|1641822284
|move|p2a: Clefable|Ice Beam|p1a: Hippowdon
|-supereffective|p1a: Hippowdon
|-damage|p1a: Hippowdon|56/100
|move|p1a: Hippowdon|Stealth Rock|p2a: Clefable
|-sidestart|p2: SL21CC Mcdonald's|move: Stealth Rock
|
|-weather|Sandstorm|[upkeep]
|-heal|p1a: Hippowdon|62/100|[from] item: Leftovers
|upkeep
|turn|3
|
|t:|1641822287
|move|p2a: Clefable|Focus Blast|p1a: Hippowdon|[miss]
|-miss|p2a: Clefable|p1a: Hippowdon
|move|p1a: Hippowdon|Slack Off|p1a: Hippowdon
|-heal|p1a: Hippowdon|100/100
|
|-weather|Sandstorm|[upkeep]
|upkeep
|turn|4
|
|t:|1641822290
|move|p2a: Clefable|Ice Beam|p1a: Hippowdon
|-supereffective|p1a: Hippowdon
|-damage|p1a: Hippowdon|53/100
|move|p1a: Hippowdon|Earthquake|p2a: Clefable
|-damage|p2a: Clefable|52/100
|
|-weather|Sandstorm|[upkeep]
|-heal|p1a: Hippowdon|59/100|[from] item: Leftovers
|upkeep
|turn|5
|
|t:|1641822293
|move|p2a: Clefable|Ice Beam|p1a: Hippowdon
|-supereffective|p1a: Hippowdon
|-damage|p1a: Hippowdon|10/100
|move|p1a: Hippowdon|Slack Off|p1a: Hippowdon
|-heal|p1a: Hippowdon|60/100
|
|-weather|none
|-heal|p1a: Hippowdon|66/100|[from] item: Leftovers
|upkeep
|turn|6
|
|t:|1641822295
|move|p2a: Clefable|Ice Beam|p1a: Hippowdon
|-supereffective|p1a: Hippowdon
|-damage|p1a: Hippowdon|18/100
|move|p1a: Hippowdon|Slack Off|p1a: Hippowdon
|-heal|p1a: Hippowdon|68/100
|
|-heal|p1a: Hippowdon|74/100|[from] item: Leftovers
|upkeep
|turn|7
|
|t:|1641822297
|move|p2a: Clefable|Ice Beam|p1a: Hippowdon
|-supereffective|p1a: Hippowdon
|-damage|p1a: Hippowdon|23/100
|move|p1a: Hippowdon|Slack Off|p1a: Hippowdon
|-heal|p1a: Hippowdon|73/100
|
|-heal|p1a: Hippowdon|80/100|[from] item: Leftovers
|upkeep
|turn|8
|
|t:|1641822299
|switch|p1a: Heatran|Heatran, M|100/100
|move|p2a: Clefable|Ice Beam|p1a: Heatran
|-resisted|p1a: Heatran
|-damage|p1a: Heatran|95/100
|
|-heal|p1a: Heatran|100/100|[from] item: Leftovers
|upkeep
|turn|9
|
|t:|1641822302
|move|p2a: Clefable|Focus Blast|p1a: Heatran
|-supereffective|p1a: Heatran
|-damage|p1a: Heatran|37/100
|-unboost|p1a: Heatran|spd|1
|move|p1a: Heatran|Magma Storm|p2a: Clefable
|-damage|p2a: Clefable|0 fnt
|faint|p2a: Clefable
|
|-heal|p1a: Heatran|44/100|[from] item: Leftovers
|upkeep
|
|t:|1641822306
|switch|p2a: Mew|Mew|100/100
|-damage|p2a: Mew|88/100|[from] Stealth Rock
|turn|10
|
|t:|1641822310
|move|p2a: Mew|Dragon Dance|p2a: Mew
|-boost|p2a: Mew|atk|1
|-boost|p2a: Mew|spe|1
|move|p1a: Heatran|Will-O-Wisp|p2a: Mew
|-status|p2a: Mew|brn
|-activate|p2a: Mew|ability: Synchronize
|-immune|p1a: Heatran
|
|-heal|p1a: Heatran|50/100|[from] item: Leftovers
|-damage|p2a: Mew|82/100 brn|[from] brn
|upkeep
|turn|11
|
|t:|1641822318
|switch|p1a: Toxapex|Toxapex, F|100/100
|move|p2a: Mew|Close Combat|p1a: Toxapex
|-resisted|p1a: Toxapex
|-damage|p1a: Toxapex|92/100
|-unboost|p2a: Mew|def|1
|-unboost|p2a: Mew|spd|1
|
|-damage|p2a: Mew|76/100 brn|[from] brn
|upkeep
|turn|12
|
|t:|1641822323
|move|p2a: Mew|Psychic Fangs|p1a: Toxapex
|-supereffective|p1a: Toxapex
|-damage|p1a: Toxapex|57/100
|move|p1a: Toxapex|Haze|p1a: Toxapex
|-clearallboost
|
|-damage|p2a: Mew|70/100 brn|[from] brn
|upkeep
|turn|13
|
|t:|1641822329
|switch|p2a: Seismitoad|Seismitoad, F|100/100
|-damage|p2a: Seismitoad|94/100|[from] Stealth Rock
|switch|p1a: Clefable|Clefable, F|100/100
|
|-heal|p2a: Seismitoad|100/100|[from] item: Leftovers
|upkeep
|turn|14
|
|t:|1641822333
|move|p2a: Seismitoad|Stealth Rock|p1a: Clefable
|-sidestart|p1: SL21CC姐ISthequeen|move: Stealth Rock
|move|p1a: Clefable|Moonblast|p2a: Seismitoad
|-damage|p2a: Seismitoad|65/100
|
|-heal|p2a: Seismitoad|71/100|[from] item: Leftovers
|upkeep
|turn|15
|j| s121cc 华莱士
|
|t:|1641822338
|move|p2a: Seismitoad|Toxic|p1a: Clefable
|-status|p1a: Clefable|tox
|move|p1a: Clefable|Moonblast|p2a: Seismitoad
|-damage|p2a: Seismitoad|36/100
|-unboost|p2a: Seismitoad|spa|1
|
|-heal|p2a: Seismitoad|43/100|[from] item: Leftovers
|upkeep
|turn|16
|
|t:|1641822344
|switch|p2a: Mew|Mew|70/100 brn
|-damage|p2a: Mew|57/100 brn|[from] Stealth Rock
|move|p1a: Clefable|Moonblast|p2a: Mew
|-damage|p2a: Mew|7/100 brn
|
|-damage|p2a: Mew|1/100 brn|[from] brn
|upkeep
|turn|17
|j|♚Master Origami♕
|
|t:|1641822352
|switch|p1a: Toxapex|Toxapex, F|90/100
|-damage|p1a: Toxapex|78/100|[from] Stealth Rock
|move|p2a: Mew|Psychic Fangs|p1a: Toxapex
|-supereffective|p1a: Toxapex
|-damage|p1a: Toxapex|51/100
|
|-damage|p2a: Mew|0 fnt|[from] brn
|faint|p2a: Mew
|upkeep
|
|t:|1641822354
|switch|p2a: Slowbro|Slowbro-Galar, F|100/100
|-damage|p2a: Slowbro|88/100|[from] Stealth Rock
|turn|18
|-activate|p2a: Slowbro|ability: Quick Draw
|
|t:|1641822360
|move|p2a: Slowbro|Psyshock|p1a: Toxapex
|-supereffective|p1a: Toxapex
|-damage|p1a: Toxapex|1/100
|move|p1a: Toxapex|Knock Off|p2a: Slowbro
|-supereffective|p2a: Slowbro
|-damage|p2a: Slowbro|60/100
|-enditem|p2a: Slowbro|Quick Claw|[from] move: Knock Off|[of] p1a: Toxapex
|
|upkeep
|turn|19
|
|t:|1641822366
|switch|p1a: Hippowdon|Hippowdon, F|80/100
|-damage|p1a: Hippowdon|73/100|[from] Stealth Rock
|-weather|Sandstorm|[from] ability: Sand Stream|[of] p1a: Hippowdon
|move|p2a: Slowbro|Nasty Plot|p2a: Slowbro
|-boost|p2a: Slowbro|spa|2
|
|-weather|Sandstorm|[upkeep]
|-damage|p2a: Slowbro|54/100|[from] Sandstorm
|-heal|p1a: Hippowdon|80/100|[from] item: Leftovers
|upkeep
|turn|20
|
|t:|1641822369
|move|p1a: Hippowdon|Earthquake|p2a: Slowbro
|-supereffective|p2a: Slowbro
|-damage|p2a: Slowbro|0 fnt
|faint|p2a: Slowbro
|
|-weather|Sandstorm|[upkeep]
|-heal|p1a: Hippowdon|86/100|[from] item: Leftovers
|upkeep
|j| sl21cckhl
|
|t:|1641822371
|switch|p2a: Melmetal|Melmetal|100/100
|-damage|p2a: Melmetal|94/100|[from] Stealth Rock
|turn|21
|c| adreamew|要表演那个了吗
|-activate|p2a: Melmetal|item: Quick Claw
|
|t:|1641822377
|switch|p1a: Corviknight|Corviknight, M|100/100
|-damage|p1a: Corviknight|88/100|[from] Stealth Rock
|-ability|p1a: Corviknight|Pressure
|move|p2a: Melmetal|Double Iron Bash|p1a: Corviknight
|-resisted|p1a: Corviknight
|-damage|p1a: Corviknight|74/100
|-resisted|p1a: Corviknight
|-damage|p1a: Corviknight|61/100
|-hitcount|p1a: Corviknight|2
|
|-weather|Sandstorm|[upkeep]
|-heal|p1a: Corviknight|67/100|[from] item: Leftovers
|upkeep
|turn|22
|l|♚Jqlove
|
|t:|1641822380
|move|p1a: Corviknight|Iron Defense|p1a: Corviknight
|-boost|p1a: Corviknight|def|2
|move|p2a: Melmetal|Thunder Punch|p1a: Corviknight
|-supereffective|p1a: Corviknight
|-damage|p1a: Corviknight|43/100
|
|-weather|Sandstorm|[upkeep]
|-heal|p1a: Corviknight|49/100|[from] item: Leftovers
|upkeep
|turn|23
|
|t:|1641822385
|switch|p2a: Zapdos|Zapdos|100/100
|move|p1a: Corviknight|Roost|p1a: Corviknight
|-heal|p1a: Corviknight|99/100
|-singleturn|p1a: Corviknight|move: Roost
|
|-weather|none
|-heal|p1a: Corviknight|100/100|[from] item: Leftovers
|upkeep
|turn|24
|c| adreamew|啊，没有表演起来
|
|t:|1641822394
|switch|p1a: Hippowdon|Hippowdon, F|86/100
|-damage|p1a: Hippowdon|80/100|[from] Stealth Rock
|-weather|Sandstorm|[from] ability: Sand Stream|[of] p1a: Hippowdon
|move|p2a: Zapdos|Hurricane|p1a: Hippowdon
|-damage|p1a: Hippowdon|39/100
|
|-weather|Sandstorm|[upkeep]
|-damage|p2a: Zapdos|94/100|[from] Sandstorm
|-heal|p1a: Hippowdon|45/100|[from] item: Leftovers
|upkeep
|turn|25
|
|t:|1641822400
|move|p2a: Zapdos|Hurricane|p1a: Hippowdon
|-damage|p1a: Hippowdon|5/100
|-start|p1a: Hippowdon|confusion
|-activate|p1a: Hippowdon|confusion
|move|p1a: Hippowdon|Toxic|p2a: Zapdos
|-status|p2a: Zapdos|tox
|
|-weather|Sandstorm|[upkeep]
|-damage|p2a: Zapdos|88/100 tox|[from] Sandstorm
|-heal|p1a: Hippowdon|11/100|[from] item: Leftovers
|-damage|p2a: Zapdos|82/100 tox|[from] psn
|upkeep
|turn|26
|
|t:|1641822404
|move|p2a: Zapdos|Hurricane|p1a: Hippowdon
|-damage|p1a: Hippowdon|0 fnt
|faint|p1a: Hippowdon
|
|-weather|Sandstorm|[upkeep]
|-damage|p2a: Zapdos|76/100 tox|[from] Sandstorm
|-damage|p2a: Zapdos|64/100 tox|[from] psn
|upkeep
|
|t:|1641822406
|switch|p1a: Clefable|Clefable, F|100/100 tox
|turn|27
|
|t:|1641822408
|switch|p2a: Melmetal|Melmetal|94/100
|-damage|p2a: Melmetal|88/100|[from] Stealth Rock
|move|p1a: Clefable|Moonblast|p2a: Melmetal
|-resisted|p2a: Melmetal
|-damage|p2a: Melmetal|63/100
|
|-weather|Sandstorm|[upkeep]
|upkeep
|turn|28
|
|t:|1641822412
|switch|p1a: Corviknight|Corviknight, M|100/100
|-damage|p1a: Corviknight|88/100|[from] Stealth Rock
|-ability|p1a: Corviknight|Pressure
|move|p2a: Melmetal|Double Iron Bash|p1a: Corviknight
|-resisted|p1a: Corviknight
|-damage|p1a: Corviknight|75/100
|-resisted|p1a: Corviknight
|-damage|p1a: Corviknight|61/100
|-hitcount|p1a: Corviknight|2
|
|-weather|none
|-heal|p1a: Corviknight|67/100|[from] item: Leftovers
|upkeep
|turn|29
|
|t:|1641822415
|move|p1a: Corviknight|Roost|p1a: Corviknight
|-heal|p1a: Corviknight|100/100
|-singleturn|p1a: Corviknight|move: Roost
|move|p2a: Melmetal|Thunder Punch|p1a: Corviknight
|-damage|p1a: Corviknight|78/100
|
|-heal|p1a: Corviknight|84/100|[from] item: Leftovers
|upkeep
|turn|30
|
|t:|1641822418
|move|p1a: Corviknight|Iron Defense|p1a: Corviknight
|-boost|p1a: Corviknight|def|2
|move|p2a: Melmetal|Thunder Punch|p1a: Corviknight
|-supereffective|p1a: Corviknight
|-damage|p1a: Corviknight|60/100
|
|-heal|p1a: Corviknight|66/100|[from] item: Leftovers
|upkeep
|turn|31
|
|t:|1641822420
|switch|p2a: Zapdos|Zapdos|64/100 tox
|move|p1a: Corviknight|Roost|p1a: Corviknight
|-heal|p1a: Corviknight|100/100
|-singleturn|p1a: Corviknight|move: Roost
|
|-damage|p2a: Zapdos|58/100 tox|[from] psn
|upkeep
|turn|32
|
|t:|1641822425
|switch|p1a: Clefable|Clefable, F|100/100 tox
|move|p2a: Zapdos|Thunderbolt|p1a: Clefable
|-damage|p1a: Clefable|57/100 tox
|
|-damage|p2a: Zapdos|46/100 tox|[from] psn
|upkeep
|turn|33
|
|t:|1641822428
|move|p2a: Zapdos|Hurricane|p1a: Clefable|[miss]
|-miss|p2a: Zapdos|p1a: Clefable
|move|p1a: Clefable|Soft-Boiled|p1a: Clefable
|-heal|p1a: Clefable|100/100 tox
|
|-damage|p2a: Zapdos|28/100 tox|[from] psn
|upkeep
|turn|34
|
|t:|1641822430
|switch|p2a: Melmetal|Melmetal|63/100
|-damage|p2a: Melmetal|57/100|[from] Stealth Rock
|move|p1a: Clefable|Moonblast|p2a: Melmetal
|-resisted|p2a: Melmetal
|-damage|p2a: Melmetal|32/100
|-unboost|p2a: Melmetal|spa|1
|
|upkeep
|turn|35
|
|t:|1641822433
|move|p1a: Clefable|Thunder|p2a: Melmetal
|-damage|p2a: Melmetal|0 fnt
|faint|p2a: Melmetal
|
|upkeep
|j| SL21CC 东方不败
|-message|SL21CC Mcdonald's forfeited.
|
|win|SL21CC姐ISthequeen
|raw|SL21CC姐ISthequeen's rating: 1301 &rarr; <strong>1313</strong><br />(+12 for winning)
|raw|SL21CC Mcdonald&apos;s's rating: 1217 &rarr; <strong>1205</strong><br />(-12 for losing)
|l|☆SL21CC Mcdonald's
