|raw|<div class="broadcast-blue"><strong>This battle is required to be public due to a player having a name starting with 'sl21cc'.</div>
|j|☆SL21CC91影先生
|j|☆9skythunderouskick
|t:|1641740020
|gametype|singles
|player|p1|SL21CC91影先生|acetrainer-gen4dp|1364
|player|p2|9skythunderouskick|101|1297
|teamsize|p1|6
|teamsize|p2|6
|gen|8
|tier|[Gen 8] OU
|rated|
|rule|Sleep Clause Mod: Limit one foe put to sleep
|rule|Species Clause: Limit one of each Pokémon
|rule|OHKO Clause: OHKO moves are banned
|rule|Evasion Moves Clause: Evasion moves are banned
|rule|Endless Battle Clause: Forcing endless battles is banned
|rule|HP Percentage Mod: HP is shown in percentages
|rule|Dynamax Clause: You cannot dynamax
|clearpoke
|poke|p1|Zapdos-Galar|
|poke|p1|Slowbro, M|
|poke|p1|Ferrothorn, F|
|poke|p1|Tapu Koko|
|poke|p1|Heatran, M|
|poke|p1|Landorus-Therian, M|
|poke|p2|Slowbro-Galar, F|
|poke|p2|Seismitoad, M|
|poke|p2|Mew|
|poke|p2|Melmetal|
|poke|p2|Clefable, M|
|poke|p2|Zapdos|
|teampreview
|j| water GH0ST
|j| sl21cckhl
|c|☆SL21CC91影先生|文公是吧😠
|inactive|Battle timer is ON: inactive players will automatically lose when time's up. (requested by SL21CC91影先生)
|j| adreamew
|c| water GH0ST|鸡头哥来了我去喊开哥
|
|t:|1641740044
|start
|switch|p1a: Landorus|Landorus-Therian, M|100/100
|switch|p2a: Clefable|Clefable, M|100/100
|-ability|p1a: Landorus|Intimidate|boost
|-unboost|p2a: Clefable|atk|1
|turn|1
|c|☆9skythunderouskick|我是鱼鳞
|
|t:|1641740048
|move|p1a: Landorus|U-turn|p2a: Clefable
|-resisted|p2a: Clefable
|-damage|p2a: Clefable|85/100
|j| Renwu
|
|t:|1641740063
|switch|p1a: Heatran|Heatran, M|100/100|[from]move: U-turn
|move|p2a: Clefable|Ice Beam|p1a: Heatran
|-resisted|p1a: Heatran
|-damage|p1a: Heatran|92/100
|
|-heal|p1a: Heatran|98/100|[from] item: Leftovers
|upkeep
|turn|2
|
|t:|1641740066
|move|p1a: Heatran|Magma Storm|p2a: Clefable
|-damage|p2a: Clefable|26/100
|-activate|p2a: Clefable|move: Magma Storm|[of] p1a: Heatran
|move|p2a: Clefable|Focus Blast|p1a: Heatran|[miss]
|-miss|p2a: Clefable|p1a: Heatran
|
|-heal|p1a: Heatran|100/100|[from] item: Leftovers
|upkeep
|turn|3
|j| eastnovel
|
|t:|1641740071
|move|p1a: Heatran|Earth Power|p2a: Clefable
|-damage|p2a: Clefable|0 fnt
|faint|p2a: Clefable
|
|upkeep
|j| SL21CC Leviathan
|
|t:|1641740076
|switch|p2a: Seismitoad|Seismitoad, M|100/100
|turn|4
|
|t:|1641740080
|switch|p1a: Landorus|Landorus-Therian, M|100/100
|-ability|p1a: Landorus|Intimidate|boost
|-unboost|p2a: Seismitoad|atk|1
|move|p2a: Seismitoad|Stealth Rock|p1a: Landorus
|-sidestart|p1: SL21CC91影先生|move: Stealth Rock
|
|upkeep
|turn|5
|
|t:|1641740082
|move|p1a: Landorus|Toxic|p2a: Seismitoad
|-status|p2a: Seismitoad|tox
|move|p2a: Seismitoad|Scald|p1a: Landorus
|-supereffective|p1a: Landorus
|-crit|p1a: Landorus
|-damage|p1a: Landorus|40/100
|
|-heal|p1a: Landorus|46/100|[from] item: Leftovers
|-damage|p2a: Seismitoad|94/100 tox|[from] psn
|upkeep
|turn|6
|
|t:|1641740091
|switch|p2a: Zapdos|Zapdos|100/100
|move|p1a: Landorus|Earthquake|p2a: Zapdos
|-immune|p2a: Zapdos
|
|-heal|p1a: Landorus|52/100|[from] item: Leftovers
|upkeep
|turn|7
|
|t:|1641740096
|switch|p1a: Tapu Koko|Tapu Koko|100/100
|-fieldstart|move: Electric Terrain|[from] ability: Electric Surge|[of] p1a: Tapu Koko
|move|p2a: Zapdos|Hurricane|p1a: Tapu Koko
|-resisted|p1a: Tapu Koko
|-damage|p1a: Tapu Koko|56/100
|
|upkeep
|turn|8
|
|t:|1641740102
|switch|p2a: Melmetal|Melmetal|100/100
|move|p1a: Tapu Koko|Roost|p1a: Tapu Koko
|-heal|p1a: Tapu Koko|100/100
|-singleturn|p1a: Tapu Koko|move: Roost
|
|upkeep
|turn|9
|
|t:|1641740107
|move|p1a: Tapu Koko|Volt Switch|p2a: Melmetal
|-damage|p2a: Melmetal|59/100
|
|t:|1641740110
|switch|p1a: Ferrothorn|Ferrothorn, F|100/100|[from]move: Volt Switch
|-damage|p1a: Ferrothorn|94/100|[from] Stealth Rock
|move|p2a: Melmetal|Superpower|p1a: Ferrothorn
|-supereffective|p1a: Ferrothorn
|-damage|p1a: Ferrothorn|33/100
|-unboost|p2a: Melmetal|atk|1
|-unboost|p2a: Melmetal|def|1
|-damage|p2a: Melmetal|47/100|[from] ability: Iron Barbs|[of] p1a: Ferrothorn
|
|-heal|p1a: Ferrothorn|39/100|[from] item: Leftovers
|upkeep
|turn|10
|
|t:|1641740115
|switch|p1a: Slowbro|Slowbro, M|100/100
|-damage|p1a: Slowbro|88/100|[from] Stealth Rock
|move|p2a: Melmetal|Superpower|p1a: Slowbro
|-resisted|p1a: Slowbro
|-damage|p1a: Slowbro|79/100
|-unboost|p2a: Melmetal|atk|1
|-unboost|p2a: Melmetal|def|1
|
|upkeep
|turn|11
|
|t:|1641740123
|switch|p2a: Mew|Mew|100/100
|move|p1a: Slowbro|Teleport|p1a: Slowbro
|
|t:|1641740130
|switch|p1a: Tapu Koko|Tapu Koko|100/100|[from]move: Teleport
|
|-fieldend|move: Electric Terrain
|upkeep
|turn|12
|
|t:|1641740135
|switch|p2a: Seismitoad|Seismitoad, M|94/100 tox
|move|p1a: Tapu Koko|Volt Switch|p2a: Seismitoad
|-immune|p2a: Seismitoad
|
|-heal|p2a: Seismitoad|100/100 tox|[from] item: Leftovers
|-damage|p2a: Seismitoad|94/100 tox|[from] psn
|upkeep
|turn|13
|
|t:|1641740145
|switch|p1a: Slowbro|Slowbro, M|100/100
|-damage|p1a: Slowbro|88/100|[from] Stealth Rock
|move|p2a: Seismitoad|Earthquake|p1a: Slowbro
|-damage|p1a: Slowbro|70/100
|
|-heal|p2a: Seismitoad|100/100 tox|[from] item: Leftovers
|-damage|p2a: Seismitoad|88/100 tox|[from] psn
|upkeep
|turn|14
|
|t:|1641740149
|switch|p2a: Slowbro|Slowbro-Galar, F|100/100
|move|p1a: Slowbro|Teleport|p1a: Slowbro
|
|t:|1641740161
|switch|p1a: Heatran|Heatran, M|100/100|[from]move: Teleport
|-damage|p1a: Heatran|88/100|[from] Stealth Rock
|
|-heal|p1a: Heatran|94/100|[from] item: Leftovers
|upkeep
|turn|15
|
|t:|1641740164
|switch|p2a: Seismitoad|Seismitoad, M|88/100 tox
|move|p1a: Heatran|Earth Power|p2a: Seismitoad
|-damage|p2a: Seismitoad|66/100 tox
|
|-heal|p1a: Heatran|99/100|[from] item: Leftovers
|-heal|p2a: Seismitoad|72/100 tox|[from] item: Leftovers
|-damage|p2a: Seismitoad|66/100 tox|[from] psn
|upkeep
|turn|16
|
|t:|1641740170
|switch|p1a: Slowbro|Slowbro, M|100/100
|-damage|p1a: Slowbro|88/100|[from] Stealth Rock
|switch|p2a: Slowbro|Slowbro-Galar, F|100/100
|
|upkeep
|turn|17
|
|t:|1641740174
|move|p2a: Slowbro|Nasty Plot|p2a: Slowbro
|-boost|p2a: Slowbro|spa|2
|move|p1a: Slowbro|Future Sight|p2a: Slowbro
|-start|p1a: Slowbro|move: Future Sight
|
|upkeep
|turn|18
|
|t:|1641740181
|switch|p1a: Ferrothorn|Ferrothorn, F|39/100
|-damage|p1a: Ferrothorn|33/100|[from] Stealth Rock
|move|p2a: Slowbro|Nasty Plot|p2a: Slowbro
|-boost|p2a: Slowbro|spa|2
|
|-heal|p1a: Ferrothorn|39/100|[from] item: Leftovers
|upkeep
|turn|19
|l| water GH0ST
|-activate|p2a: Slowbro|ability: Quick Draw
|
|t:|1641740187
|move|p2a: Slowbro|Ice Beam|p1a: Ferrothorn
|-damage|p1a: Ferrothorn|0 fnt
|faint|p1a: Ferrothorn
|
|-end|p2a: Slowbro|move: Future Sight
|-damage|p2a: Slowbro|53/100
|upkeep
|
|t:|1641740192
|switch|p1a: Landorus|Landorus-Therian, M|52/100
|-damage|p1a: Landorus|39/100|[from] Stealth Rock
|-ability|p1a: Landorus|Intimidate|boost
|-unboost|p2a: Slowbro|atk|1
|turn|20
|
|t:|1641740194
|move|p1a: Landorus|Earthquake|p2a: Slowbro
|-supereffective|p2a: Slowbro
|-damage|p2a: Slowbro|0 fnt
|faint|p2a: Slowbro
|
|-heal|p1a: Landorus|45/100|[from] item: Leftovers
|upkeep
|
|t:|1641740198
|switch|p2a: Mew|Mew|100/100
|turn|21
|c|☆SL21CC91影先生|呼
|j| water GH0ST
|
|t:|1641740203
|switch|p1a: Slowbro|Slowbro, M|100/100
|-damage|p1a: Slowbro|88/100|[from] Stealth Rock
|move|p2a: Mew|Dragon Dance|p2a: Mew
|-boost|p2a: Mew|atk|1
|-boost|p2a: Mew|spe|1
|
|upkeep
|turn|22
|
|t:|1641740205
|move|p2a: Mew|Dragon Dance|p2a: Mew
|-boost|p2a: Mew|atk|1
|-boost|p2a: Mew|spe|1
|move|p1a: Slowbro|Scald|p2a: Mew
|-damage|p2a: Mew|70/100
|
|-heal|p2a: Mew|76/100|[from] item: Leftovers
|upkeep
|turn|23
|
|t:|1641740209
|switch|p2a: Seismitoad|Seismitoad, M|66/100 tox
|move|p1a: Slowbro|Scald|p2a: Seismitoad
|-heal|p2a: Seismitoad|91/100 tox|[from] ability: Water Absorb|[of] p1a: Slowbro
|
|-heal|p2a: Seismitoad|97/100 tox|[from] item: Leftovers
|-damage|p2a: Seismitoad|91/100 tox|[from] psn
|upkeep
|turn|24
|
|t:|1641740217
|move|p2a: Seismitoad|Toxic|p1a: Slowbro
|-status|p1a: Slowbro|tox
|move|p1a: Slowbro|Future Sight|p2a: Seismitoad
|-start|p1a: Slowbro|move: Future Sight
|
|-heal|p2a: Seismitoad|97/100 tox|[from] item: Leftovers
|-damage|p2a: Seismitoad|85/100 tox|[from] psn
|-damage|p1a: Slowbro|82/100 tox|[from] psn
|upkeep
|turn|25
|
|t:|1641740220
|switch|p2a: Melmetal|Melmetal|47/100
|move|p1a: Slowbro|Teleport|p1a: Slowbro
|j| jingtianlangtaosha
|
|t:|1641740239
|switch|p1a: Heatran|Heatran, M|99/100|[from]move: Teleport
|-damage|p1a: Heatran|88/100|[from] Stealth Rock
|
|-heal|p1a: Heatran|94/100|[from] item: Leftovers
|upkeep
|turn|26
|
|t:|1641740241
|move|p1a: Heatran|Earth Power|p2a: Melmetal
|-supereffective|p2a: Melmetal
|-damage|p2a: Melmetal|0 fnt
|faint|p2a: Melmetal
|
|-hint|Future Sight did not hit because the target is fainted.
|-heal|p1a: Heatran|99/100|[from] item: Leftovers
|upkeep
|
|t:|1641740245
|switch|p2a: Seismitoad|Seismitoad, M|85/100 tox
|turn|27
|
|t:|1641740252
|switch|p1a: Slowbro|Slowbro, M|100/100 tox
|-damage|p1a: Slowbro|88/100 tox|[from] Stealth Rock
|move|p2a: Seismitoad|Earthquake|p1a: Slowbro
|-damage|p1a: Slowbro|68/100 tox
|
|-heal|p2a: Seismitoad|91/100 tox|[from] item: Leftovers
|-damage|p2a: Seismitoad|85/100 tox|[from] psn
|-damage|p1a: Slowbro|62/100 tox|[from] psn
|upkeep
|turn|28
|
|t:|1641740256
|switch|p2a: Zapdos|Zapdos|100/100
|move|p1a: Slowbro|Teleport|p1a: Slowbro
|
|t:|1641740260
|switch|p1a: Tapu Koko|Tapu Koko|100/100|[from]move: Teleport
|-fieldstart|move: Electric Terrain|[from] ability: Electric Surge|[of] p1a: Tapu Koko
|
|upkeep
|turn|29
|
|t:|1641740264
|switch|p2a: Seismitoad|Seismitoad, M|85/100 tox
|move|p1a: Tapu Koko|Thunderbolt|p2a: Seismitoad
|-immune|p2a: Seismitoad
|
|-heal|p2a: Seismitoad|91/100 tox|[from] item: Leftovers
|-damage|p2a: Seismitoad|85/100 tox|[from] psn
|upkeep
|turn|30
|
|t:|1641740268
|switch|p1a: Slowbro|Slowbro, M|95/100 tox
|-damage|p1a: Slowbro|83/100 tox|[from] Stealth Rock
|switch|p2a: Zapdos|Zapdos|100/100
|
|-damage|p1a: Slowbro|77/100 tox|[from] psn
|upkeep
|turn|31
|
|t:|1641740271
|switch|p1a: Tapu Koko|Tapu Koko|100/100
|move|p2a: Zapdos|Hurricane|p1a: Tapu Koko
|-resisted|p1a: Tapu Koko
|-damage|p1a: Tapu Koko|53/100
|
|upkeep
|turn|32
|
|t:|1641740275
|switch|p2a: Seismitoad|Seismitoad, M|85/100 tox
|move|p1a: Tapu Koko|Roost|p1a: Tapu Koko
|-heal|p1a: Tapu Koko|100/100
|-singleturn|p1a: Tapu Koko|move: Roost
|
|-heal|p2a: Seismitoad|91/100 tox|[from] item: Leftovers
|-damage|p2a: Seismitoad|85/100 tox|[from] psn
|-fieldend|move: Electric Terrain
|upkeep
|turn|33
|
|t:|1641740279
|switch|p1a: Slowbro|Slowbro, M|100/100 tox
|-damage|p1a: Slowbro|88/100 tox|[from] Stealth Rock
|switch|p2a: Zapdos|Zapdos|100/100
|
|-damage|p1a: Slowbro|82/100 tox|[from] psn
|upkeep
|turn|34
|
|t:|1641740282
|switch|p1a: Tapu Koko|Tapu Koko|100/100
|-fieldstart|move: Electric Terrain|[from] ability: Electric Surge|[of] p1a: Tapu Koko
|move|p2a: Zapdos|Thunderbolt|p1a: Tapu Koko
|-resisted|p1a: Tapu Koko
|-damage|p1a: Tapu Koko|61/100
|
|upkeep
|turn|35
|
|t:|1641740285
|switch|p2a: Seismitoad|Seismitoad, M|85/100 tox
|move|p1a: Tapu Koko|Roost|p1a: Tapu Koko
|-heal|p1a: Tapu Koko|100/100
|-singleturn|p1a: Tapu Koko|move: Roost
|
|-heal|p2a: Seismitoad|91/100 tox|[from] item: Leftovers
|-damage|p2a: Seismitoad|85/100 tox|[from] psn
|upkeep
|turn|36
|
|t:|1641740289
|switch|p1a: Slowbro|Slowbro, M|100/100 tox
|-damage|p1a: Slowbro|88/100 tox|[from] Stealth Rock
|switch|p2a: Zapdos|Zapdos|100/100
|
|-damage|p1a: Slowbro|82/100 tox|[from] psn
|upkeep
|turn|37
|
|t:|1641740295
|switch|p1a: Tapu Koko|Tapu Koko|100/100
|move|p2a: Zapdos|Hurricane|p1a: Tapu Koko
|-resisted|p1a: Tapu Koko
|-damage|p1a: Tapu Koko|58/100
|
|upkeep
|turn|38
|
|t:|1641740297
|switch|p2a: Seismitoad|Seismitoad, M|85/100 tox
|move|p1a: Tapu Koko|Roost|p1a: Tapu Koko
|-heal|p1a: Tapu Koko|100/100
|-singleturn|p1a: Tapu Koko|move: Roost
|
|-heal|p2a: Seismitoad|91/100 tox|[from] item: Leftovers
|-damage|p2a: Seismitoad|85/100 tox|[from] psn
|-fieldend|move: Electric Terrain
|upkeep
|turn|39
|
|t:|1641740301
|switch|p1a: Slowbro|Slowbro, M|100/100 tox
|-damage|p1a: Slowbro|88/100 tox|[from] Stealth Rock
|switch|p2a: Zapdos|Zapdos|100/100
|
|-damage|p1a: Slowbro|82/100 tox|[from] psn
|upkeep
|turn|40
|
|t:|1641740313
|switch|p1a: Tapu Koko|Tapu Koko|100/100
|-fieldstart|move: Electric Terrain|[from] ability: Electric Surge|[of] p1a: Tapu Koko
|move|p2a: Zapdos|Hurricane|p1a: Tapu Koko
|-resisted|p1a: Tapu Koko
|-damage|p1a: Tapu Koko|58/100
|
|upkeep
|turn|41
|
|t:|1641740316
|switch|p2a: Seismitoad|Seismitoad, M|85/100 tox
|move|p1a: Tapu Koko|Roost|p1a: Tapu Koko
|-heal|p1a: Tapu Koko|100/100
|-singleturn|p1a: Tapu Koko|move: Roost
|
|-heal|p2a: Seismitoad|91/100 tox|[from] item: Leftovers
|-damage|p2a: Seismitoad|85/100 tox|[from] psn
|upkeep
|turn|42
|l| SL21CC Leviathan
|
|t:|1641740323
|switch|p1a: Zapdos|Zapdos-Galar|100/100
|-damage|p1a: Zapdos|88/100|[from] Stealth Rock
|move|p2a: Seismitoad|Earthquake|p1a: Zapdos
|-immune|p1a: Zapdos
|
|-heal|p2a: Seismitoad|91/100 tox|[from] item: Leftovers
|-damage|p2a: Seismitoad|79/100 tox|[from] psn
|upkeep
|turn|43
|
|t:|1641740331
|switch|p2a: Zapdos|Zapdos|100/100
|move|p1a: Zapdos|U-turn|p2a: Zapdos
|-resisted|p2a: Zapdos
|-damage|p2a: Zapdos|83/100
|-status|p1a: Zapdos|par|[from] ability: Static|[of] p2a: Zapdos
|
|t:|1641740333
|switch|p1a: Heatran|Heatran, M|99/100|[from]move: U-turn
|-damage|p1a: Heatran|88/100|[from] Stealth Rock
|
|-heal|p1a: Heatran|94/100|[from] item: Leftovers
|upkeep
|turn|44
|
|t:|1641740337
|move|p1a: Heatran|Stealth Rock|p2a: Zapdos
|-sidestart|p2: 9skythunderouskick|move: Stealth Rock
|move|p2a: Zapdos|Thunderbolt|p1a: Heatran
|-damage|p1a: Heatran|49/100
|
|-heal|p1a: Heatran|55/100|[from] item: Leftovers
|-fieldend|move: Electric Terrain
|upkeep
|turn|45
|
|t:|1641740345
|move|p1a: Heatran|Toxic|p2a: Zapdos
|-status|p2a: Zapdos|tox
|move|p2a: Zapdos|Thunderbolt|p1a: Heatran
|-damage|p1a: Heatran|10/100
|
|-heal|p1a: Heatran|16/100|[from] item: Leftovers
|-damage|p2a: Zapdos|77/100 tox|[from] psn
|upkeep
|turn|46
|
|t:|1641740349
|move|p1a: Heatran|Magma Storm|p2a: Zapdos
|-damage|p2a: Zapdos|25/100 tox
|-activate|p2a: Zapdos|move: Magma Storm|[of] p1a: Heatran
|move|p2a: Zapdos|Thunderbolt|p1a: Heatran
|-damage|p1a: Heatran|0 fnt
|faint|p1a: Heatran
|
|-damage|p2a: Zapdos|13/100 tox|[from] psn
|-end|p2a: Zapdos|Magma Storm|[partiallytrapped]|[silent]
|upkeep
|
|t:|1641740355
|switch|p1a: Tapu Koko|Tapu Koko|100/100
|-fieldstart|move: Electric Terrain|[from] ability: Electric Surge|[of] p1a: Tapu Koko
|turn|47
|
|t:|1641740359
|switch|p2a: Seismitoad|Seismitoad, M|79/100 tox
|-damage|p2a: Seismitoad|72/100 tox|[from] Stealth Rock
|move|p1a: Tapu Koko|Dazzling Gleam|p2a: Seismitoad
|-damage|p2a: Seismitoad|49/100 tox
|
|-heal|p2a: Seismitoad|55/100 tox|[from] item: Leftovers
|-damage|p2a: Seismitoad|49/100 tox|[from] psn
|upkeep
|turn|48
|
|t:|1641740366
|switch|p1a: Slowbro|Slowbro, M|100/100 tox
|-damage|p1a: Slowbro|88/100 tox|[from] Stealth Rock
|move|p2a: Seismitoad|Scald|p1a: Slowbro
|-resisted|p1a: Slowbro
|-damage|p1a: Slowbro|75/100 tox
|
|-heal|p2a: Seismitoad|55/100 tox|[from] item: Leftovers
|-damage|p2a: Seismitoad|43/100 tox|[from] psn
|-damage|p1a: Slowbro|69/100 tox|[from] psn
|upkeep
|turn|49
|
|t:|1641740369
|move|p2a: Seismitoad|Earthquake|p1a: Slowbro
|-damage|p1a: Slowbro|50/100 tox
|move|p1a: Slowbro|Teleport|p1a: Slowbro
|
|t:|1641740374
|switch|p1a: Tapu Koko|Tapu Koko|100/100|[from]move: Teleport
|
|-heal|p2a: Seismitoad|49/100 tox|[from] item: Leftovers
|-damage|p2a: Seismitoad|30/100 tox|[from] psn
|upkeep
|turn|50
|
|t:|1641740378
|switch|p1a: Slowbro|Slowbro, M|83/100 tox
|-damage|p1a: Slowbro|71/100 tox|[from] Stealth Rock
|move|p2a: Seismitoad|Scald|p1a: Slowbro
|-resisted|p1a: Slowbro
|-damage|p1a: Slowbro|58/100 tox
|
|-heal|p2a: Seismitoad|36/100 tox|[from] item: Leftovers
|-damage|p2a: Seismitoad|12/100 tox|[from] psn
|-damage|p1a: Slowbro|52/100 tox|[from] psn
|upkeep
|turn|51
|
|t:|1641740381
|move|p2a: Seismitoad|Scald|p1a: Slowbro
|-resisted|p1a: Slowbro
|-damage|p1a: Slowbro|39/100 tox
|move|p1a: Slowbro|Slack Off|p1a: Slowbro
|-heal|p1a: Slowbro|89/100 tox
|
|-heal|p2a: Seismitoad|18/100 tox|[from] item: Leftovers
|-damage|p2a: Seismitoad|0 fnt|[from] psn
|faint|p2a: Seismitoad
|-damage|p1a: Slowbro|76/100 tox|[from] psn
|-fieldend|move: Electric Terrain
|upkeep
|
|t:|1641740382
|switch|p2a: Mew|Mew|76/100
|-damage|p2a: Mew|64/100|[from] Stealth Rock
|turn|52
|
|t:|1641740384
|move|p2a: Mew|Dragon Dance|p2a: Mew
|-boost|p2a: Mew|atk|1
|-boost|p2a: Mew|spe|1
|move|p1a: Slowbro|Scald||[still]
|-damage|p2a: Mew|37/100
|-status|p2a: Mew|brn
|-activate|p2a: Mew|ability: Synchronize
|-fail|p2a: Mew
|
|-heal|p2a: Mew|43/100 brn|[from] item: Leftovers
|-damage|p1a: Slowbro|58/100 tox|[from] psn
|-damage|p2a: Mew|37/100 brn|[from] brn
|upkeep
|turn|53
|-message|9skythunderouskick forfeited.
|
|win|SL21CC91影先生
|raw|SL21CC91影先生's rating: 1364 &rarr; <strong>1380</strong><br />(+16 for winning)
|raw|9skythunderouskick's rating: 1297 &rarr; <strong>1284</strong><br />(-13 for losing)
|l|☆9skythunderouskick
|l|☆SL21CC91影先生
|l| eastnovel
|l| sl21cckhl
|l| Renwu
|l| jingtianlangtaosha
|j| sl21cckhl
|l| sl21cckhl
