|raw|<div class="broadcast-blue"><strong>This battle is required to be public due to a player having a name starting with 'sl21cc'.</div>
|j|☆dragonitenb
|j|☆SL21CC XIAOBAO
|t:|1641811345
|gametype|singles
|player|p1|dragonitenb|feida.png|1258
|player|p2|SL21CC XIAOBAO|marley|1263
|teamsize|p1|6
|teamsize|p2|6
|gen|8
|tier|[Gen 8] OU
|rated|
|rule|Sleep Clause Mod: Limit one foe put to sleep
|rule|Species Clause: Limit one of each Pokémon
|rule|OHKO Clause: OHKO moves are banned
|rule|Evasion Moves Clause: Evasion moves are banned
|rule|Endless Battle Clause: Forcing endless battles is banned
|rule|HP Percentage Mod: HP is shown in percentages
|rule|Dynamax Clause: You cannot dynamax
|clearpoke
|poke|p1|Blissey, F|
|poke|p1|Tapu Fini|
|poke|p1|Melmetal|
|poke|p1|Landorus-Therian, M|
|poke|p1|Ferrothorn, F|
|poke|p1|Dragapult, F|
|poke|p2|Garchomp, M|
|poke|p2|Aegislash, M|
|poke|p2|Urshifu-*, M|
|poke|p2|Moltres-Galar|
|poke|p2|Pelipper, M|
|poke|p2|Kartana|
|teampreview
|inactive|Battle timer is ON: inactive players will automatically lose when time's up. (requested by SL21CC XIAOBAO)
|c|☆dragonitenb|hf
|j| SL21CCC徐坤
|
|t:|1641811370
|start
|switch|p1a: Dragapult|Dragapult, F|100/100
|switch|p2a: Kartana|Kartana|100/100
|turn|1
|c|☆dragonitenb|c徐坤
|c|☆dragonitenb|不打了？
|
|t:|1641811380
|switch|p1a: Ferrothorn|Ferrothorn, F|100/100
|move|p2a: Kartana|Knock Off|p1a: Ferrothorn
|-damage|p1a: Ferrothorn|75/100
|-damage|p2a: Kartana|88/100|[from] ability: Iron Barbs|[of] p1a: Ferrothorn
|-enditem|p1a: Ferrothorn|Leftovers|[from] move: Knock Off|[of] p2a: Kartana
|
|upkeep
|turn|2
|c| SL21CCC徐坤|练球
|c|☆dragonitenb|逆天
|j| sl21cc vogut
|
|t:|1641811402
|switch|p2a: Garchomp|Garchomp, M|100/100
|move|p1a: Ferrothorn|Stealth Rock|p2a: Garchomp
|-sidestart|p2: SL21CC XIAOBAO|move: Stealth Rock
|
|upkeep
|turn|3
|
|t:|1641811431
|move|p2a: Garchomp|Stealth Rock|p1a: Ferrothorn
|-sidestart|p1: dragonitenb|move: Stealth Rock
|move|p1a: Ferrothorn|Leech Seed|p2a: Garchomp
|-start|p2a: Garchomp|move: Leech Seed
|
|-damage|p2a: Garchomp|88/100|[from] Leech Seed|[of] p1a: Ferrothorn
|-heal|p1a: Ferrothorn|89/100|[silent]
|upkeep
|turn|4
|j| SL21CC Leviathan
|
|t:|1641811437
|switch|p2a: Moltres|Moltres-Galar|100/100
|move|p1a: Ferrothorn|Knock Off|p2a: Moltres
|-resisted|p2a: Moltres
|-damage|p2a: Moltres|90/100
|-enditem|p2a: Moltres|Heavy-Duty Boots|[from] move: Knock Off|[of] p1a: Ferrothorn
|
|upkeep
|turn|5
|j| jiokopg_fkok43
|
|t:|1641811461
|switch|p1a: Melmetal|Melmetal|100/100
|-damage|p1a: Melmetal|94/100|[from] Stealth Rock
|move|p2a: Moltres|Taunt|p1a: Melmetal
|-start|p1a: Melmetal|move: Taunt
|
|-heal|p1a: Melmetal|100/100|[from] item: Leftovers
|upkeep
|turn|6
|j| SL21CC tangkeke
|j| rffydsdhh
|
|t:|1641811477
|switch|p2a: Garchomp|Garchomp, M|88/100
|-damage|p2a: Garchomp|82/100|[from] Stealth Rock
|switch|p1a: Tapu Fini|Tapu Fini|100/100
|-damage|p1a: Tapu Fini|88/100|[from] Stealth Rock
|-fieldstart|move: Misty Terrain|[from] ability: Misty Surge|[of] p1a: Tapu Fini
|
|-heal|p1a: Tapu Fini|94/100|[from] item: Leftovers
|upkeep
|turn|7
|
|t:|1641811486
|switch|p2a: Aegislash|Aegislash, M|100/100
|-damage|p2a: Aegislash|94/100|[from] Stealth Rock
|move|p1a: Tapu Fini|Nature's Madness|p2a: Aegislash|[miss]
|-miss|p1a: Tapu Fini|p2a: Aegislash
|
|-heal|p1a: Tapu Fini|100/100|[from] item: Leftovers
|upkeep
|turn|8
|
|t:|1641811497
|move|p1a: Tapu Fini|Nature's Madness|p2a: Aegislash
|-damage|p2a: Aegislash|48/100
|-formechange|p2a: Aegislash|Aegislash-Blade||[from] ability: Stance Change
|move|p2a: Aegislash|Close Combat|p1a: Tapu Fini
|-resisted|p1a: Tapu Fini
|-damage|p1a: Tapu Fini|87/100
|-unboost|p2a: Aegislash|def|1
|-unboost|p2a: Aegislash|spd|1
|
|-heal|p1a: Tapu Fini|93/100|[from] item: Leftovers
|upkeep
|turn|9
|
|t:|1641811510
|switch|p2a: Pelipper|Pelipper, M|100/100
|-damage|p2a: Pelipper|76/100|[from] Stealth Rock
|-weather|RainDance|[from] ability: Drizzle|[of] p2a: Pelipper
|move|p1a: Tapu Fini|Moonblast|p2a: Pelipper
|-damage|p2a: Pelipper|19/100
|
|-weather|RainDance|[upkeep]
|-heal|p1a: Tapu Fini|99/100|[from] item: Leftovers
|upkeep
|turn|10
|j| SL22CC 蜜雪冰城
|
|t:|1641811529
|move|p1a: Tapu Fini|Moonblast|p2a: Pelipper
|-damage|p2a: Pelipper|0 fnt
|faint|p2a: Pelipper
|
|-weather|RainDance|[upkeep]
|-heal|p1a: Tapu Fini|100/100|[from] item: Leftovers
|-fieldend|Misty Terrain
|upkeep
|j| SL21CCxiaomiaomiao
|
|t:|1641811539
|switch|p2a: Kartana|Kartana|88/100
|-damage|p2a: Kartana|82/100|[from] Stealth Rock
|turn|11
|j| san句话让ppl叫我爸爸
|
|t:|1641811567
|switch|p1a: Landorus|Landorus-Therian, M|100/100
|-damage|p1a: Landorus|88/100|[from] Stealth Rock
|-ability|p1a: Landorus|Intimidate|boost
|-unboost|p2a: Kartana|atk|1
|move|p2a: Kartana|Knock Off|p1a: Landorus
|-damage|p1a: Landorus|59/100
|-enditem|p1a: Landorus|Leftovers|[from] move: Knock Off|[of] p2a: Kartana
|
|-weather|RainDance|[upkeep]
|upkeep
|turn|12
|j| burstbean
|c|☆dragonitenb|ppl叫我爸爸
|
|t:|1641811581
|switch|p2a: Garchomp|Garchomp, M|82/100
|-damage|p2a: Garchomp|76/100|[from] Stealth Rock
|move|p1a: Landorus|U-turn|p2a: Garchomp
|-damage|p2a: Garchomp|61/100
|-damage|p1a: Landorus|47/100|[from] ability: Rough Skin|[of] p2a: Garchomp
|-damage|p1a: Landorus|31/100|[from] item: Rocky Helmet|[of] p2a: Garchomp
|
|t:|1641811589
|switch|p1a: Tapu Fini|Tapu Fini|100/100|[from]move: U-turn
|-damage|p1a: Tapu Fini|88/100|[from] Stealth Rock
|-fieldstart|move: Misty Terrain|[from] ability: Misty Surge|[of] p1a: Tapu Fini
|
|-weather|RainDance|[upkeep]
|-heal|p1a: Tapu Fini|94/100|[from] item: Leftovers
|upkeep
|turn|13
|
|t:|1641811600
|move|p2a: Garchomp|Earthquake|p1a: Tapu Fini
|-damage|p1a: Tapu Fini|63/100
|move|p1a: Tapu Fini|Moonblast|p2a: Garchomp
|-supereffective|p2a: Garchomp
|-damage|p2a: Garchomp|1/100
|-unboost|p2a: Garchomp|spa|1
|
|-weather|none
|-heal|p1a: Tapu Fini|70/100|[from] item: Leftovers
|upkeep
|turn|14
|
|t:|1641811608
|switch|p1a: Landorus|Landorus-Therian, M|31/100
|-damage|p1a: Landorus|18/100|[from] Stealth Rock
|-ability|p1a: Landorus|Intimidate|boost
|-unboost|p2a: Garchomp|atk|1
|move|p2a: Garchomp|Earthquake|p1a: Landorus
|-immune|p1a: Landorus
|
|upkeep
|turn|15
|
|t:|1641811627
|move|p2a: Garchomp|Endure|p2a: Garchomp
|-singleturn|p2a: Garchomp|move: Endure
|move|p1a: Landorus|Earthquake|p2a: Garchomp
|-activate|p2a: Garchomp|move: Endure
|-damage|p2a: Garchomp|1/100
|
|upkeep
|turn|16
|
|t:|1641811633
|move|p2a: Garchomp|Toxic|p1a: Landorus|[miss]
|-miss|p2a: Garchomp|p1a: Landorus
|move|p1a: Landorus|Earthquake|p2a: Garchomp
|-damage|p2a: Garchomp|0 fnt
|faint|p2a: Garchomp
|
|-fieldend|Misty Terrain
|upkeep
|
|t:|1641811651
|switch|p2a: Urshifu|Urshifu-Rapid-Strike, M|100/100
|-damage|p2a: Urshifu|94/100|[from] Stealth Rock
|turn|17
|j| SL21CCJqlove
|
|t:|1641811661
|move|p2a: Urshifu|Surging Strikes|p1a: Landorus
|-supereffective|p1a: Landorus
|-crit|p1a: Landorus
|-damage|p1a: Landorus|0 fnt
|faint|p1a: Landorus
|-hitcount|p1: Landorus|1
|
|upkeep
|
|t:|1641811673
|switch|p1a: Dragapult|Dragapult, F|100/100
|-damage|p1a: Dragapult|88/100|[from] Stealth Rock
|turn|18
|
|t:|1641811681
|switch|p2a: Moltres|Moltres-Galar|90/100
|-damage|p2a: Moltres|65/100|[from] Stealth Rock
|move|p1a: Dragapult|Shadow Ball|p2a: Moltres
|-resisted|p2a: Moltres
|-damage|p2a: Moltres|45/100
|-ability|p2a: Moltres|Berserk|boost
|-boost|p2a: Moltres|spa|1
|
|upkeep
|turn|19
|
|t:|1641811686
|switch|p1a: Blissey|Blissey, F|100/100
|move|p2a: Moltres|Nasty Plot|p2a: Moltres
|-boost|p2a: Moltres|spa|2
|
|upkeep
|turn|20
|
|t:|1641811690
|move|p2a: Moltres|Fiery Wrath|p1a: Blissey
|-damage|p1a: Blissey|64/100
|move|p1a: Blissey|Seismic Toss|p2a: Moltres
|-damage|p2a: Moltres|16/100
|
|upkeep
|turn|21
|
|t:|1641811694
|move|p2a: Moltres|Fiery Wrath|p1a: Blissey
|-damage|p1a: Blissey|23/100
|move|p1a: Blissey|Seismic Toss|p2a: Moltres
|-damage|p2a: Moltres|0 fnt
|faint|p2a: Moltres
|
|upkeep
|
|t:|1641811698
|switch|p2a: Kartana|Kartana|82/100
|-damage|p2a: Kartana|76/100|[from] Stealth Rock
|turn|22
|
|t:|1641811702
|switch|p1a: Ferrothorn|Ferrothorn, F|89/100
|-damage|p1a: Ferrothorn|83/100|[from] Stealth Rock
|move|p2a: Kartana|Sacred Sword|p1a: Ferrothorn
|-supereffective|p1a: Ferrothorn
|-damage|p1a: Ferrothorn|28/100
|-damage|p2a: Kartana|63/100|[from] ability: Iron Barbs|[of] p1a: Ferrothorn
|
|upkeep
|turn|23
|
|t:|1641811708
|switch|p2a: Aegislash|Aegislash, M|48/100
|-damage|p2a: Aegislash|41/100|[from] Stealth Rock
|switch|p1a: Dragapult|Dragapult, F|88/100
|-damage|p1a: Dragapult|76/100|[from] Stealth Rock
|
|upkeep
|turn|24
|
|t:|1641811718
|switch|p1a: Ferrothorn|Ferrothorn, F|28/100
|-damage|p1a: Ferrothorn|22/100|[from] Stealth Rock
|-formechange|p2a: Aegislash|Aegislash-Blade||[from] ability: Stance Change
|move|p2a: Aegislash|Shadow Sneak|p1a: Ferrothorn
|-damage|p1a: Ferrothorn|12/100
|-damage|p2a: Aegislash|29/100|[from] ability: Iron Barbs|[of] p1a: Ferrothorn
|
|upkeep
|turn|25
|
|t:|1641811725
|switch|p2a: Urshifu|Urshifu-Rapid-Strike, M|94/100
|-damage|p2a: Urshifu|88/100|[from] Stealth Rock
|move|p1a: Ferrothorn|Leech Seed|p2a: Urshifu
|-start|p2a: Urshifu|move: Leech Seed
|
|-damage|p2a: Urshifu|76/100|[from] Leech Seed|[of] p1a: Ferrothorn
|-heal|p1a: Ferrothorn|24/100|[silent]
|upkeep
|turn|26
|
|t:|1641811741
|move|p2a: Urshifu|U-turn|p1a: Ferrothorn
|-damage|p1a: Ferrothorn|8/100
|-activate|p1a: Ferrothorn|ability: Iron Barbs
|-activate|p2a: Urshifu|item: Protective Pads
|
|t:|1641811743
|switch|p2a: Kartana|Kartana|63/100|[from]move: U-turn
|-damage|p2a: Kartana|57/100|[from] Stealth Rock
|move|p1a: Ferrothorn|Knock Off|p2a: Kartana
|-damage|p2a: Kartana|37/100
|-enditem|p2a: Kartana|Choice Scarf|[from] move: Knock Off|[of] p1a: Ferrothorn
|
|upkeep
|turn|27
|-message|SL21CC XIAOBAO forfeited.
|
|win|dragonitenb
|raw|dragonitenb's rating: 1258 &rarr; <strong>1273</strong><br />(+15 for winning)
|raw|SL21CC XIAOBAO's rating: 1245 &rarr; <strong>1230</strong><br />(-15 for losing)
|l|☆SL21CC XIAOBAO
|l| SL21CCC徐坤
