|raw|<div class="broadcast-blue"><strong>This battle is required to be public due to a player having a name starting with 'sl21cc'.</div>
|j|☆water GH0ST
|j|☆SL21CC Crawdaunt
|t:|1641729584
|gametype|singles
|player|p1|water GH0ST|picnicker|1210
|player|p2|SL21CC Crawdaunt|169|1250
|teamsize|p1|6
|teamsize|p2|6
|gen|8
|tier|[Gen 8] OU
|rated|
|rule|Sleep Clause Mod: Limit one foe put to sleep
|rule|Species Clause: Limit one of each Pokémon
|rule|OHKO Clause: OHKO moves are banned
|rule|Evasion Moves Clause: Evasion moves are banned
|rule|Endless Battle Clause: Forcing endless battles is banned
|rule|HP Percentage Mod: HP is shown in percentages
|rule|Dynamax Clause: You cannot dynamax
|clearpoke
|poke|p1|Melmetal|
|poke|p1|Cresselia, F|
|poke|p1|Crawdaunt, M|
|poke|p1|Hatterene, F|
|poke|p1|Porygon2|
|poke|p1|Marowak-Alola, F|
|poke|p2|Crawdaunt, F|
|poke|p2|Dragapult, M|
|poke|p2|Buzzwole|
|poke|p2|Landorus-Therian, M|
|poke|p2|Slowking-Galar, M|
|poke|p2|Ferrothorn, F|
|teampreview
|j| Rame10
|j| tianyutulongwu
|
|t:|1641729602
|start
|switch|p1a: Hatterene|Hatterene, F|100/100
|switch|p2a: Slowking|Slowking-Galar, M|100/100
|turn|1
|
|t:|1641729608
|move|p2a: Slowking|Sludge Wave|p1a: Hatterene
|-supereffective|p1a: Hatterene
|-damage|p1a: Hatterene|28/100
|move|p1a: Hatterene|Trick Room|p1a: Hatterene
|-fieldstart|move: Trick Room|[of] p1a: Hatterene
|
|upkeep
|turn|2
|j| mqsh
|
|t:|1641729616
|move|p1a: Hatterene|Healing Wish|p1a: Hatterene
|faint|p1a: Hatterene
|move|p2a: Slowking|Future Sight|p1: Hatterene
|-start|p2a: Slowking|move: Future Sight
|
|upkeep
|
|t:|1641729625
|switch|p1a: Marowak|Marowak-Alola, F|100/100
|turn|3
|
|t:|1641729629
|switch|p2a: Landorus|Landorus-Therian, M|100/100
|-ability|p2a: Landorus|Intimidate|boost
|-unboost|p1a: Marowak|atk|1
|move|p1a: Marowak|Swords Dance|p1a: Marowak
|-boost|p1a: Marowak|atk|2
|
|upkeep
|turn|4
|
|t:|1641729638
|switch|p2a: Ferrothorn|Ferrothorn, F|100/100
|move|p1a: Marowak|Flare Blitz|p2a: Ferrothorn
|-supereffective|p2a: Ferrothorn
|-damage|p2a: Ferrothorn|0 fnt
|-damage|p1a: Marowak|88/100|[from] ability: Iron Barbs|[of] p2a: Ferrothorn
|-damage|p1a: Marowak|72/100|[from] item: Rocky Helmet|[of] p2a: Ferrothorn
|faint|p2a: Ferrothorn
|
|-end|p1a: Marowak|move: Future Sight
|-damage|p1a: Marowak|12/100
|upkeep
|j| adreamew
|
|t:|1641729661
|switch|p2a: Crawdaunt|Crawdaunt, F|100/100
|turn|5
|
|t:|1641729671
|switch|p1a: Porygon2|Porygon2|100/100
|-ability|p1a: Porygon2|Download|boost
|-boost|p1a: Porygon2|spa|1
|move|p2a: Crawdaunt|Aqua Jet|p1a: Porygon2
|-damage|p1a: Porygon2|74/100
|
|-fieldend|move: Trick Room
|upkeep
|turn|6
|
|t:|1641729680
|switch|p2a: Slowking|Slowking-Galar, M|100/100
|move|p1a: Porygon2|Thunderbolt|p2a: Slowking
|-damage|p2a: Slowking|82/100
|
|upkeep
|turn|7
|
|t:|1641729687
|move|p2a: Slowking|Future Sight|p1a: Porygon2
|-start|p2a: Slowking|move: Future Sight
|move|p1a: Porygon2|Trick Room|p1a: Porygon2
|-fieldstart|move: Trick Room|[of] p1a: Porygon2
|
|upkeep
|turn|8
|
|t:|1641729697
|move|p2a: Slowking|Sludge Wave|p1a: Porygon2
|-damage|p1a: Porygon2|50/100
|move|p1a: Porygon2|Teleport|p1a: Porygon2
|
|t:|1641729699
|switch|p1a: Knocked|Crawdaunt, M, shiny|100/100|[from]move: Teleport
|
|upkeep
|turn|9
|
|t:|1641729704
|switch|p2a: Buzzwole|Buzzwole|100/100
|move|p1a: Knocked|Swords Dance|p1a: Knocked
|-boost|p1a: Knocked|atk|2
|
|-end|p1a: Knocked|move: Future Sight
|-immune|p1a: Knocked
|upkeep
|turn|10
|
|t:|1641729713
|move|p1a: Knocked|Crabhammer|p2a: Buzzwole
|-damage|p2a: Buzzwole|0 fnt
|faint|p2a: Buzzwole
|-damage|p1a: Knocked|90/100|[from] item: Life Orb
|
|upkeep
|
|t:|1641729724
|switch|p2a: Landorus|Landorus-Therian, M|100/100
|-ability|p2a: Landorus|Intimidate|boost
|-unboost|p1a: Knocked|atk|1
|turn|11
|
|t:|1641729733
|switch|p2a: Dragapult|Dragapult, M|100/100
|move|p1a: Knocked|Knock Off|p2a: Dragapult
|-supereffective|p2a: Dragapult
|-damage|p2a: Dragapult|0 fnt
|-enditem|p2a: Dragapult|Choice Specs|[from] move: Knock Off|[of] p1a: Knocked
|faint|p2a: Dragapult
|-damage|p1a: Knocked|80/100|[from] item: Life Orb
|
|-fieldend|move: Trick Room
|upkeep
|
|t:|1641729744
|switch|p2a: Crawdaunt|Crawdaunt, F|100/100
|turn|12
|
|t:|1641729748
|move|p2a: Crawdaunt|Knock Off|p1a: Knocked
|-resisted|p1a: Knocked
|-damage|p1a: Knocked|20/100
|-enditem|p1a: Knocked|Life Orb|[from] move: Knock Off|[of] p2a: Crawdaunt
|move|p1a: Knocked|Knock Off|p2a: Crawdaunt
|-resisted|p2a: Crawdaunt
|-damage|p2a: Crawdaunt|29/100
|-enditem|p2a: Crawdaunt|Choice Band|[from] move: Knock Off|[of] p1a: Knocked
|
|upkeep
|turn|13
|
|t:|1641729757
|move|p1a: Knocked|Aqua Jet|p2a: Crawdaunt
|-resisted|p2a: Crawdaunt
|-damage|p2a: Crawdaunt|0 fnt
|faint|p2a: Crawdaunt
|
|upkeep
|
|t:|1641729763
|switch|p2a: Landorus|Landorus-Therian, M|100/100
|-ability|p2a: Landorus|Intimidate|boost
|-unboost|p1a: Knocked|atk|1
|turn|14
|-message|SL21CC Crawdaunt forfeited.
|
|win|water GH0ST
|raw|water GH0ST's rating: 1195 &rarr; <strong>1224</strong><br />(+29 for winning)
|raw|SL21CC Crawdaunt's rating: 1250 &rarr; <strong>1231</strong><br />(-19 for losing)
|l|☆SL21CC Crawdaunt
