|raw|<div class="broadcast-blue"><strong>This battle is required to be public due to a player having a name starting with 'sl21cc'.</div>
|j|☆SL21CC XIAOBAO
|j|☆SL21CC Winona
|t:|1641813848
|gametype|singles
|player|p1|SL21CC XIAOBAO|marley|1213
|player|p2|SL21CC Winona|winona|1229
|teamsize|p1|6
|teamsize|p2|6
|gen|8
|tier|[Gen 8] OU
|rated|
|rule|Sleep Clause Mod: Limit one foe put to sleep
|rule|Species Clause: Limit one of each Pokémon
|rule|OHKO Clause: OHKO moves are banned
|rule|Evasion Moves Clause: Evasion moves are banned
|rule|Endless Battle Clause: Forcing endless battles is banned
|rule|HP Percentage Mod: HP is shown in percentages
|rule|Dynamax Clause: You cannot dynamax
|clearpoke
|poke|p1|Rotom-Wash|
|poke|p1|Slowking-Galar, F|
|poke|p1|Tornadus-Therian, M|
|poke|p1|Garchomp, M|
|poke|p1|Weavile, F|
|poke|p1|Ferrothorn, M|
|poke|p2|Ninetales-Alola, M|
|poke|p2|Dragapult, F|
|poke|p2|Heatran, M|
|poke|p2|Garchomp, F|
|poke|p2|Cloyster, F|
|poke|p2|Scizor, M|
|teampreview
|inactive|Battle timer is ON: inactive players will automatically lose when time's up. (requested by SL21CC XIAOBAO)
|j| suicidu
|j| SL21CCxiaomiaomiao
|j| SL21CC CatF
|j| Water gh0st
|j| SL21CCJqlove
|j| SL22CC 蜜雪冰城
|inactive|SL21CC Winona has 120 seconds left.
|j|+dragonitenb
|
|t:|1641813899
|start
|switch|p1a: Slowking|Slowking-Galar, F, shiny|100/100
|switch|p2a: Heatran|Heatran, M|100/100
|-item|p2a: Heatran|Air Balloon
|turn|1
|j| SL21CC ginko
|l| SL21CC ginko
|j| SL21CC Burger King
|l| SL21CC CatF
|
|t:|1641813916
|move|p2a: Heatran|Magma Storm|p1a: Slowking
|-damage|p1a: Slowking|72/100
|-activate|p1a: Slowking|move: Magma Storm|[of] p2a: Heatran
|move|p1a: Slowking|Scald|p2a: Heatran
|-supereffective|p2a: Heatran
|-damage|p2a: Heatran|44/100
|-enditem|p2a: Heatran|Air Balloon
|
|-damage|p1a: Slowking|60/100|[from] move: Magma Storm|[partiallytrapped]
|upkeep
|turn|2
|
|t:|1641813932
|move|p2a: Heatran|Stealth Rock|p1a: Slowking
|-sidestart|p1: SL21CC XIAOBAO|move: Stealth Rock
|move|p1a: Slowking|Scald|p2a: Heatran
|-supereffective|p2a: Heatran
|-crit|p2a: Heatran
|-damage|p2a: Heatran|0 fnt
|faint|p2a: Heatran
|
|-end|p1a: Slowking|Magma Storm|[partiallytrapped]|[silent]
|upkeep
|j| rffydsdhh
|
|t:|1641813944
|switch|p2a: Garchomp|Garchomp, F|100/100
|turn|3
|j|+Chaos23333
|inactive|SL21CC Winona has 120 seconds left.
|
|t:|1641813962
|switch|p1a: Weavile|Weavile, F|100/100
|-ability|p1a: Weavile|Pressure
|move|p2a: Garchomp|Swords Dance|p2a: Garchomp
|-boost|p2a: Garchomp|atk|2
|
|upkeep
|turn|4
|inactive|SL21CC Winona has 120 seconds left.
|
|t:|1641813995
|switch|p1a: Tornadus|Tornadus-Therian, M|100/100
|switch|p2a: Ninetales|Ninetales-Alola, M|100/100
|-weather|Hail|[from] ability: Snow Warning|[of] p2a: Ninetales
|
|-weather|Hail|[upkeep]
|-damage|p1a: Tornadus|94/100|[from] Hail
|upkeep
|turn|5
|
|t:|1641814001
|move|p2a: Ninetales|Hypnosis|p1a: Tornadus
|-status|p1a: Tornadus|slp|[from] move: Hypnosis
|cant|p1a: Tornadus|slp
|
|-weather|Hail|[upkeep]
|-damage|p1a: Tornadus|88/100 slp|[from] Hail
|upkeep
|turn|6
|j| adreamew
|
|t:|1641814025
|move|p2a: Ninetales|Aurora Veil|p2a: Ninetales
|-sidestart|p2: SL21CC Winona|move: Aurora Veil
|-curestatus|p1a: Tornadus|slp|[msg]
|move|p1a: Tornadus|Defog|p2a: Ninetales
|-unboost|p2a: Ninetales|evasion|1
|-sideend|p2: SL21CC Winona|move: Aurora Veil
|-sideend|p1: SL21CC XIAOBAO|Stealth Rock|[from] move: Defog|[of] p1a: Tornadus
|
|-weather|Hail|[upkeep]
|-damage|p1a: Tornadus|82/100|[from] Hail
|upkeep
|turn|7
|
|t:|1641814036
|move|p2a: Ninetales|Encore|p1a: Tornadus
|-start|p1a: Tornadus|Encore
|move|p1a: Tornadus|Defog|p2a: Ninetales
|-unboost|p2a: Ninetales|evasion|1
|
|-weather|Hail|[upkeep]
|-damage|p1a: Tornadus|76/100|[from] Hail
|upkeep
|turn|8
|
|t:|1641814042
|move|p2a: Ninetales|Hypnosis|p1a: Tornadus
|-status|p1a: Tornadus|slp|[from] move: Hypnosis
|cant|p1a: Tornadus|slp
|
|-weather|none
|upkeep
|turn|9
|
|t:|1641814055
|switch|p2a: Dragapult|Dragapult, F|100/100
|switch|p1a: Slowking|Slowking-Galar, F, shiny|93/100
|
|upkeep
|turn|10
|
|t:|1641814080
|move|p2a: Dragapult|Dragon Dance|p2a: Dragapult
|-boost|p2a: Dragapult|atk|1
|-boost|p2a: Dragapult|spe|1
|move|p1a: Slowking|Sludge Bomb|p2a: Dragapult
|-resisted|p2a: Dragapult
|-damage|p2a: Dragapult|69/100
|
|upkeep
|turn|11
|inactive|SL21CC Winona has 90 seconds left.
|
|t:|1641814101
|move|p2a: Dragapult|Dragon Darts|p1a: Slowking
|-damage|p1a: Slowking|56/100
|-anim|p2a: Dragapult|Dragon Darts|p1a: Slowking
|-damage|p1a: Slowking|17/100
|move|p1a: Slowking|Sludge Bomb|p2a: Dragapult
|-resisted|p2a: Dragapult
|-damage|p2a: Dragapult|39/100
|-status|p2a: Dragapult|psn
|
|-damage|p2a: Dragapult|27/100 psn|[from] psn
|upkeep
|turn|12
|
|t:|1641814112
|switch|p1a: Tornadus|Tornadus-Therian, M|100/100 slp
|move|p2a: Dragapult|Dragon Darts|p1a: Tornadus
|-damage|p1a: Tornadus|55/100 slp
|-anim|p2a: Dragapult|Dragon Darts|p1a: Tornadus
|-damage|p1a: Tornadus|7/100 slp
|
|-damage|p2a: Dragapult|14/100 psn|[from] psn
|upkeep
|turn|13
|
|t:|1641814117
|move|p2a: Dragapult|Dragon Darts|p1a: Tornadus
|-damage|p1a: Tornadus|0 fnt
|faint|p1a: Tornadus
|
|-damage|p2a: Dragapult|2/100 psn|[from] psn
|upkeep
|
|t:|1641814123
|switch|p1a: Weavile|Weavile, F|100/100
|-ability|p1a: Weavile|Pressure
|turn|14
|j| SL21CC姐ISthequeen
|
|t:|1641814140
|switch|p2a: Scizor|Scizor, M|100/100
|move|p1a: Weavile|Ice Shard|p2a: Scizor
|-resisted|p2a: Scizor
|-damage|p2a: Scizor|91/100
|
|-heal|p2a: Scizor|97/100|[from] item: Leftovers
|upkeep
|turn|15
|
|t:|1641814146
|switch|p1a: Rotom-W|Rotom-Wash|100/100
|move|p2a: Scizor|Knock Off|p1a: Rotom-W
|-damage|p1a: Rotom-W|69/100
|-damage|p2a: Scizor|80/100|[from] item: Rocky Helmet|[of] p1a: Rotom-W
|-enditem|p1a: Rotom-W|Rocky Helmet|[from] move: Knock Off|[of] p2a: Scizor
|
|-heal|p2a: Scizor|87/100|[from] item: Leftovers
|upkeep
|turn|16
|inactive|SL21CC Winona has 90 seconds left.
|
|t:|1641814182
|switch|p2a: Dragapult|Dragapult, F|2/100 psn
|move|p1a: Rotom-W|Volt Switch|p2a: Dragapult
|-resisted|p2a: Dragapult
|-damage|p2a: Dragapult|0 fnt
|faint|p2a: Dragapult
|j| sl21cc vogut
|
|t:|1641814189
|switch|p1a: Slowking|Slowking-Galar, F, shiny|50/100|[from]move: Volt Switch
|
|upkeep
|inactive|SL21CC Winona has 90 seconds left.
|
|t:|1641814220
|switch|p2a: Garchomp|Garchomp, F|100/100
|turn|17
|l| SL21CCJqlove
|j| SL21CCJqlove
|inactive|SL21CC Winona has 60 seconds left.
|
|t:|1641814246
|switch|p1a: Rotom-W|Rotom-Wash|69/100
|move|p2a: Garchomp|Scale Shot|p1a: Rotom-W|[miss]
|-miss|p2a: Garchomp|p1a: Rotom-W
|
|upkeep
|turn|18
|
|t:|1641814263
|move|p2a: Garchomp|Swords Dance|p2a: Garchomp
|-boost|p2a: Garchomp|atk|2
|move|p1a: Rotom-W|Hydro Pump|p2a: Garchomp
|-damage|p2a: Garchomp|55/100
|
|-heal|p2a: Garchomp|61/100|[from] item: Leftovers
|upkeep
|turn|19
|
|t:|1641814270
|move|p2a: Garchomp|Scale Shot|p1a: Rotom-W
|-damage|p1a: Rotom-W|47/100
|-damage|p1a: Rotom-W|24/100
|-damage|p1a: Rotom-W|2/100
|-hitcount|p1a: Rotom-W|3
|-unboost|p2a: Garchomp|def|1
|-boost|p2a: Garchomp|spe|1
|move|p1a: Rotom-W|Hydro Pump|p2a: Garchomp
|-damage|p2a: Garchomp|18/100
|
|-heal|p2a: Garchomp|24/100|[from] item: Leftovers
|upkeep
|turn|20
|
|t:|1641814281
|move|p2a: Garchomp|Scale Shot|p1a: Rotom-W
|-damage|p1a: Rotom-W|0 fnt
|faint|p1a: Rotom-W
|-hitcount|p1: Rotom-W|1
|-unboost|p2a: Garchomp|def|1
|-boost|p2a: Garchomp|spe|1
|
|-heal|p2a: Garchomp|30/100|[from] item: Leftovers
|upkeep
|
|t:|1641814282
|switch|p1a: Weavile|Weavile, F|100/100
|-ability|p1a: Weavile|Pressure
|turn|21
|j|@chickwayne
|inactive|SL21CC Winona has 60 seconds left.
|
|t:|1641814304
|move|p1a: Weavile|Ice Shard|p2a: Garchomp
|-supereffective|p2a: Garchomp
|-damage|p2a: Garchomp|0 fnt
|faint|p2a: Garchomp
|
|upkeep
|
|t:|1641814318
|switch|p2a: Scizor|Scizor, M|87/100
|turn|22
|
|t:|1641814326
|move|p1a: Weavile|Knock Off|p2a: Scizor
|-damage|p2a: Scizor|42/100
|-enditem|p2a: Scizor|Leftovers|[from] move: Knock Off|[of] p1a: Weavile
|move|p2a: Scizor|Swords Dance|p2a: Scizor
|-boost|p2a: Scizor|atk|2
|
|upkeep
|turn|23
|j| SL21CC tangkeke
|inactive|SL21CC Winona has 30 seconds left.
|
|t:|1641814358
|move|p2a: Scizor|Bullet Punch|p1a: Weavile
|-supereffective|p1a: Weavile
|-damage|p1a: Weavile|0 fnt
|faint|p1a: Weavile
|
|upkeep
|
|t:|1641814361
|switch|p1a: Garchomp|Garchomp, M|100/100
|turn|24
|
|t:|1641814372
|move|p2a: Scizor|Bullet Punch|p1a: Garchomp
|-damage|p1a: Garchomp|30/100
|-damage|p2a: Scizor|30/100|[from] ability: Rough Skin|[of] p1a: Garchomp
|move|p1a: Garchomp|Earthquake|p2a: Scizor
|-crit|p2a: Scizor
|-damage|p2a: Scizor|0 fnt
|faint|p2a: Scizor
|
|-heal|p1a: Garchomp|36/100|[from] item: Leftovers
|upkeep
|
|t:|1641814375
|switch|p2a: Ninetales|Ninetales-Alola, M|100/100
|-weather|Hail|[from] ability: Snow Warning|[of] p2a: Ninetales
|turn|25
|
|t:|1641814385
|move|p2a: Ninetales|Aurora Veil|p2a: Ninetales
|-sidestart|p2: SL21CC Winona|move: Aurora Veil
|move|p1a: Garchomp|Earthquake|p2a: Ninetales
|-damage|p2a: Ninetales|71/100
|
|-weather|Hail|[upkeep]
|-damage|p1a: Garchomp|30/100|[from] Hail
|-heal|p1a: Garchomp|36/100|[from] item: Leftovers
|upkeep
|turn|26
|
|t:|1641814394
|switch|p1a: Slowking|Slowking-Galar, F, shiny|83/100
|move|p2a: Ninetales|Freeze-Dry|p1a: Slowking
|-damage|p1a: Slowking|73/100
|-status|p1a: Slowking|frz
|
|-weather|Hail|[upkeep]
|-damage|p1a: Slowking|66/100 frz|[from] Hail
|upkeep
|turn|27
|
|t:|1641814418
|move|p2a: Ninetales|Freeze-Dry|p1a: Slowking
|-damage|p1a: Slowking|56/100 frz
|-curestatus|p1a: Slowking|frz|[from] move: Scald
|move|p1a: Slowking|Scald|p2a: Ninetales
|-damage|p2a: Ninetales|58/100
|
|-weather|Hail|[upkeep]
|-damage|p1a: Slowking|49/100|[from] Hail
|upkeep
|turn|28
|
|t:|1641814424
|switch|p1a: Garchomp|Garchomp, M|36/100
|move|p2a: Ninetales|Freeze-Dry|p1a: Garchomp
|-supereffective|p1a: Garchomp
|-damage|p1a: Garchomp|0 fnt
|faint|p1a: Garchomp
|
|-weather|Hail|[upkeep]
|upkeep
|
|t:|1641814426
|switch|p1a: Slowking|Slowking-Galar, F, shiny|83/100
|turn|29
|
|t:|1641814434
|move|p2a: Ninetales|Hypnosis|p1a: Slowking
|-status|p1a: Slowking|slp|[from] move: Hypnosis
|cant|p1a: Slowking|slp
|
|-weather|none
|upkeep
|turn|30
|
|t:|1641814437
|switch|p2a: Cloyster|Cloyster, F|100/100
|cant|p1a: Slowking|slp
|
|upkeep
|turn|31
|
|t:|1641814439
|switch|p1a: Ferrothorn|Ferrothorn, M|100/100
|move|p2a: Cloyster|Shell Smash|p2a: Cloyster
|-unboost|p2a: Cloyster|def|1
|-unboost|p2a: Cloyster|spd|1
|-boost|p2a: Cloyster|atk|2
|-boost|p2a: Cloyster|spa|2
|-boost|p2a: Cloyster|spe|2
|
|upkeep
|turn|32
|j| SL21CC 东方不败
|inactive|SL21CC Winona has 60 seconds left.
|
|t:|1641814489
|move|p2a: Cloyster|Icicle Spear|p1a: Ferrothorn
|-damage|p1a: Ferrothorn|87/100
|-damage|p1a: Ferrothorn|74/100
|-damage|p1a: Ferrothorn|59/100
|-damage|p1a: Ferrothorn|45/100
|-damage|p1a: Ferrothorn|32/100
|-hitcount|p1a: Ferrothorn|5
|move|p1a: Ferrothorn|Leech Seed|p2a: Cloyster|[miss]
|-miss|p1a: Ferrothorn|p2a: Cloyster
|
|-heal|p1a: Ferrothorn|38/100|[from] item: Leftovers
|-sideend|p2: SL21CC Winona|move: Aurora Veil
|upkeep
|turn|33
|-message|SL21CC XIAOBAO forfeited.
|
|win|SL21CC Winona
|raw|SL21CC XIAOBAO's rating: 1213 &rarr; <strong>1198</strong><br />(-15 for losing)
|raw|SL21CC Winona's rating: 1229 &rarr; <strong>1244</strong><br />(+15 for winning)
|l|☆SL21CC XIAOBAO
|l|☆SL21CC Winona
|l| sl21cc vogut
|l| SL21CCJqlove
|l| SL21CC Burger King
|l| SL21CC tangkeke
|l| suicidu
|l| SL21CCxiaomiaomiao
|j| SL21CCxiaomiaomiao
|l| SL21CCxiaomiaomiao
|j| Metallica126
|l| Metallica126
|n| SL21CC 91舒先生|chickwayne
|l|+dragonitenb
|l| SL21CC姐ISthequeen
|l| adreamew
|l|+Chaos23333
|l| SL22CC 蜜雪冰城
|l| Water gh0st
