|raw|<div class="broadcast-blue"><strong>This battle is required to be public due to a player having a name starting with 'sl21cc'.</div>
|j|☆SL21CC 东方不败
|j|☆SL21CC ginko
|t:|1641819238
|gametype|singles
|player|p1|SL21CC 东方不败|101|1202
|player|p2|SL21CC ginko|evelyn|1281
|teamsize|p1|6
|teamsize|p2|6
|gen|8
|tier|[Gen 8] OU
|rated|
|rule|Sleep Clause Mod: Limit one foe put to sleep
|rule|Species Clause: Limit one of each Pokémon
|rule|OHKO Clause: OHKO moves are banned
|rule|Evasion Moves Clause: Evasion moves are banned
|rule|Endless Battle Clause: Forcing endless battles is banned
|rule|HP Percentage Mod: HP is shown in percentages
|rule|Dynamax Clause: You cannot dynamax
|clearpoke
|poke|p1|Nihilego|
|poke|p1|Tapu Lele|
|poke|p1|Magnezone|
|poke|p1|Weavile, F|
|poke|p1|Slowbro, F|
|poke|p1|Landorus-Therian, M|
|poke|p2|Blaziken, F|
|poke|p2|Heatran, F|
|poke|p2|Dragapult, F|
|poke|p2|Garchomp, M|
|poke|p2|Arctozolt|
|poke|p2|Ninetales-Alola, F|
|teampreview
|inactive|Battle timer is ON: inactive players will automatically lose when time's up. (requested by SL21CC 东方不败)
|j| adreamew
|
|t:|1641819309
|start
|switch|p1a: Tapu Lele|Tapu Lele|100/100
|switch|p2a: Heatran|Heatran, F|100/100
|-fieldstart|move: Psychic Terrain|[from] ability: Psychic Surge|[of] p1a: Tapu Lele
|-item|p2a: Heatran|Air Balloon
|turn|1
|
|t:|1641819319
|switch|p1a: Slowbro|Slowbro, F|100/100
|move|p2a: Heatran|Magma Storm|p1a: Slowbro|[miss]
|-miss|p2a: Heatran|p1a: Slowbro
|
|upkeep
|turn|2
|
|t:|1641819321
|move|p2a: Heatran|Stealth Rock|p1a: Slowbro
|-sidestart|p1: SL21CC 东方不败|move: Stealth Rock
|move|p1a: Slowbro|Scald|p2a: Heatran
|-supereffective|p2a: Heatran
|-crit|p2a: Heatran
|-damage|p2a: Heatran|18/100
|-enditem|p2a: Heatran|Air Balloon
|
|upkeep
|turn|3
|
|t:|1641819323
|move|p2a: Heatran|Magma Storm|p1a: Slowbro
|-resisted|p1a: Slowbro
|-damage|p1a: Slowbro|82/100
|-activate|p1a: Slowbro|move: Magma Storm|[of] p2a: Heatran
|move|p1a: Slowbro|Scald|p2a: Heatran
|-supereffective|p2a: Heatran
|-damage|p2a: Heatran|0 fnt
|faint|p2a: Heatran
|
|-end|p1a: Slowbro|Magma Storm|[partiallytrapped]|[silent]
|upkeep
|
|t:|1641819329
|switch|p2a: Arctozolt|Arctozolt|100/100
|turn|4
|
|t:|1641819333
|switch|p1a: Landorus|Landorus-Therian, M|100/100
|-damage|p1a: Landorus|88/100|[from] Stealth Rock
|-ability|p1a: Landorus|Intimidate|boost
|-unboost|p2a: Arctozolt|atk|1
|move|p2a: Arctozolt|Low Kick|p1a: Landorus
|-resisted|p1a: Landorus
|-damage|p1a: Landorus|81/100
|
|-heal|p1a: Landorus|87/100|[from] item: Leftovers
|upkeep
|turn|5
|
|t:|1641819341
|switch|p2a: Ninetales|Ninetales-Alola, F|100/100
|-weather|Hail|[from] ability: Snow Warning|[of] p2a: Ninetales
|move|p1a: Landorus|U-turn|p2a: Ninetales
|-resisted|p2a: Ninetales
|-crit|p2a: Ninetales
|-damage|p2a: Ninetales|82/100
|
|t:|1641819346
|switch|p1a: Nihilego|Nihilego|100/100|[from]move: U-turn
|-damage|p1a: Nihilego|88/100|[from] Stealth Rock
|
|-weather|Hail|[upkeep]
|-damage|p1a: Nihilego|82/100|[from] Hail
|-fieldend|move: Psychic Terrain
|upkeep
|turn|6
|
|t:|1641819351
|move|p2a: Ninetales|Aurora Veil|p2a: Ninetales
|-sidestart|p2: SL21CC ginko|move: Aurora Veil
|move|p1a: Nihilego|Sludge Bomb|p2a: Ninetales
|-supereffective|p2a: Ninetales
|-damage|p2a: Ninetales|9/100
|-status|p2a: Ninetales|psn
|
|-weather|Hail|[upkeep]
|-damage|p1a: Nihilego|76/100|[from] Hail
|-damage|p2a: Ninetales|0 fnt|[from] psn
|faint|p2a: Ninetales
|upkeep
|
|t:|1641819359
|switch|p2a: Garchomp|Garchomp, M|100/100
|turn|7
|
|t:|1641819363
|switch|p1a: Slowbro|Slowbro, F|100/100
|move|p2a: Garchomp|Swords Dance|p2a: Garchomp
|-boost|p2a: Garchomp|atk|2
|
|-weather|Hail|[upkeep]
|-damage|p2a: Garchomp|94/100|[from] Hail
|-damage|p1a: Slowbro|94/100|[from] Hail
|upkeep
|turn|8
|
|t:|1641819366
|move|p2a: Garchomp|Scale Shot|p1a: Slowbro
|-damage|p1a: Slowbro|75/100
|-damage|p1a: Slowbro|54/100
|-damage|p1a: Slowbro|31/100
|-hitcount|p1a: Slowbro|3
|-unboost|p2a: Garchomp|def|1
|-boost|p2a: Garchomp|spe|1
|move|p1a: Slowbro|Teleport|p1a: Slowbro
|
|t:|1641819371
|switch|p1a: Landorus|Landorus-Therian, M|87/100|[from]move: Teleport
|-damage|p1a: Landorus|75/100|[from] Stealth Rock
|-ability|p1a: Landorus|Intimidate|boost
|-unboost|p2a: Garchomp|atk|1
|
|-weather|Hail|[upkeep]
|-damage|p2a: Garchomp|88/100|[from] Hail
|-damage|p1a: Landorus|69/100|[from] Hail
|-heal|p1a: Landorus|75/100|[from] item: Leftovers
|upkeep
|turn|9
|
|t:|1641819377
|switch|p1a: Slowbro|Slowbro, F|65/100
|move|p2a: Garchomp|Swords Dance|p2a: Garchomp
|-boost|p2a: Garchomp|atk|2
|
|-weather|none
|upkeep
|turn|10
|
|t:|1641819386
|switch|p1a: Tapu Lele|Tapu Lele|100/100
|-damage|p1a: Tapu Lele|88/100|[from] Stealth Rock
|-fieldstart|move: Psychic Terrain|[from] ability: Psychic Surge|[of] p1a: Tapu Lele
|move|p2a: Garchomp|Scale Shot|p1a: Tapu Lele
|-immune|p1a: Tapu Lele
|
|upkeep
|turn|11
|
|t:|1641819390
|switch|p1a: Landorus|Landorus-Therian, M|75/100
|-damage|p1a: Landorus|63/100|[from] Stealth Rock
|-ability|p1a: Landorus|Intimidate|boost
|-unboost|p2a: Garchomp|atk|1
|move|p2a: Garchomp|Earthquake|p1a: Landorus
|-immune|p1a: Landorus
|
|-heal|p1a: Landorus|69/100|[from] item: Leftovers
|upkeep
|turn|12
|
|t:|1641819396
|switch|p1a: Tapu Lele|Tapu Lele|88/100
|-damage|p1a: Tapu Lele|76/100|[from] Stealth Rock
|move|p2a: Garchomp|Scale Shot|p1a: Tapu Lele
|-immune|p1a: Tapu Lele
|
|upkeep
|turn|13
|
|t:|1641819399
|switch|p1a: Landorus|Landorus-Therian, M|69/100
|-damage|p1a: Landorus|56/100|[from] Stealth Rock
|-ability|p1a: Landorus|Intimidate|boost
|-unboost|p2a: Garchomp|atk|1
|move|p2a: Garchomp|Earthquake|p1a: Landorus
|-immune|p1a: Landorus
|
|-heal|p1a: Landorus|62/100|[from] item: Leftovers
|-sideend|p2: SL21CC ginko|move: Aurora Veil
|upkeep
|turn|14
|
|t:|1641819403
|move|p2a: Garchomp|Scale Shot|p1a: Landorus|[miss]
|-miss|p2a: Garchomp|p1a: Landorus
|move|p1a: Landorus|U-turn|p2a: Garchomp
|-damage|p2a: Garchomp|56/100
|-damage|p1a: Landorus|50/100|[from] ability: Rough Skin|[of] p2a: Garchomp
|j| sl21cc ryekie
|
|t:|1641819409
|switch|p1a: Slowbro|Slowbro, F|98/100|[from]move: U-turn
|
|-fieldend|move: Psychic Terrain
|upkeep
|turn|15
|
|t:|1641819411
|move|p2a: Garchomp|Earthquake|p1a: Slowbro
|-damage|p1a: Slowbro|35/100
|move|p1a: Slowbro|Scald|p2a: Garchomp
|-damage|p2a: Garchomp|27/100
|
|upkeep
|turn|16
|
|t:|1641819419
|switch|p1a: Tapu Lele|Tapu Lele|76/100
|-damage|p1a: Tapu Lele|63/100|[from] Stealth Rock
|-fieldstart|move: Psychic Terrain|[from] ability: Psychic Surge|[of] p1a: Tapu Lele
|move|p2a: Garchomp|Swords Dance|p2a: Garchomp
|-boost|p2a: Garchomp|atk|2
|
|upkeep
|turn|17
|
|t:|1641819427
|switch|p1a: Landorus|Landorus-Therian, M|50/100
|-damage|p1a: Landorus|38/100|[from] Stealth Rock
|-ability|p1a: Landorus|Intimidate|boost
|-unboost|p2a: Garchomp|atk|1
|move|p2a: Garchomp|Earthquake|p1a: Landorus
|-immune|p1a: Landorus
|
|-heal|p1a: Landorus|44/100|[from] item: Leftovers
|upkeep
|turn|18
|
|t:|1641819438
|switch|p1a: Magnezone|Magnezone|100/100
|-damage|p1a: Magnezone|94/100|[from] Stealth Rock
|move|p2a: Garchomp|Scale Shot|p1a: Magnezone
|-resisted|p1a: Magnezone
|-damage|p1a: Magnezone|84/100
|-resisted|p1a: Magnezone
|-damage|p1a: Magnezone|73/100
|-resisted|p1a: Magnezone
|-damage|p1a: Magnezone|63/100
|-hitcount|p1a: Magnezone|3
|-unboost|p2a: Garchomp|def|1
|-boost|p2a: Garchomp|spe|1
|
|upkeep
|turn|19
|
|t:|1641819442
|move|p2a: Garchomp|Fire Fang|p1a: Magnezone|[miss]
|-miss|p2a: Garchomp|p1a: Magnezone
|move|p1a: Magnezone|Body Press|p2a: Garchomp
|-damage|p2a: Garchomp|0 fnt
|-damage|p1a: Magnezone|50/100|[from] ability: Rough Skin|[of] p2a: Garchomp
|faint|p2a: Garchomp
|
|upkeep
|c|☆SL21CC 东方不败|我的
|
|t:|1641819447
|switch|p2a: Blaziken|Blaziken, F|100/100
|-item|p2a: Blaziken|Air Balloon
|turn|20
|
|t:|1641819450
|move|p2a: Blaziken|Swords Dance|p2a: Blaziken
|-boost|p2a: Blaziken|atk|2
|move|p1a: Magnezone|Toxic|p2a: Blaziken
|-status|p2a: Blaziken|tox
|
|-damage|p2a: Blaziken|95/100 tox|[from] psn
|-fieldend|move: Psychic Terrain
|-ability|p2a: Blaziken|Speed Boost|boost
|-boost|p2a: Blaziken|spe|1
|upkeep
|turn|21
|
|t:|1641819457
|switch|p1a: Slowbro|Slowbro, F|68/100
|move|p2a: Blaziken|Knock Off|p1a: Slowbro
|-supereffective|p1a: Slowbro
|-damage|p1a: Slowbro|0 fnt
|-enditem|p1a: Slowbro|Heavy-Duty Boots|[from] move: Knock Off|[of] p2a: Blaziken
|faint|p1a: Slowbro
|
|-damage|p2a: Blaziken|83/100 tox|[from] psn
|-ability|p2a: Blaziken|Speed Boost|boost
|-boost|p2a: Blaziken|spe|1
|upkeep
|j| burstbean
|
|t:|1641819460
|switch|p1a: Landorus|Landorus-Therian, M|44/100
|-damage|p1a: Landorus|31/100|[from] Stealth Rock
|-ability|p1a: Landorus|Intimidate|boost
|-unboost|p2a: Blaziken|atk|1
|turn|22
|j| SL21CC Winona
|j| abdksr
|
|t:|1641819466
|switch|p1a: Magnezone|Magnezone|50/100
|-damage|p1a: Magnezone|44/100|[from] Stealth Rock
|move|p2a: Blaziken|Knock Off|p1a: Magnezone
|-damage|p1a: Magnezone|0 fnt
|-damage|p2a: Blaziken|66/100 tox|[from] item: Rocky Helmet|[of] p1a: Magnezone
|-enditem|p1a: Magnezone|Rocky Helmet|[from] move: Knock Off|[of] p2a: Blaziken
|faint|p1a: Magnezone
|
|-damage|p2a: Blaziken|48/100 tox|[from] psn
|-ability|p2a: Blaziken|Speed Boost|boost
|-boost|p2a: Blaziken|spe|1
|upkeep
|
|t:|1641819468
|switch|p1a: Landorus|Landorus-Therian, M|31/100
|-damage|p1a: Landorus|19/100|[from] Stealth Rock
|-ability|p1a: Landorus|Intimidate|boost
|-unboost|p2a: Blaziken|atk|1
|turn|23
|l| abdksr
|
|t:|1641819470
|move|p2a: Blaziken|Knock Off|p1a: Landorus
|-damage|p1a: Landorus|0 fnt
|-enditem|p1a: Landorus|Leftovers|[from] move: Knock Off|[of] p2a: Blaziken
|faint|p1a: Landorus
|
|-damage|p2a: Blaziken|24/100 tox|[from] psn
|-ability|p2a: Blaziken|Speed Boost|boost
|-boost|p2a: Blaziken|spe|1
|upkeep
|j| SL21CCC徐坤
|
|t:|1641819475
|switch|p1a: Weavile|Weavile, F|100/100
|turn|24
|
|t:|1641819477
|move|p1a: Weavile|Ice Shard|p2a: Blaziken
|-resisted|p2a: Blaziken
|-damage|p2a: Blaziken|7/100 tox
|-enditem|p2a: Blaziken|Air Balloon
|move|p2a: Blaziken|Flare Blitz|p1a: Weavile
|-supereffective|p1a: Weavile
|-damage|p1a: Weavile|0 fnt
|faint|p1a: Weavile
|-damage|p2a: Blaziken|0 fnt|[from] Recoil
|faint|p2a: Blaziken
|
|upkeep
|
|t:|1641819485
|switch|p1a: Tapu Lele|Tapu Lele|63/100
|switch|p2a: Dragapult|Dragapult, F|100/100
|-damage|p1a: Tapu Lele|51/100|[from] Stealth Rock
|-fieldstart|move: Psychic Terrain|[from] ability: Psychic Surge|[of] p1a: Tapu Lele
|turn|25
|
|t:|1641819487
|move|p1a: Tapu Lele|Moonblast|p2a: Dragapult
|-supereffective|p2a: Dragapult
|-damage|p2a: Dragapult|0 fnt
|faint|p2a: Dragapult
|
|upkeep
|-message|SL21CC ginko forfeited.
|
|win|SL21CC 东方不败
|raw|SL21CC 东方不败's rating: 1202 &rarr; <strong>1222</strong><br />(+20 for winning)
|raw|SL21CC ginko's rating: 1281 &rarr; <strong>1261</strong><br />(-20 for losing)
|l|☆SL21CC ginko
|l| SL21CCC徐坤
|l|☆SL21CC 东方不败
|l| burstbean
|l| SL21CC Winona
