|raw|<div class="broadcast-blue"><strong>This battle is required to be public due to a player having a name starting with 'sl21cc'.</div>
|j|☆sl21cc buhuiying
|j|☆dragonitenb
|t:|1641823178
|gametype|singles
|player|p1|sl21cc buhuiying|YZII.jpg|1203
|player|p2|dragonitenb|feida.png|1308
|teamsize|p1|6
|teamsize|p2|6
|gen|8
|tier|[Gen 8] OU
|rated|
|rule|Sleep Clause Mod: Limit one foe put to sleep
|rule|Species Clause: Limit one of each Pokémon
|rule|OHKO Clause: OHKO moves are banned
|rule|Evasion Moves Clause: Evasion moves are banned
|rule|Endless Battle Clause: Forcing endless battles is banned
|rule|HP Percentage Mod: HP is shown in percentages
|rule|Dynamax Clause: You cannot dynamax
|clearpoke
|poke|p1|Dragapult, F|
|poke|p1|Hippowdon, M|
|poke|p1|Gengar, F|
|poke|p1|Suicune|
|poke|p1|Corviknight, M|
|poke|p1|Clefable, M|
|poke|p2|Garchomp, M|
|poke|p2|Aegislash, F|
|poke|p2|Urshifu-*, M|
|poke|p2|Moltres-Galar|
|poke|p2|Pelipper, M|
|poke|p2|Kartana|
|teampreview
|j| SL21CC tangkeke
|j| adreamew
|inactive|Battle timer is ON: inactive players will automatically lose when time's up. (requested by dragonitenb)
|j| rffydsdhh
|
|t:|1641823193
|start
|switch|p1a: Dragapult|Dragapult, F|100/100
|switch|p2a: Kartana|Kartana|100/100
|turn|1
|j| sl21cc ryekie
|
|t:|1641823207
|switch|p1a: Corviknight|Corviknight, M|100/100
|-ability|p1a: Corviknight|Pressure
|move|p2a: Kartana|Knock Off|p1a: Corviknight
|-damage|p1a: Corviknight|72/100
|-enditem|p1a: Corviknight|Leftovers|[from] move: Knock Off|[of] p2a: Kartana
|
|upkeep
|turn|2
|
|t:|1641823213
|move|p2a: Kartana|Knock Off|p1a: Corviknight
|-damage|p1a: Corviknight|52/100
|move|p1a: Corviknight|U-turn|p2a: Kartana
|-damage|p2a: Kartana|86/100
|
|t:|1641823219
|switch|p1a: Hippowdon|Hippowdon, M|100/100|[from]move: U-turn
|-weather|Sandstorm|[from] ability: Sand Stream|[of] p1a: Hippowdon
|
|-weather|Sandstorm|[upkeep]
|upkeep
|turn|3
|
|t:|1641823226
|switch|p2a: Pelipper|Pelipper, M|100/100
|-weather|RainDance|[from] ability: Drizzle|[of] p2a: Pelipper
|switch|p1a: Corviknight|Corviknight, M|52/100
|-ability|p1a: Corviknight|Pressure
|
|-weather|RainDance|[upkeep]
|upkeep
|turn|4
|j| burstbean
|j|@chickwayne
|
|t:|1641823237
|switch|p1a: Suicune|Suicune|100/100
|-ability|p1a: Suicune|Pressure
|move|p2a: Pelipper|Hydro Pump|p1a: Suicune
|-resisted|p1a: Suicune
|-damage|p1a: Suicune|58/100
|
|-weather|RainDance|[upkeep]
|-heal|p1a: Suicune|65/100|[from] item: Leftovers
|upkeep
|turn|5
|j| SL21CC姐ISthequeen
|j| sl21cckhl
|l| SL21CC姐ISthequeen
|
|t:|1641823254
|switch|p2a: Moltres|Moltres-Galar|100/100
|move|p1a: Suicune|Scald|p2a: Moltres
|-damage|p2a: Moltres|69/100
|
|-weather|RainDance|[upkeep]
|-heal|p1a: Suicune|71/100|[from] item: Leftovers
|upkeep
|turn|6
|
|t:|1641823271
|switch|p1a: Clefable|Clefable, M|100/100
|move|p2a: Moltres|Hurricane|p1a: Clefable
|-damage|p1a: Clefable|53/100
|
|-weather|RainDance|[upkeep]
|upkeep
|turn|7
|
|t:|1641823293
|switch|p2a: Aegislash|Aegislash, F|100/100
|move|p1a: Clefable|Soft-Boiled|p1a: Clefable
|-heal|p1a: Clefable|100/100
|
|-weather|none
|upkeep
|turn|8
|
|t:|1641823321
|switch|p1a: Suicune|Suicune|71/100
|-ability|p1a: Suicune|Pressure
|-formechange|p2a: Aegislash|Aegislash-Blade||[from] ability: Stance Change
|move|p2a: Aegislash|Flash Cannon|p1a: Suicune
|-resisted|p1a: Suicune
|-damage|p1a: Suicune|45/100
|
|-heal|p1a: Suicune|51/100|[from] item: Leftovers
|upkeep
|turn|9
|inactive|dragonitenb has 120 seconds left.
|
|t:|1641823361
|switch|p2a: Moltres|Moltres-Galar|69/100
|move|p1a: Suicune|Substitute|p1a: Suicune
|-start|p1a: Suicune|Substitute
|-damage|p1a: Suicune|26/100
|
|-heal|p1a: Suicune|32/100|[from] item: Leftovers
|upkeep
|turn|10
|
|t:|1641823368
|move|p1a: Suicune|Protect|p1a: Suicune
|-singleturn|p1a: Suicune|Protect
|move|p2a: Moltres|Nasty Plot|p2a: Moltres
|-boost|p2a: Moltres|spa|2
|
|-heal|p1a: Suicune|38/100|[from] item: Leftovers
|upkeep
|turn|11
|
|t:|1641823375
|move|p1a: Suicune|Scald|p2a: Moltres
|-damage|p2a: Moltres|50/100
|-ability|p2a: Moltres|Berserk|boost
|-boost|p2a: Moltres|spa|1
|move|p2a: Moltres|Fiery Wrath|p1a: Suicune
|-end|p1a: Suicune|Substitute
|
|-heal|p1a: Suicune|45/100|[from] item: Leftovers
|upkeep
|turn|12
|
|t:|1641823388
|switch|p1a: Corviknight|Corviknight, M|52/100
|-ability|p1a: Corviknight|Pressure
|switch|p2a: Aegislash|Aegislash, F|100/100
|
|upkeep
|turn|13
|
|t:|1641823392
|-formechange|p2a: Aegislash|Aegislash-Blade||[from] ability: Stance Change
|move|p2a: Aegislash|Shadow Ball|p1a: Corviknight
|-crit|p1a: Corviknight
|-damage|p1a: Corviknight|0 fnt
|faint|p1a: Corviknight
|
|upkeep
|c|☆sl21cc buhuiying|.
|
|t:|1641823406
|switch|p1a: Gengar|Gengar, F|100/100
|turn|14
|l| burstbean
|
|t:|1641823418
|switch|p2a: Garchomp|Garchomp, M|100/100
|move|p1a: Gengar|Nasty Plot|p1a: Gengar
|-boost|p1a: Gengar|spa|2
|
|upkeep
|turn|15
|
|t:|1641823433
|switch|p1a: Clefable|Clefable, M|100/100
|move|p2a: Garchomp|Stealth Rock|p1a: Clefable
|-sidestart|p1: sl21cc buhuiying|move: Stealth Rock
|
|upkeep
|turn|16
|
|t:|1641823438
|switch|p2a: Aegislash|Aegislash, F|100/100
|move|p1a: Clefable|Trick|p2a: Aegislash
|-activate|p1a: Clefable|move: Trick|[of] p2a: Aegislash
|-item|p2a: Aegislash|Sticky Barb|[from] move: Trick
|-item|p1a: Clefable|Choice Specs|[from] move: Trick
|
|-damage|p2a: Aegislash|88/100|[from] item: Sticky Barb
|upkeep
|turn|17
|
|t:|1641823449
|switch|p1a: Hippowdon|Hippowdon, M|100/100
|-damage|p1a: Hippowdon|94/100|[from] Stealth Rock
|-weather|Sandstorm|[from] ability: Sand Stream|[of] p1a: Hippowdon
|-formechange|p2a: Aegislash|Aegislash-Blade||[from] ability: Stance Change
|move|p2a: Aegislash|Flash Cannon|p1a: Hippowdon
|-damage|p1a: Hippowdon|59/100
|
|-weather|Sandstorm|[upkeep]
|-heal|p1a: Hippowdon|65/100|[from] item: Leftovers
|-damage|p2a: Aegislash|76/100|[from] item: Sticky Barb
|upkeep
|turn|18
|
|t:|1641823456
|switch|p2a: Pelipper|Pelipper, M|100/100
|-weather|RainDance|[from] ability: Drizzle|[of] p2a: Pelipper
|move|p1a: Hippowdon|Slack Off|p1a: Hippowdon
|-heal|p1a: Hippowdon|100/100
|
|-weather|RainDance|[upkeep]
|upkeep
|turn|19
|
|t:|1641823462
|switch|p1a: Suicune|Suicune|45/100
|-damage|p1a: Suicune|32/100|[from] Stealth Rock
|-ability|p1a: Suicune|Pressure
|move|p2a: Pelipper|Weather Ball|p1a: Suicune
|-resisted|p1a: Suicune
|-damage|p1a: Suicune|0 fnt
|faint|p1a: Suicune
|
|-weather|RainDance|[upkeep]
|upkeep
|
|t:|1641823469
|switch|p1a: Dragapult|Dragapult, F|100/100
|-damage|p1a: Dragapult|88/100|[from] Stealth Rock
|turn|20
|
|t:|1641823476
|switch|p2a: Moltres|Moltres-Galar|50/100
|move|p1a: Dragapult|Substitute|p1a: Dragapult
|-start|p1a: Dragapult|Substitute
|-damage|p1a: Dragapult|63/100
|
|-weather|RainDance|[upkeep]
|-heal|p1a: Dragapult|69/100|[from] item: Leftovers
|upkeep
|turn|21
|
|t:|1641823482
|move|p1a: Dragapult|Dragon Darts|p2a: Moltres
|-damage|p2a: Moltres|28/100
|-anim|p1a: Dragapult|Dragon Darts|p2a: Moltres
|-damage|p2a: Moltres|7/100
|move|p2a: Moltres|Fiery Wrath|p1a: Dragapult
|-supereffective|p1a: Dragapult
|-end|p1a: Dragapult|Substitute
|
|-weather|RainDance|[upkeep]
|-heal|p1a: Dragapult|75/100|[from] item: Leftovers
|upkeep
|turn|22
|
|t:|1641823486
|move|p1a: Dragapult|Dragon Darts|p2a: Moltres
|-damage|p2a: Moltres|0 fnt
|faint|p2a: Moltres
|
|-weather|none
|-heal|p1a: Dragapult|81/100|[from] item: Leftovers
|upkeep
|
|t:|1641823488
|switch|p2a: Kartana|Kartana|86/100
|turn|23
|
|t:|1641823496
|move|p2a: Kartana|Smart Strike|p1a: Dragapult
|-damage|p1a: Dragapult|13/100
|move|p1a: Dragapult|Will-O-Wisp|p2a: Kartana
|-status|p2a: Kartana|brn
|
|-heal|p1a: Dragapult|19/100|[from] item: Leftovers
|-damage|p2a: Kartana|80/100 brn|[from] brn
|upkeep
|turn|24
|
|t:|1641823502
|switch|p1a: Hippowdon|Hippowdon, M|100/100
|-damage|p1a: Hippowdon|94/100|[from] Stealth Rock
|-weather|Sandstorm|[from] ability: Sand Stream|[of] p1a: Hippowdon
|move|p2a: Kartana|Smart Strike|p1a: Hippowdon
|-damage|p1a: Hippowdon|78/100
|
|-weather|Sandstorm|[upkeep]
|-heal|p1a: Hippowdon|85/100|[from] item: Leftovers
|-damage|p2a: Kartana|73/100 brn|[from] brn
|upkeep
|turn|25
|j| SL21CC姐ISthequeen
|
|t:|1641823508
|switch|p2a: Pelipper|Pelipper, M|100/100
|-weather|RainDance|[from] ability: Drizzle|[of] p2a: Pelipper
|switch|p1a: Dragapult|Dragapult, F|19/100
|-damage|p1a: Dragapult|7/100|[from] Stealth Rock
|
|-weather|RainDance|[upkeep]
|-heal|p1a: Dragapult|13/100|[from] item: Leftovers
|upkeep
|turn|26
|
|t:|1641823518
|move|p1a: Dragapult|Dragon Darts|p2a: Pelipper
|-damage|p2a: Pelipper|71/100
|-anim|p1a: Dragapult|Dragon Darts|p2a: Pelipper
|-damage|p2a: Pelipper|46/100
|move|p2a: Pelipper|U-turn|p1a: Dragapult
|-resisted|p1a: Dragapult
|-damage|p1a: Dragapult|7/100
|
|t:|1641823519
|switch|p2a: Kartana|Kartana|73/100 brn|[from]move: U-turn
|
|-weather|RainDance|[upkeep]
|-heal|p1a: Dragapult|13/100|[from] item: Leftovers
|-damage|p2a: Kartana|67/100 brn|[from] brn
|upkeep
|turn|27
|
|t:|1641823527
|switch|p1a: Clefable|Clefable, M|100/100
|move|p2a: Kartana|Knock Off|p1a: Clefable
|-resisted|p1a: Clefable
|-damage|p1a: Clefable|92/100
|-enditem|p1a: Clefable|Choice Specs|[from] move: Knock Off|[of] p2a: Kartana
|
|-weather|RainDance|[upkeep]
|-damage|p2a: Kartana|61/100 brn|[from] brn
|upkeep
|turn|28
|
|t:|1641823536
|switch|p2a: Aegislash|Aegislash, F|76/100
|move|p1a: Clefable|Moonblast|p2a: Aegislash
|-resisted|p2a: Aegislash
|-damage|p2a: Aegislash|61/100
|
|-weather|RainDance|[upkeep]
|-damage|p2a: Aegislash|49/100|[from] item: Sticky Barb
|upkeep
|turn|29
|
|t:|1641823542
|switch|p2a: Pelipper|Pelipper, M|46/100
|switch|p1a: Hippowdon|Hippowdon, M|85/100
|-damage|p1a: Hippowdon|78/100|[from] Stealth Rock
|-weather|Sandstorm|[from] ability: Sand Stream|[of] p1a: Hippowdon
|
|-weather|Sandstorm|[upkeep]
|-damage|p2a: Pelipper|40/100|[from] Sandstorm
|-heal|p1a: Hippowdon|85/100|[from] item: Leftovers
|upkeep
|turn|30
|
|t:|1641823550
|switch|p1a: Dragapult|Dragapult, F|13/100
|-damage|p1a: Dragapult|0 fnt|[from] Stealth Rock
|faint|p1a: Dragapult
|move|p2a: Pelipper|Hydro Pump|p1: Dragapult|[notarget]
|-fail|p2a: Pelipper
|
|-weather|Sandstorm|[upkeep]
|-damage|p2a: Pelipper|34/100|[from] Sandstorm
|upkeep
|n| SL21CC 91影先生|chickwayne
|
|t:|1641823557
|switch|p1a: Gengar|Gengar, F|100/100
|-damage|p1a: Gengar|88/100|[from] Stealth Rock
|turn|31
|
|t:|1641823566
|switch|p2a: Urshifu|Urshifu-Rapid-Strike, M|100/100
|move|p1a: Gengar|Nasty Plot|p1a: Gengar
|-boost|p1a: Gengar|spa|2
|
|-weather|Sandstorm|[upkeep]
|-damage|p1a: Gengar|82/100|[from] Sandstorm
|-damage|p2a: Urshifu|94/100|[from] Sandstorm
|-heal|p1a: Gengar|88/100|[from] item: Black Sludge
|upkeep
|turn|32
|
|t:|1641823570
|move|p1a: Gengar|Sludge Wave|p2a: Urshifu
|-damage|p2a: Urshifu|0 fnt
|faint|p2a: Urshifu
|
|-weather|Sandstorm|[upkeep]
|-damage|p1a: Gengar|82/100|[from] Sandstorm
|-heal|p1a: Gengar|88/100|[from] item: Black Sludge
|upkeep
|
|t:|1641823575
|switch|p2a: Kartana|Kartana|61/100 brn
|turn|33
|
|t:|1641823581
|switch|p2a: Pelipper|Pelipper, M|34/100
|-weather|RainDance|[from] ability: Drizzle|[of] p2a: Pelipper
|switch|p1a: Hippowdon|Hippowdon, M|85/100
|-damage|p1a: Hippowdon|78/100|[from] Stealth Rock
|-weather|Sandstorm|[from] ability: Sand Stream|[of] p1a: Hippowdon
|
|-weather|Sandstorm|[upkeep]
|-damage|p2a: Pelipper|28/100|[from] Sandstorm
|-heal|p1a: Hippowdon|85/100|[from] item: Leftovers
|upkeep
|turn|34
|
|t:|1641823588
|switch|p1a: Clefable|Clefable, M|92/100
|move|p2a: Pelipper|Hydro Pump|p1a: Clefable
|-damage|p1a: Clefable|22/100
|
|-weather|Sandstorm|[upkeep]
|-damage|p2a: Pelipper|22/100|[from] Sandstorm
|upkeep
|turn|35
|
|t:|1641823593
|move|p2a: Pelipper|Hydro Pump|p1a: Clefable
|-damage|p1a: Clefable|0 fnt
|faint|p1a: Clefable
|
|-weather|Sandstorm|[upkeep]
|-damage|p2a: Pelipper|15/100|[from] Sandstorm
|upkeep
|
|t:|1641823595
|switch|p1a: Gengar|Gengar, F|88/100
|-damage|p1a: Gengar|76/100|[from] Stealth Rock
|turn|36
|
|t:|1641823601
|switch|p2a: Kartana|Kartana|61/100 brn
|move|p1a: Gengar|Hex|p2a: Kartana
|-damage|p2a: Kartana|0 fnt
|faint|p2a: Kartana
|
|-weather|Sandstorm|[upkeep]
|-damage|p1a: Gengar|70/100|[from] Sandstorm
|-heal|p1a: Gengar|76/100|[from] item: Black Sludge
|upkeep
|
|t:|1641823604
|switch|p2a: Aegislash|Aegislash, F|49/100
|turn|37
|
|t:|1641823607
|-formechange|p2a: Aegislash|Aegislash-Blade||[from] ability: Stance Change
|move|p2a: Aegislash|Shadow Sneak|p1a: Gengar
|-supereffective|p1a: Gengar
|-damage|p1a: Gengar|5/100
|move|p1a: Gengar|Hex|p2a: Aegislash
|-supereffective|p2a: Aegislash
|-damage|p2a: Aegislash|0 fnt
|faint|p2a: Aegislash
|
|-weather|none
|-heal|p1a: Gengar|11/100|[from] item: Black Sludge
|upkeep
|
|t:|1641823609
|switch|p2a: Garchomp|Garchomp, M|100/100
|turn|38
|
|t:|1641823613
|move|p1a: Gengar|Will-O-Wisp|p2a: Garchomp
|-status|p2a: Garchomp|brn
|move|p2a: Garchomp|Earthquake|p1a: Gengar
|-supereffective|p1a: Gengar
|-damage|p1a: Gengar|0 fnt
|faint|p1a: Gengar
|
|-damage|p2a: Garchomp|94/100 brn|[from] brn
|upkeep
|j| sl21cc vogut
|
|t:|1641823620
|switch|p1a: Hippowdon|Hippowdon, M|85/100
|-damage|p1a: Hippowdon|78/100|[from] Stealth Rock
|-weather|Sandstorm|[from] ability: Sand Stream|[of] p1a: Hippowdon
|turn|39
|
|t:|1641823625
|switch|p2a: Pelipper|Pelipper, M|15/100
|-weather|RainDance|[from] ability: Drizzle|[of] p2a: Pelipper
|move|p1a: Hippowdon|Toxic|p2a: Pelipper
|-status|p2a: Pelipper|tox
|
|-weather|RainDance|[upkeep]
|-heal|p1a: Hippowdon|85/100|[from] item: Leftovers
|-damage|p2a: Pelipper|9/100 tox|[from] psn
|upkeep
|turn|40
|
|t:|1641823633
|move|p2a: Pelipper|Weather Ball|p1a: Hippowdon
|-supereffective|p1a: Hippowdon
|-damage|p1a: Hippowdon|0 fnt
|faint|p1a: Hippowdon
|
|win|dragonitenb
|raw|sl21cc buhuiying's rating: 1203 &rarr; <strong>1191</strong><br />(-12 for losing)
|raw|dragonitenb's rating: 1308 &rarr; <strong>1320</strong><br />(+12 for winning)
|l| SL21CC 91影先生
|l| sl21cc vogut
|l|☆sl21cc buhuiying
|l| SL21CC姐ISthequeen
