|raw|<div class="broadcast-blue"><strong>This battle is required to be public due to a player having a name starting with 'sl21cc'.</div>
|j|☆SL21CC KFC嫩牛五方
|j|☆SL22CC 蜜雪冰城
|t:|1641824795
|gametype|singles
|player|p1|SL21CC KFC嫩牛五方|baker|1300
|player|p2|SL22CC 蜜雪冰城|swimmerf-gen4dp|1253
|teamsize|p1|6
|teamsize|p2|6
|gen|8
|tier|[Gen 8] OU
|rated|
|rule|Sleep Clause Mod: Limit one foe put to sleep
|rule|Species Clause: Limit one of each Pokémon
|rule|OHKO Clause: OHKO moves are banned
|rule|Evasion Moves Clause: Evasion moves are banned
|rule|Endless Battle Clause: Forcing endless battles is banned
|rule|HP Percentage Mod: HP is shown in percentages
|rule|Dynamax Clause: You cannot dynamax
|clearpoke
|poke|p1|Melmetal|
|poke|p1|Cresselia, F|
|poke|p1|Crawdaunt, M|
|poke|p1|Hatterene, F|
|poke|p1|Porygon2|
|poke|p1|Marowak-Alola, M|
|poke|p2|Tapu Fini|
|poke|p2|Corviknight, M|
|poke|p2|Heatran, M|
|poke|p2|Dragapult, F|
|poke|p2|Garchomp, F|
|poke|p2|Tapu Lele|
|teampreview
|j| SL21CCC徐坤
|j|+dragonitenb
|j| SL21CC tangkeke
|c|+dragonitenb|蜜雪冰城甜蜜蜜
|j| Water gh0st
|j| jiokopg_fkok43
|
|t:|1641824821
|start
|switch|p1a: Hatterene|Hatterene, F|100/100
|switch|p2a: Tapu Lele|Tapu Lele|100/100
|-fieldstart|move: Psychic Terrain|[from] ability: Psychic Surge|[of] p2a: Tapu Lele
|turn|1
|
|t:|1641824825
|move|p2a: Tapu Lele|Moonblast|p1a: Hatterene
|-damage|p1a: Hatterene|22/100
|move|p1a: Hatterene|Trick Room|p1a: Hatterene
|-fieldstart|move: Trick Room|[of] p1a: Hatterene
|
|upkeep
|turn|2
|
|t:|1641824829
|switch|p2a: Tapu Fini|Tapu Fini|100/100
|-fieldstart|move: Misty Terrain|[from] ability: Misty Surge|[of] p2a: Tapu Fini
|move|p1a: Hatterene|Healing Wish|p1a: Hatterene
|faint|p1a: Hatterene
|
|upkeep
|
|t:|1641824832
|switch|p1a: Melmetal|Melmetal|100/100
|turn|3
|
|t:|1641824838
|switch|p1a: Marowak|Marowak-Alola, M|100/100
|switch|p2a: Heatran|Heatran, M|100/100
|
|upkeep
|turn|4
|
|t:|1641824855
|switch|p2a: Garchomp|Garchomp, F|100/100
|move|p1a: Marowak|Swords Dance|p1a: Marowak
|-boost|p1a: Marowak|atk|2
|
|upkeep
|turn|5
|
|t:|1641824860
|switch|p2a: Tapu Lele|Tapu Lele|100/100
|-fieldstart|move: Psychic Terrain|[from] ability: Psychic Surge|[of] p2a: Tapu Lele
|move|p1a: Marowak|Poltergeist|p2a: Tapu Lele
|-activate|p2a: Tapu Lele|move: Poltergeist|Choice Specs
|-supereffective|p2a: Tapu Lele
|-damage|p2a: Tapu Lele|0 fnt
|faint|p2a: Tapu Lele
|
|-fieldend|move: Trick Room
|upkeep
|j| adreamew
|
|t:|1641824869
|switch|p2a: Dragapult|Dragapult, F|100/100
|turn|6
|
|t:|1641824875
|switch|p1a: Porygon2|Porygon2|100/100
|-ability|p1a: Porygon2|Download|boost
|-boost|p1a: Porygon2|atk|1
|move|p2a: Dragapult|Draco Meteor|p1a: Porygon2|[miss]
|-miss|p2a: Dragapult|p1a: Porygon2
|
|upkeep
|turn|7
|
|t:|1641824881
|switch|p2a: Heatran|Heatran, M|100/100
|move|p1a: Porygon2|Trick Room|p1a: Porygon2
|-fieldstart|move: Trick Room|[of] p1a: Porygon2
|
|upkeep
|turn|8
|
|t:|1641824883
|move|p2a: Heatran|Stealth Rock|p1a: Porygon2
|-sidestart|p1: SL21CC KFC嫩牛五方|move: Stealth Rock
|move|p1a: Porygon2|Teleport|p1a: Porygon2
|
|t:|1641824891
|switch|p1a: Marowak|Marowak-Alola, M|100/100|[from]move: Teleport
|-damage|p1a: Marowak|76/100|[from] Stealth Rock
|
|upkeep
|turn|9
|
|t:|1641824900
|switch|p2a: Corviknight|Corviknight, M|100/100
|-ability|p2a: Corviknight|Pressure
|move|p1a: Marowak|Swords Dance|p1a: Marowak
|-boost|p1a: Marowak|atk|2
|
|-fieldend|move: Psychic Terrain
|upkeep
|turn|10
|j| sl21cckhl
|
|t:|1641824927
|switch|p2a: Dragapult|Dragapult, F|100/100
|move|p1a: Marowak|Poltergeist|p2a: Dragapult
|-activate|p2a: Dragapult|move: Poltergeist|Choice Specs
|-supereffective|p2a: Dragapult
|-damage|p2a: Dragapult|0 fnt
|faint|p2a: Dragapult
|
|upkeep
|
|t:|1641824934
|switch|p2a: Garchomp|Garchomp, F|100/100
|turn|11
|
|t:|1641824940
|move|p1a: Marowak|Poltergeist|p2a: Garchomp
|-activate|p2a: Garchomp|move: Poltergeist|Leftovers
|-damage|p2a: Garchomp|0 fnt
|faint|p2a: Garchomp
|
|-fieldend|move: Trick Room
|upkeep
|
|t:|1641824947
|switch|p2a: Tapu Fini|Tapu Fini|100/100
|-fieldstart|move: Misty Terrain|[from] ability: Misty Surge|[of] p2a: Tapu Fini
|turn|12
|
|t:|1641824949
|move|p2a: Tapu Fini|Knock Off|p1a: Marowak
|-supereffective|p1a: Marowak
|-damage|p1a: Marowak|46/100
|-enditem|p1a: Marowak|Thick Club|[from] move: Knock Off|[of] p2a: Tapu Fini
|move|p1a: Marowak|Poltergeist|p2a: Tapu Fini
|-activate|p2a: Tapu Fini|move: Poltergeist|Leftovers
|-damage|p2a: Tapu Fini|45/100
|
|-heal|p2a: Tapu Fini|52/100|[from] item: Leftovers
|upkeep
|turn|13
|
|t:|1641824958
|move|p2a: Tapu Fini|Knock Off|p1a: Marowak
|-supereffective|p1a: Marowak
|-damage|p1a: Marowak|24/100
|move|p1a: Marowak|Poltergeist|p2a: Tapu Fini|[miss]
|-miss|p1a: Marowak|p2a: Tapu Fini
|
|-heal|p2a: Tapu Fini|58/100|[from] item: Leftovers
|upkeep
|turn|14
|j|♚Master Origami♕
|
|t:|1641824963
|move|p2a: Tapu Fini|Knock Off|p1a: Marowak
|-supereffective|p1a: Marowak
|-damage|p1a: Marowak|3/100
|move|p1a: Marowak|Poltergeist|p2a: Tapu Fini
|-activate|p2a: Tapu Fini|move: Poltergeist|Leftovers
|-damage|p2a: Tapu Fini|0 fnt
|faint|p2a: Tapu Fini
|
|upkeep
|-message|SL22CC 蜜雪冰城 forfeited.
|
|win|SL21CC KFC嫩牛五方
|raw|SL21CC KFC嫩牛五方's rating: 1300 &rarr; <strong>1313</strong><br />(+13 for winning)
|raw|SL22CC 蜜雪冰城's rating: 1253 &rarr; <strong>1240</strong><br />(-13 for losing)
|l|☆SL22CC 蜜雪冰城
|l| jiokopg_fkok43
|l| SL21CC tangkeke
|l|☆SL21CC KFC嫩牛五方
|l| SL21CCC徐坤
|l|♚Master Origami♕
