|j|☆SL21CC姐ISthequeen
|j|☆SL21CC 东方不败
|t:|1641821795
|gametype|singles
|player|p1|SL21CC姐ISthequeen|cynthia|1321
|player|p2|SL21CC 东方不败|cheryl|1223
|teamsize|p1|6
|teamsize|p2|6
|gen|8
|tier|[Gen 8] OU
|rated|
|rule|Sleep Clause Mod: Limit one foe put to sleep
|rule|Species Clause: Limit one of each Pokémon
|rule|OHKO Clause: OHKO moves are banned
|rule|Evasion Moves Clause: Evasion moves are banned
|rule|Endless Battle Clause: Forcing endless battles is banned
|rule|HP Percentage Mod: HP is shown in percentages
|rule|Dynamax Clause: You cannot dynamax
|clearpoke
|poke|p1|Tornadus-Therian, M|
|poke|p1|Heatran, M|
|poke|p1|Hippowdon, F|
|poke|p1|Corviknight, F|
|poke|p1|Clefable, F|
|poke|p1|Toxapex, M|
|poke|p2|Landorus-Therian, M|
|poke|p2|Ferrothorn, F|
|poke|p2|Clefable, F|
|poke|p2|Tornadus-Therian, M|
|poke|p2|Slowbro, F|
|poke|p2|Heatran, F|
|teampreview
|j| wandebucuo玩得不错
|l| wandebucuo玩得不错
|j| sl21cckhl
|j| adreamew
|c|☆SL21CC姐ISthequeen|没遇到
|j| SL21CC Leviathan
|j| SL21CC 91舒先生
|j|♚Jqlove
|j| SL22CC 蜜雪冰城
|
|t:|1641821834
|start
|switch|p1a: Hippowdon|Hippowdon, F|100/100
|switch|p2a: Slowbro|Slowbro, F|100/100
|-weather|Sandstorm|[from] ability: Sand Stream|[of] p1a: Hippowdon
|turn|1
|
|t:|1641821840
|move|p1a: Hippowdon|Stealth Rock|p2a: Slowbro
|-sidestart|p2: SL21CC 东方不败|move: Stealth Rock
|move|p2a: Slowbro|Scald|p1a: Hippowdon
|-supereffective|p1a: Hippowdon
|-damage|p1a: Hippowdon|59/100
|
|-weather|Sandstorm|[upkeep]
|-damage|p2a: Slowbro|94/100|[from] Sandstorm
|-heal|p1a: Hippowdon|65/100|[from] item: Leftovers
|upkeep
|turn|2
|
|t:|1641821853
|move|p1a: Hippowdon|Toxic|p2a: Slowbro
|-status|p2a: Slowbro|tox
|move|p2a: Slowbro|Scald|p1a: Hippowdon
|-supereffective|p1a: Hippowdon
|-damage|p1a: Hippowdon|22/100
|
|-weather|Sandstorm|[upkeep]
|-damage|p2a: Slowbro|88/100 tox|[from] Sandstorm
|-heal|p1a: Hippowdon|28/100|[from] item: Leftovers
|-damage|p2a: Slowbro|82/100 tox|[from] psn
|upkeep
|turn|3
|inactive|Battle timer is ON: inactive players will automatically lose when time's up. (requested by SL21CC 东方不败)
|
|t:|1641821855
|move|p1a: Hippowdon|Slack Off|p1a: Hippowdon
|-heal|p1a: Hippowdon|78/100
|move|p2a: Slowbro|Scald|p1a: Hippowdon
|-supereffective|p1a: Hippowdon
|-damage|p1a: Hippowdon|36/100
|-status|p1a: Hippowdon|brn
|
|-weather|Sandstorm|[upkeep]
|-damage|p2a: Slowbro|76/100 tox|[from] Sandstorm
|-heal|p1a: Hippowdon|42/100 brn|[from] item: Leftovers
|-damage|p2a: Slowbro|64/100 tox|[from] psn
|-damage|p1a: Hippowdon|36/100 brn|[from] brn
|upkeep
|turn|4
|
|t:|1641821859
|move|p1a: Hippowdon|Slack Off|p1a: Hippowdon
|-heal|p1a: Hippowdon|86/100 brn
|move|p2a: Slowbro|Teleport|p2a: Slowbro
|
|t:|1641821864
|switch|p2a: Clefable|Clefable, F|100/100|[from]move: Teleport
|
|-weather|Sandstorm|[upkeep]
|-heal|p1a: Hippowdon|92/100 brn|[from] item: Leftovers
|-damage|p1a: Hippowdon|86/100 brn|[from] brn
|upkeep
|turn|5
|
|t:|1641821879
|switch|p2a: Tornadus|Tornadus-Therian, M|100/100
|switch|p1a: Heatran|Heatran, M|100/100
|
|-weather|none
|upkeep
|turn|6
|
|t:|1641821896
|switch|p1a: Hippowdon|Hippowdon, F|86/100 brn
|-weather|Sandstorm|[from] ability: Sand Stream|[of] p1a: Hippowdon
|move|p2a: Tornadus|Knock Off|p1a: Hippowdon
|-damage|p1a: Hippowdon|71/100 brn
|-enditem|p1a: Hippowdon|Leftovers|[from] move: Knock Off|[of] p2a: Tornadus
|
|-weather|Sandstorm|[upkeep]
|-damage|p2a: Tornadus|94/100|[from] Sandstorm
|-damage|p1a: Hippowdon|64/100 brn|[from] brn
|upkeep
|turn|7
|
|t:|1641821903
|move|p2a: Tornadus|Defog|p1a: Hippowdon
|-unboost|p1a: Hippowdon|evasion|1
|-sideend|p2: SL21CC 东方不败|Stealth Rock|[from] move: Defog|[of] p2a: Tornadus
|move|p1a: Hippowdon|Slack Off|p1a: Hippowdon
|-heal|p1a: Hippowdon|100/100 brn
|
|-weather|Sandstorm|[upkeep]
|-damage|p2a: Tornadus|88/100|[from] Sandstorm
|-damage|p1a: Hippowdon|94/100 brn|[from] brn
|upkeep
|turn|8
|
|t:|1641821905
|move|p2a: Tornadus|U-turn|p1a: Hippowdon
|-damage|p1a: Hippowdon|83/100 brn
|
|t:|1641821910
|switch|p2a: Clefable|Clefable, F|100/100|[from]move: U-turn
|move|p1a: Hippowdon|Stealth Rock|p2a: Clefable
|-sidestart|p2: SL21CC 东方不败|move: Stealth Rock
|
|-weather|Sandstorm|[upkeep]
|-damage|p1a: Hippowdon|77/100 brn|[from] brn
|upkeep
|turn|9
|
|t:|1641821915
|switch|p1a: Heatran|Heatran, M|100/100
|move|p2a: Clefable|Thunder|p1a: Heatran
|-damage|p1a: Heatran|78/100
|
|-weather|Sandstorm|[upkeep]
|-heal|p1a: Heatran|84/100|[from] item: Leftovers
|upkeep
|turn|10
|
|t:|1641821923
|switch|p2a: Heatran|Heatran, F|100/100
|-damage|p2a: Heatran|88/100|[from] Stealth Rock
|move|p1a: Heatran|Magma Storm|p2a: Heatran
|-start|p2a: Heatran|ability: Flash Fire
|
|-weather|none
|-heal|p1a: Heatran|90/100|[from] item: Leftovers
|-heal|p2a: Heatran|94/100|[from] item: Leftovers
|upkeep
|turn|11
|
|t:|1641821926
|-end|p2a: Heatran|ability: Flash Fire|[silent]
|switch|p2a: Tornadus|Tornadus-Therian, M|100/100
|move|p1a: Heatran|Earth Power|p2a: Tornadus
|-immune|p2a: Tornadus
|
|-heal|p1a: Heatran|96/100|[from] item: Leftovers
|upkeep
|turn|12
|
|t:|1641821930
|switch|p1a: Tornadus|Tornadus-Therian, M|100/100
|move|p2a: Tornadus|Knock Off|p1a: Tornadus
|-damage|p1a: Tornadus|80/100
|-enditem|p1a: Tornadus|Heavy-Duty Boots|[from] move: Knock Off|[of] p2a: Tornadus
|
|upkeep
|turn|13
|
|t:|1641821935
|move|p1a: Tornadus|Nasty Plot|p1a: Tornadus
|-boost|p1a: Tornadus|spa|2
|move|p2a: Tornadus|Defog|p1a: Tornadus
|-unboost|p1a: Tornadus|evasion|1
|-sideend|p2: SL21CC 东方不败|Stealth Rock|[from] move: Defog|[of] p2a: Tornadus
|
|upkeep
|turn|14
|
|t:|1641821940
|move|p1a: Tornadus|Focus Blast|p2a: Tornadus|[miss]
|-miss|p1a: Tornadus|p2a: Tornadus
|move|p2a: Tornadus|U-turn|p1a: Tornadus
|-resisted|p1a: Tornadus
|-damage|p1a: Tornadus|73/100
|
|t:|1641821946
|switch|p2a: Clefable|Clefable, F|100/100|[from]move: U-turn
|
|upkeep
|turn|15
|
|t:|1641821951
|move|p1a: Tornadus|Hurricane|p2a: Clefable
|-damage|p2a: Clefable|29/100
|move|p2a: Clefable|Thunder|p1a: Tornadus
|-supereffective|p1a: Tornadus
|-damage|p1a: Tornadus|3/100
|
|upkeep
|turn|16
|
|t:|1641821963
|switch|p2a: Heatran|Heatran, F|94/100
|move|p1a: Tornadus|Hurricane|p2a: Heatran
|-resisted|p2a: Heatran
|-damage|p2a: Heatran|69/100
|
|-heal|p2a: Heatran|75/100|[from] item: Leftovers
|upkeep
|turn|17
|
|t:|1641821971
|switch|p2a: Tornadus|Tornadus-Therian, M|100/100
|move|p1a: Tornadus|Focus Blast|p2a: Tornadus|[miss]
|-miss|p1a: Tornadus|p2a: Tornadus
|
|upkeep
|turn|18
|
|t:|1641821982
|switch|p1a: Hippowdon|Hippowdon, F|77/100 brn
|-weather|Sandstorm|[from] ability: Sand Stream|[of] p1a: Hippowdon
|move|p2a: Tornadus|U-turn|p1a: Hippowdon
|-damage|p1a: Hippowdon|67/100 brn
|
|t:|1641821984
|switch|p2a: Clefable|Clefable, F|29/100|[from]move: U-turn
|
|-weather|Sandstorm|[upkeep]
|-damage|p1a: Hippowdon|61/100 brn|[from] brn
|upkeep
|turn|19
|
|t:|1641821987
|move|p2a: Clefable|Soft-Boiled|p2a: Clefable
|-heal|p2a: Clefable|79/100
|move|p1a: Hippowdon|Stealth Rock|p2a: Clefable
|-sidestart|p2: SL21CC 东方不败|move: Stealth Rock
|
|-weather|Sandstorm|[upkeep]
|-damage|p1a: Hippowdon|55/100 brn|[from] brn
|upkeep
|turn|20
|
|t:|1641821993
|switch|p2a: Tornadus|Tornadus-Therian, M|100/100
|move|p1a: Hippowdon|Slack Off|p1a: Hippowdon
|-heal|p1a: Hippowdon|100/100 brn
|
|-weather|Sandstorm|[upkeep]
|-damage|p2a: Tornadus|94/100|[from] Sandstorm
|-damage|p1a: Hippowdon|94/100 brn|[from] brn
|upkeep
|turn|21
|
|t:|1641821995
|move|p2a: Tornadus|U-turn|p1a: Hippowdon
|-damage|p1a: Hippowdon|84/100 brn
|
|t:|1641821996
|switch|p2a: Clefable|Clefable, F|79/100|[from]move: U-turn
|move|p1a: Hippowdon|Toxic|p2a: Clefable
|-status|p2a: Clefable|tox
|
|-weather|Sandstorm|[upkeep]
|-damage|p1a: Hippowdon|78/100 brn|[from] brn
|upkeep
|turn|22
|
|t:|1641822001
|switch|p2a: Slowbro|Slowbro, F|97/100 tox
|-damage|p2a: Slowbro|85/100 tox|[from] Stealth Rock
|switch|p1a: Heatran|Heatran, M|96/100
|
|-weather|none
|-heal|p1a: Heatran|100/100|[from] item: Leftovers
|-damage|p2a: Slowbro|79/100 tox|[from] psn
|upkeep
|turn|23
|
|t:|1641822004
|switch|p2a: Tornadus|Tornadus-Therian, M|100/100
|move|p1a: Heatran|Magma Storm|p2a: Tornadus
|-damage|p2a: Tornadus|52/100
|-activate|p2a: Tornadus|move: Magma Storm|[of] p1a: Heatran
|
|-damage|p2a: Tornadus|39/100|[from] move: Magma Storm|[partiallytrapped]
|upkeep
|turn|24
|
|t:|1641822012
|move|p2a: Tornadus|U-turn|p1a: Heatran
|-resisted|p1a: Heatran
|-damage|p1a: Heatran|97/100
|
|t:|1641822015
|switch|p2a: Slowbro|Slowbro, F|100/100 tox|[from]move: U-turn
|-damage|p2a: Slowbro|88/100 tox|[from] Stealth Rock
|move|p1a: Heatran|Earth Power|p2a: Slowbro
|-damage|p2a: Slowbro|61/100 tox
|
|-heal|p1a: Heatran|100/100|[from] item: Leftovers
|-damage|p2a: Slowbro|55/100 tox|[from] psn
|upkeep
|turn|25
|
|t:|1641822021
|switch|p2a: Heatran|Heatran, F|75/100
|-damage|p2a: Heatran|63/100|[from] Stealth Rock
|move|p1a: Heatran|Earth Power|p2a: Heatran
|-supereffective|p2a: Heatran
|-damage|p2a: Heatran|2/100
|
|-heal|p2a: Heatran|9/100|[from] item: Leftovers
|upkeep
|turn|26
|
|t:|1641822028
|switch|p2a: Tornadus|Tornadus-Therian, M|73/100
|move|p1a: Heatran|Earth Power|p2a: Tornadus
|-immune|p2a: Tornadus
|
|upkeep
|turn|27
|
|t:|1641822034
|switch|p1a: Hippowdon|Hippowdon, F|78/100 brn
|-weather|Sandstorm|[from] ability: Sand Stream|[of] p1a: Hippowdon
|move|p2a: Tornadus|Knock Off|p1a: Hippowdon
|-damage|p1a: Hippowdon|69/100 brn
|
|-weather|Sandstorm|[upkeep]
|-damage|p2a: Tornadus|67/100|[from] Sandstorm
|-damage|p1a: Hippowdon|63/100 brn|[from] brn
|upkeep
|turn|28
|
|t:|1641822036
|move|p2a: Tornadus|U-turn|p1a: Hippowdon
|-damage|p1a: Hippowdon|52/100 brn
|
|t:|1641822040
|switch|p2a: Clefable|Clefable, F|79/100 tox|[from]move: U-turn
|move|p1a: Hippowdon|Slack Off|p1a: Hippowdon
|-heal|p1a: Hippowdon|100/100 brn
|
|-weather|Sandstorm|[upkeep]
|-damage|p1a: Hippowdon|94/100 brn|[from] brn
|upkeep
|turn|29
|
|t:|1641822042
|switch|p2a: Tornadus|Tornadus-Therian, M|99/100
|switch|p1a: Heatran|Heatran, M|100/100
|
|-weather|Sandstorm|[upkeep]
|-damage|p2a: Tornadus|94/100|[from] Sandstorm
|upkeep
|turn|30
|
|t:|1641822059
|switch|p1a: Hippowdon|Hippowdon, F|94/100 brn
|move|p2a: Tornadus|Knock Off|p1a: Hippowdon
|-damage|p1a: Hippowdon|84/100 brn
|
|-weather|Sandstorm|[upkeep]
|-damage|p2a: Tornadus|88/100|[from] Sandstorm
|-damage|p1a: Hippowdon|78/100 brn|[from] brn
|upkeep
|turn|31
|
|t:|1641822063
|move|p2a: Tornadus|U-turn|p1a: Hippowdon
|-damage|p1a: Hippowdon|68/100 brn
|
|t:|1641822065
|switch|p2a: Ferrothorn|Ferrothorn, F|100/100|[from]move: U-turn
|-damage|p2a: Ferrothorn|95/100|[from] Stealth Rock
|move|p1a: Hippowdon|Slack Off|p1a: Hippowdon
|-heal|p1a: Hippowdon|100/100 brn
|
|-weather|none
|-heal|p2a: Ferrothorn|100/100|[from] item: Leftovers
|-damage|p1a: Hippowdon|94/100 brn|[from] brn
|upkeep
|turn|32
|
|t:|1641822071
|switch|p1a: Heatran|Heatran, M|100/100
|move|p2a: Ferrothorn|Knock Off|p1a: Heatran
|-damage|p1a: Heatran|83/100
|-enditem|p1a: Heatran|Leftovers|[from] move: Knock Off|[of] p2a: Ferrothorn
|
|upkeep
|turn|33
|
|t:|1641822080
|switch|p2a: Heatran|Heatran, F|9/100
|-damage|p2a: Heatran|0 fnt|[from] Stealth Rock
|faint|p2a: Heatran
|move|p1a: Heatran|Magma Storm|p2: Heatran|[notarget]
|-fail|p1a: Heatran
|
|upkeep
|
|t:|1641822085
|switch|p2a: Landorus|Landorus-Therian, M|100/100
|-damage|p2a: Landorus|88/100|[from] Stealth Rock
|-ability|p2a: Landorus|Intimidate|boost
|-unboost|p1a: Heatran|atk|1
|turn|34
|l| SL21CC Leviathan
|
|t:|1641822098
|switch|p1a: Tornadus|Tornadus-Therian, M|37/100
|move|p2a: Landorus|Stealth Rock|p1a: Tornadus
|-sidestart|p1: SL21CC姐ISthequeen|move: Stealth Rock
|
|-heal|p2a: Landorus|94/100|[from] item: Leftovers
|upkeep
|turn|35
|
|t:|1641822105
|switch|p2a: Tornadus|Tornadus-Therian, M|100/100
|move|p1a: Tornadus|Hurricane|p2a: Tornadus
|-damage|p2a: Tornadus|54/100
|
|upkeep
|turn|36
|
|t:|1641822113
|switch|p1a: Hippowdon|Hippowdon, F|94/100 brn
|-damage|p1a: Hippowdon|88/100 brn|[from] Stealth Rock
|-weather|Sandstorm|[from] ability: Sand Stream|[of] p1a: Hippowdon
|move|p2a: Tornadus|U-turn|p1a: Hippowdon
|-damage|p1a: Hippowdon|77/100 brn
|
|t:|1641822117
|switch|p2a: Clefable|Clefable, F|79/100 tox|[from]move: U-turn
|
|-weather|Sandstorm|[upkeep]
|-damage|p1a: Hippowdon|71/100 brn|[from] brn
|upkeep
|turn|37
|
|t:|1641822122
|switch|p1a: Clefable|Clefable, F|100/100
|move|p2a: Clefable|Calm Mind|p2a: Clefable
|-boost|p2a: Clefable|spa|1
|-boost|p2a: Clefable|spd|1
|
|-weather|Sandstorm|[upkeep]
|upkeep
|turn|38
|
|t:|1641822125
|move|p1a: Clefable|Calm Mind|p1a: Clefable
|-boost|p1a: Clefable|spa|1
|-boost|p1a: Clefable|spd|1
|move|p2a: Clefable|Thunder|p1a: Clefable|[miss]
|-miss|p2a: Clefable|p1a: Clefable
|
|-weather|Sandstorm|[upkeep]
|upkeep
|turn|39
|
|t:|1641822134
|move|p1a: Clefable|Moonblast|p2a: Clefable
|-damage|p2a: Clefable|42/100 tox
|move|p2a: Clefable|Calm Mind|p2a: Clefable
|-boost|p2a: Clefable|spa|1
|-boost|p2a: Clefable|spd|1
|
|-weather|Sandstorm|[upkeep]
|upkeep
|turn|40
|
|t:|1641822138
|move|p1a: Clefable|Calm Mind|p1a: Clefable
|-boost|p1a: Clefable|spa|1
|-boost|p1a: Clefable|spd|1
|move|p2a: Clefable|Soft-Boiled|p2a: Clefable
|-heal|p2a: Clefable|92/100 tox
|
|-weather|none
|upkeep
|turn|41
|
|t:|1641822143
|move|p1a: Clefable|Calm Mind|p1a: Clefable
|-boost|p1a: Clefable|spa|1
|-boost|p1a: Clefable|spd|1
|move|p2a: Clefable|Calm Mind|p2a: Clefable
|-boost|p2a: Clefable|spa|1
|-boost|p2a: Clefable|spd|1
|
|upkeep
|turn|42
|
|t:|1641822145
|move|p1a: Clefable|Calm Mind|p1a: Clefable
|-boost|p1a: Clefable|spa|1
|-boost|p1a: Clefable|spd|1
|move|p2a: Clefable|Calm Mind|p2a: Clefable
|-boost|p2a: Clefable|spa|1
|-boost|p2a: Clefable|spd|1
|
|upkeep
|turn|43
|
|t:|1641822147
|move|p1a: Clefable|Calm Mind|p1a: Clefable
|-boost|p1a: Clefable|spa|1
|-boost|p1a: Clefable|spd|1
|move|p2a: Clefable|Calm Mind|p2a: Clefable
|-boost|p2a: Clefable|spa|1
|-boost|p2a: Clefable|spd|1
|
|upkeep
|turn|44
|
|t:|1641822148
|move|p1a: Clefable|Calm Mind|p1a: Clefable
|-boost|p1a: Clefable|spa|1
|-boost|p1a: Clefable|spd|1
|move|p2a: Clefable|Calm Mind|p2a: Clefable
|-boost|p2a: Clefable|spa|1
|-boost|p2a: Clefable|spd|1
|
|upkeep
|turn|45
|
|t:|1641822150
|move|p1a: Clefable|Moonblast|p2a: Clefable
|-damage|p2a: Clefable|52/100 tox
|move|p2a: Clefable|Thunder|p1a: Clefable
|-damage|p1a: Clefable|70/100
|
|upkeep
|turn|46
|
|t:|1641822153
|move|p1a: Clefable|Moonblast|p2a: Clefable
|-damage|p2a: Clefable|14/100 tox
|move|p2a: Clefable|Soft-Boiled|p2a: Clefable
|-heal|p2a: Clefable|64/100 tox
|
|upkeep
|turn|47
|
|t:|1641822158
|move|p1a: Clefable|Moonblast|p2a: Clefable
|-damage|p2a: Clefable|23/100 tox
|move|p2a: Clefable|Soft-Boiled|p2a: Clefable
|-heal|p2a: Clefable|73/100 tox
|
|upkeep
|turn|48
|
|t:|1641822160
|move|p1a: Clefable|Moonblast|p2a: Clefable
|-damage|p2a: Clefable|33/100 tox
|move|p2a: Clefable|Soft-Boiled|p2a: Clefable
|-heal|p2a: Clefable|83/100 tox
|
|upkeep
|turn|49
|
|t:|1641822165
|move|p1a: Clefable|Moonblast|p2a: Clefable
|-damage|p2a: Clefable|44/100 tox
|-unboost|p2a: Clefable|spa|1
|move|p2a: Clefable|Thunder|p1a: Clefable
|-damage|p1a: Clefable|43/100
|
|upkeep
|turn|50
|j| sl21cc ryekie
|
|t:|1641822172
|move|p1a: Clefable|Moonblast|p2a: Clefable
|-damage|p2a: Clefable|2/100 tox
|move|p2a: Clefable|Soft-Boiled|p2a: Clefable
|-heal|p2a: Clefable|52/100 tox
|
|upkeep
|turn|51
|
|t:|1641822175
|move|p1a: Clefable|Soft-Boiled|p1a: Clefable
|-heal|p1a: Clefable|93/100
|move|p2a: Clefable|Soft-Boiled|p2a: Clefable
|-heal|p2a: Clefable|100/100 tox
|
|upkeep
|turn|52
|
|t:|1641822179
|move|p1a: Clefable|Moonblast|p2a: Clefable
|-damage|p2a: Clefable|61/100 tox
|move|p2a: Clefable|Thunder|p1a: Clefable
|-damage|p1a: Clefable|66/100
|-status|p1a: Clefable|par
|
|upkeep
|turn|53
|l|♚Jqlove
|j|♚Jqlove
|
|t:|1641822183
|move|p2a: Clefable|Moonblast|p1a: Clefable
|-damage|p1a: Clefable|31/100 par
|move|p1a: Clefable|Moonblast|p2a: Clefable
|-damage|p2a: Clefable|22/100 tox
|-unboost|p2a: Clefable|spa|1
|
|upkeep
|turn|54
|
|t:|1641822186
|move|p2a: Clefable|Soft-Boiled|p2a: Clefable
|-heal|p2a: Clefable|72/100 tox
|cant|p1a: Clefable|par
|
|upkeep
|turn|55
|l| sl21cckhl
|
|t:|1641822192
|move|p2a: Clefable|Moonblast|p1a: Clefable
|-damage|p1a: Clefable|3/100 par
|move|p1a: Clefable|Soft-Boiled|p1a: Clefable
|-heal|p1a: Clefable|53/100 par
|
|upkeep
|turn|56
|
|t:|1641822196
|move|p2a: Clefable|Calm Mind|p2a: Clefable
|-boost|p2a: Clefable|spa|1
|-boost|p2a: Clefable|spd|0
|move|p1a: Clefable|Soft-Boiled|p1a: Clefable
|-heal|p1a: Clefable|100/100 par
|
|upkeep
|turn|57
|
|t:|1641822199
|move|p2a: Clefable|Calm Mind|p2a: Clefable
|-boost|p2a: Clefable|spa|1
|-boost|p2a: Clefable|spd|0
|cant|p1a: Clefable|par
|
|upkeep
|turn|58
|
|t:|1641822202
|move|p2a: Clefable|Moonblast|p1a: Clefable
|-damage|p1a: Clefable|61/100 par
|move|p1a: Clefable|Moonblast|p2a: Clefable
|-damage|p2a: Clefable|33/100 tox
|-unboost|p2a: Clefable|spa|1
|
|upkeep
|turn|59
|
|t:|1641822210
|move|p2a: Clefable|Soft-Boiled|p2a: Clefable
|-heal|p2a: Clefable|83/100 tox
|move|p1a: Clefable|Soft-Boiled|p1a: Clefable
|-heal|p1a: Clefable|100/100 par
|
|upkeep
|turn|60
|
|t:|1641822215
|move|p2a: Clefable|Calm Mind|p2a: Clefable
|-boost|p2a: Clefable|spa|1
|-boost|p2a: Clefable|spd|0
|cant|p1a: Clefable|par
|
|upkeep
|turn|61
|
|t:|1641822217
|move|p2a: Clefable|Moonblast|p1a: Clefable
|-damage|p1a: Clefable|61/100 par
|cant|p1a: Clefable|par
|
|upkeep
|turn|62
|
|t:|1641822219
|move|p2a: Clefable|Moonblast|p1a: Clefable
|-damage|p1a: Clefable|22/100 par
|move|p1a: Clefable|Soft-Boiled|p1a: Clefable
|-heal|p1a: Clefable|73/100 par
|
|upkeep
|turn|63
|
|t:|1641822221
|move|p2a: Clefable|Moonblast|p1a: Clefable
|-crit|p1a: Clefable
|-damage|p1a: Clefable|0 fnt
|faint|p1a: Clefable
|
|upkeep
|-message|SL21CC姐ISthequeen forfeited.
|
|win|SL21CC 东方不败
|raw|SL21CC姐ISthequeen's rating: 1321 &rarr; <strong>1301</strong><br />(-20 for losing)
|raw|SL21CC 东方不败's rating: 1223 &rarr; <strong>1243</strong><br />(+20 for winning)
|l|☆SL21CC姐ISthequeen
