|raw|<div class="broadcast-blue"><strong>This battle is required to be public due to a player having a name starting with 'sl21cc'.</div>
|j|☆sl21cc buhuiying
|j|☆SL21CC Mcdonald's
|t:|1641730502
|gametype|singles
|player|p1|sl21cc buhuiying|madame|1174
|player|p2|SL21CC Mcdonald's|aromalady|1311
|teamsize|p1|6
|teamsize|p2|6
|gen|8
|tier|[Gen 8] OU
|rated|
|rule|Sleep Clause Mod: Limit one foe put to sleep
|rule|Species Clause: Limit one of each Pokémon
|rule|OHKO Clause: OHKO moves are banned
|rule|Evasion Moves Clause: Evasion moves are banned
|rule|Endless Battle Clause: Forcing endless battles is banned
|rule|HP Percentage Mod: HP is shown in percentages
|rule|Dynamax Clause: You cannot dynamax
|clearpoke
|poke|p1|Tornadus-Therian, M|
|poke|p1|Landorus-Therian, M|
|poke|p1|Ferrothorn, M|
|poke|p1|Urshifu-*, F|
|poke|p1|Tapu Lele|
|poke|p1|Buzzwole|
|poke|p2|Slowbro-Galar, F|
|poke|p2|Seismitoad, F|
|poke|p2|Mew|
|poke|p2|Melmetal|
|poke|p2|Clefable, F|
|poke|p2|Zapdos|
|teampreview
|c|☆sl21cc buhuiying|？
|j| sl21cckhl
|j| shandianxuanfengpi
|c|☆sl21cc buhuiying|你为什么不休息一下呢
|j| sl21cc ap
|j| SL21CCxiaomiaomiao
|j| SL21CCCHINESENGEIL
|c|☆sl21cc buhuiying|比如出去吃个饭，按个摩之类的
|j| adreamew
|inactive|Battle timer is ON: inactive players will automatically lose when time's up. (requested by SL21CC Mcdonald's)
|c|☆sl21cc buhuiying|或者看看风景，读读书，逛逛街
|j| 9skythunderouskick
|c|☆sl21cc buhuiying|忘了速击好吗
|j|%kitoothe
|c|☆SL21CC Mcdonald's|我想进前八
|l| 9skythunderouskick
|c|☆sl21cc buhuiying|她没有那么好的
|inactive|sl21cc buhuiying has 120 seconds left.
|c|☆sl21cc buhuiying|真的
|
|t:|1641730585
|start
|switch|p1a: Raven|Tapu Lele|100/100
|switch|p2a: Melmetal|Melmetal|100/100
|-fieldstart|move: Psychic Terrain|[from] ability: Psychic Surge|[of] p1a: Raven
|turn|1
|j| tianyutulongwu
|c|☆sl21cc buhuiying|眼镜真气弹
|inactive|SL21CC Mcdonald's has 120 seconds left.
|j| water GH0ST
|
|t:|1641730621
|switch|p1a: Buzzwole|Buzzwole, shiny|100/100
|move|p2a: Melmetal|Double Iron Bash|p1a: Buzzwole
|-crit|p1a: Buzzwole
|-damage|p1a: Buzzwole|59/100
|-damage|p2a: Melmetal|84/100|[from] item: Rocky Helmet|[of] p1a: Buzzwole
|-damage|p1a: Buzzwole|27/100
|-damage|p2a: Melmetal|67/100|[from] item: Rocky Helmet|[of] p1a: Buzzwole
|-hitcount|p1a: Buzzwole|2
|
|upkeep
|turn|2
|
|t:|1641730630
|switch|p2a: Clefable|Clefable, F|100/100
|move|p1a: Buzzwole|Roost|p1a: Buzzwole
|-heal|p1a: Buzzwole|77/100
|-singleturn|p1a: Buzzwole|move: Roost
|
|upkeep
|turn|3
|
|t:|1641730637
|switch|p1a: Urshifu|Urshifu-Rapid-Strike, F|100/100
|move|p2a: Clefable|Thunder|p1a: Urshifu|[miss]
|-miss|p2a: Clefable|p1a: Urshifu
|
|upkeep
|turn|4
|
|t:|1641730641
|switch|p2a: Seismitoad|Seismitoad, F|100/100
|move|p1a: Urshifu|U-turn|p2a: Seismitoad
|-damage|p2a: Seismitoad|65/100
|
|t:|1641730647
|switch|p1a: Tornadus|Tornadus-Therian, M|100/100|[from]move: U-turn
|
|-heal|p2a: Seismitoad|71/100|[from] item: Leftovers
|upkeep
|turn|5
|
|t:|1641730655
|switch|p2a: Zapdos|Zapdos|100/100
|move|p1a: Tornadus|U-turn|p2a: Zapdos
|-resisted|p2a: Zapdos
|-damage|p2a: Zapdos|94/100
|-status|p1a: Tornadus|par|[from] ability: Static|[of] p2a: Zapdos
|
|t:|1641730662
|switch|p1a: Mandragora|Landorus-Therian, M|100/100|[from]move: U-turn
|-ability|p1a: Mandragora|Intimidate|boost
|-unboost|p2a: Zapdos|atk|1
|
|-fieldend|move: Psychic Terrain
|upkeep
|turn|6
|
|t:|1641730665
|switch|p2a: Clefable|Clefable, F|100/100
|move|p1a: Mandragora|U-turn|p2a: Clefable
|-resisted|p2a: Clefable
|-damage|p2a: Clefable|87/100
|
|t:|1641730671
|switch|p1a: Urshifu|Urshifu-Rapid-Strike, F|100/100|[from]move: U-turn
|
|upkeep
|turn|7
|
|t:|1641730675
|switch|p2a: Seismitoad|Seismitoad, F|71/100
|move|p1a: Urshifu|U-turn|p2a: Seismitoad
|-crit|p2a: Seismitoad
|-damage|p2a: Seismitoad|17/100
|j| wuhufly0083
|
|t:|1641730684
|switch|p1a: Mandragora|Landorus-Therian, M|100/100|[from]move: U-turn
|-ability|p1a: Mandragora|Intimidate|boost
|-unboost|p2a: Seismitoad|atk|1
|
|-heal|p2a: Seismitoad|23/100|[from] item: Leftovers
|upkeep
|turn|8
|
|t:|1641730693
|switch|p2a: Zapdos|Zapdos|94/100
|move|p1a: Mandragora|Earthquake|p2a: Zapdos
|-immune|p2a: Zapdos
|
|upkeep
|turn|9
|
|t:|1641730695
|switch|p2a: Clefable|Clefable, F|87/100
|move|p1a: Mandragora|Toxic|p2a: Clefable
|-status|p2a: Clefable|tox
|
|upkeep
|turn|10
|
|t:|1641730699
|move|p1a: Mandragora|U-turn|p2a: Clefable
|-resisted|p2a: Clefable
|-damage|p2a: Clefable|73/100 tox
|
|t:|1641730703
|switch|p1a: Urshifu|Urshifu-Rapid-Strike, F|100/100|[from]move: U-turn
|move|p2a: Clefable|Ice Beam|p1a: Urshifu
|-resisted|p1a: Urshifu
|-damage|p1a: Urshifu|77/100
|
|upkeep
|turn|11
|
|t:|1641730706
|move|p1a: Urshifu|U-turn|p2a: Clefable
|-resisted|p2a: Clefable
|-damage|p2a: Clefable|47/100 tox
|
|t:|1641730708
|switch|p1a: Mandragora|Landorus-Therian, M|100/100|[from]move: U-turn
|-ability|p1a: Mandragora|Intimidate|boost
|-unboost|p2a: Clefable|atk|1
|move|p2a: Clefable|Thunder|p1a: Mandragora
|-immune|p1a: Mandragora
|
|upkeep
|turn|12
|
|t:|1641730711
|switch|p2a: Zapdos|Zapdos|94/100
|move|p1a: Mandragora|Earthquake|p2a: Zapdos
|-immune|p2a: Zapdos
|
|upkeep
|turn|13
|
|t:|1641730716
|move|p2a: Zapdos|Hurricane|p1a: Mandragora|[miss]
|-miss|p2a: Zapdos|p1a: Mandragora
|move|p1a: Mandragora|U-turn|p2a: Zapdos
|-resisted|p2a: Zapdos
|-damage|p2a: Zapdos|83/100
|
|t:|1641730720
|switch|p1a: Raven|Tapu Lele|100/100|[from]move: U-turn
|-fieldstart|move: Psychic Terrain|[from] ability: Psychic Surge|[of] p1a: Raven
|
|upkeep
|turn|14
|
|t:|1641730727
|move|p1a: Raven|Future Sight|p2a: Zapdos
|-start|p1a: Raven|move: Future Sight
|move|p2a: Zapdos|Hurricane|p1a: Raven|[miss]
|-miss|p2a: Zapdos|p1a: Raven
|
|upkeep
|turn|15
|
|t:|1641730732
|switch|p1a: Pleisure|Ferrothorn, M|100/100
|move|p2a: Zapdos|Hurricane|p1a: Pleisure|[miss]
|-miss|p2a: Zapdos|p1a: Pleisure
|
|upkeep
|turn|16
|
|t:|1641730739
|switch|p2a: Seismitoad|Seismitoad, F|23/100
|move|p1a: Pleisure|Stealth Rock|p2a: Seismitoad
|-sidestart|p2: SL21CC Mcdonald's|move: Stealth Rock
|
|-end|p2a: Seismitoad|move: Future Sight
|-damage|p2a: Seismitoad|0 fnt
|faint|p2a: Seismitoad
|upkeep
|
|t:|1641730743
|switch|p2a: Clefable|Clefable, F|47/100 tox
|turn|17
|
|t:|1641730747
|move|p2a: Clefable|Thunder|p1a: Pleisure
|-resisted|p1a: Pleisure
|-damage|p1a: Pleisure|85/100
|-status|p1a: Pleisure|par
|move|p1a: Pleisure|Iron Head|p2a: Clefable
|-supereffective|p2a: Clefable
|-damage|p2a: Clefable|0 fnt
|faint|p2a: Clefable
|
|-heal|p1a: Pleisure|91/100 par|[from] item: Leftovers
|-fieldend|move: Psychic Terrain
|upkeep
|
|t:|1641730758
|switch|p2a: Zapdos|Zapdos|83/100
|turn|18
|
|t:|1641730765
|switch|p1a: Tornadus|Tornadus-Therian, M|100/100 par
|move|p2a: Zapdos|Hurricane|p1a: Tornadus
|-damage|p1a: Tornadus|21/100 par
|
|upkeep
|turn|19
|
|t:|1641730773
|move|p2a: Zapdos|Thunderbolt|p1a: Tornadus
|-supereffective|p1a: Tornadus
|-damage|p1a: Tornadus|0 fnt
|faint|p1a: Tornadus
|
|upkeep
|
|t:|1641730775
|switch|p1a: Mandragora|Landorus-Therian, M|100/100
|-ability|p1a: Mandragora|Intimidate|boost
|-unboost|p2a: Zapdos|atk|1
|turn|20
|
|t:|1641730777
|move|p2a: Zapdos|Hurricane|p1a: Mandragora|[miss]
|-miss|p2a: Zapdos|p1a: Mandragora
|move|p1a: Mandragora|Toxic|p2a: Zapdos
|-status|p2a: Zapdos|tox
|
|-damage|p2a: Zapdos|77/100 tox|[from] psn
|upkeep
|turn|21
|
|t:|1641730783
|move|p2a: Zapdos|Hurricane|p1a: Mandragora
|-damage|p1a: Mandragora|49/100
|move|p1a: Mandragora|U-turn|p2a: Zapdos
|-resisted|p2a: Zapdos
|-damage|p2a: Zapdos|65/100 tox
|
|t:|1641730788
|switch|p1a: Raven|Tapu Lele|100/100|[from]move: U-turn
|-fieldstart|move: Psychic Terrain|[from] ability: Psychic Surge|[of] p1a: Raven
|
|-damage|p2a: Zapdos|53/100 tox|[from] psn
|upkeep
|turn|22
|
|t:|1641730793
|switch|p1a: Buzzwole|Buzzwole, shiny|77/100
|move|p2a: Zapdos|Hurricane|p1a: Buzzwole
|-supereffective|p1a: Buzzwole
|-damage|p1a: Buzzwole|0 fnt
|faint|p1a: Buzzwole
|
|-damage|p2a: Zapdos|35/100 tox|[from] psn
|upkeep
|
|t:|1641730800
|switch|p1a: Raven|Tapu Lele|100/100
|turn|23
|
|t:|1641730804
|move|p1a: Raven|Moonblast|p2a: Zapdos
|-damage|p2a: Zapdos|0 fnt
|faint|p2a: Zapdos
|
|upkeep
|
|t:|1641730808
|switch|p2a: Slowbro|Slowbro-Galar, F|100/100
|-damage|p2a: Slowbro|88/100|[from] Stealth Rock
|turn|24
|
|t:|1641730812
|switch|p1a: Pleisure|Ferrothorn, M|91/100 par
|move|p2a: Slowbro|Nasty Plot|p2a: Slowbro
|-boost|p2a: Slowbro|spa|2
|
|-heal|p1a: Pleisure|97/100 par|[from] item: Leftovers
|upkeep
|turn|25
|-activate|p2a: Slowbro|item: Quick Claw
|
|t:|1641730818
|move|p2a: Slowbro|Focus Blast|p1a: Pleisure|[miss]
|-miss|p2a: Slowbro|p1a: Pleisure
|move|p1a: Pleisure|Knock Off|p2a: Slowbro
|-supereffective|p2a: Slowbro
|-damage|p2a: Slowbro|49/100
|-enditem|p2a: Slowbro|Quick Claw|[from] move: Knock Off|[of] p1a: Pleisure
|
|-heal|p1a: Pleisure|100/100 par|[from] item: Leftovers
|-fieldend|move: Psychic Terrain
|upkeep
|turn|26
|
|t:|1641730823
|move|p2a: Slowbro|Focus Blast|p1a: Pleisure
|-supereffective|p1a: Pleisure
|-damage|p1a: Pleisure|0 fnt
|faint|p1a: Pleisure
|
|upkeep
|
|t:|1641730831
|switch|p1a: Mandragora|Landorus-Therian, M|49/100
|-ability|p1a: Mandragora|Intimidate|boost
|-unboost|p2a: Slowbro|atk|1
|turn|27
|
|t:|1641730834
|move|p1a: Mandragora|Earthquake|p2a: Slowbro
|-supereffective|p2a: Slowbro
|-damage|p2a: Slowbro|0 fnt
|faint|p2a: Slowbro
|
|-heal|p1a: Mandragora|55/100|[from] item: Leftovers
|upkeep
|
|t:|1641730835
|switch|p2a: Mew|Mew|100/100
|-damage|p2a: Mew|88/100|[from] Stealth Rock
|turn|28
|
|t:|1641730841
|move|p2a: Mew|Triple Axel|p1a: Mandragora|[miss]
|-miss|p2a: Mew|p1a: Mandragora
|move|p1a: Mandragora|U-turn|p2a: Mew
|-supereffective|p2a: Mew
|-damage|p2a: Mew|44/100
|
|t:|1641730847
|switch|p1a: Raven|Tapu Lele|100/100|[from]move: U-turn
|-fieldstart|move: Psychic Terrain|[from] ability: Psychic Surge|[of] p1a: Raven
|
|-heal|p2a: Mew|50/100|[from] item: Leftovers
|upkeep
|turn|29
|
|t:|1641730852
|switch|p2a: Melmetal|Melmetal|67/100
|-damage|p2a: Melmetal|61/100|[from] Stealth Rock
|move|p1a: Raven|Moonblast|p2a: Melmetal
|-resisted|p2a: Melmetal
|-damage|p2a: Melmetal|34/100
|
|upkeep
|turn|30
|
|t:|1641730859
|switch|p1a: Mandragora|Landorus-Therian, M|55/100
|-ability|p1a: Mandragora|Intimidate|boost
|-unboost|p2a: Melmetal|atk|1
|move|p2a: Melmetal|Double Iron Bash|p1a: Mandragora
|-damage|p1a: Mandragora|28/100
|-damage|p1a: Mandragora|0 fnt
|faint|p1a: Mandragora
|-hitcount|p1: Mandragora|2
|
|upkeep
|
|t:|1641730862
|switch|p1a: Urshifu|Urshifu-Rapid-Strike, F|77/100
|turn|31
|
|t:|1641730864
|move|p1a: Urshifu|Surging Strikes|p2a: Melmetal
|-crit|p2a: Melmetal
|-damage|p2a: Melmetal|15/100
|-crit|p2a: Melmetal
|-damage|p2a: Melmetal|0 fnt
|faint|p2a: Melmetal
|-hitcount|p2: Melmetal|2
|
|upkeep
|
|t:|1641730866
|switch|p2a: Mew|Mew|50/100
|-damage|p2a: Mew|38/100|[from] Stealth Rock
|turn|32
|
|t:|1641730867
|move|p2a: Mew|Psychic Fangs|p1a: Urshifu
|-supereffective|p1a: Urshifu
|-damage|p1a: Urshifu|0 fnt
|faint|p1a: Urshifu
|
|-heal|p2a: Mew|44/100|[from] item: Leftovers
|-fieldend|move: Psychic Terrain
|upkeep
|
|t:|1641730869
|switch|p1a: Raven|Tapu Lele|100/100
|-fieldstart|move: Psychic Terrain|[from] ability: Psychic Surge|[of] p1a: Raven
|turn|33
|
|t:|1641730871
|move|p1a: Raven|Moonblast|p2a: Mew
|-damage|p2a: Mew|0 fnt
|faint|p2a: Mew
|
|win|sl21cc buhuiying
|raw|sl21cc buhuiying's rating: 1174 &rarr; <strong>1212</strong><br />(+38 for winning)
|raw|SL21CC Mcdonald&apos;s's rating: 1311 &rarr; <strong>1289</strong><br />(-22 for losing)
|l|☆sl21cc buhuiying
|l|☆SL21CC Mcdonald's
|l|%kitoothe
|l| sl21cckhl
|l| sl21cc ap
|l| SL21CCxiaomiaomiao
|j| sl21cc ryekie
|l| SL21CCCHINESENGEIL
|l| tianyutulongwu
|l| wuhufly0083
|l| sl21cc ryekie
|l| water GH0ST
