|raw|<div class="broadcast-blue"><strong>This battle is required to be public due to a player having a name starting with 'sl21cc'.</div>
|j|☆SL21CC Winona
|j|☆SL21CC ginko
|t:|1641743615
|gametype|singles
|player|p1|SL21CC Winona|winona|1291
|player|p2|SL21CC ginko|line38324.png|1352
|teamsize|p1|6
|teamsize|p2|6
|gen|8
|tier|[Gen 8] OU
|rated|
|rule|Sleep Clause Mod: Limit one foe put to sleep
|rule|Species Clause: Limit one of each Pokémon
|rule|OHKO Clause: OHKO moves are banned
|rule|Evasion Moves Clause: Evasion moves are banned
|rule|Endless Battle Clause: Forcing endless battles is banned
|rule|HP Percentage Mod: HP is shown in percentages
|rule|Dynamax Clause: You cannot dynamax
|clearpoke
|poke|p1|Zapdos|
|poke|p1|Urshifu-*, F|
|poke|p1|Weavile, F|
|poke|p1|Slowking, M|
|poke|p1|Ferrothorn, M|
|poke|p1|Landorus-Therian, M|
|poke|p2|Blissey, F|
|poke|p2|Rotom-Heat|
|poke|p2|Landorus-Therian, M|
|poke|p2|Weavile, M|
|poke|p2|Toxapex, M|
|poke|p2|Corviknight, F|
|teampreview
|c|☆SL21CC Winona|ji1
|j| 9skythunderouskick
|j|♚The Steel Shadow
|j| Do you miss her
|inactive|Battle timer is ON: inactive players will automatically lose when time's up. (requested by SL21CC Winona)
|c|☆SL21CC ginko|hf
|j| mqsh
|c|☆SL21CC ginko|最后一把
|c|☆SL21CC Winona|u2
|j|%kitoothe
|
|t:|1641743641
|start
|switch|p1a: Zapdos|Zapdos|100/100
|switch|p2a: Weavile|Weavile, M|100/100
|-ability|p2a: Weavile|Pressure
|turn|1
|
|t:|1641743649
|switch|p1a: Ferrothorn|Ferrothorn, M|100/100
|move|p2a: Weavile|Knock Off|p1a: Ferrothorn
|-damage|p1a: Ferrothorn|71/100
|-damage|p2a: Weavile|88/100|[from] ability: Iron Barbs|[of] p1a: Ferrothorn
|-enditem|p1a: Ferrothorn|Leftovers|[from] move: Knock Off|[of] p2a: Weavile
|
|upkeep
|turn|2
|
|t:|1641743660
|switch|p2a: Corviknight|Corviknight, F|100/100
|-ability|p2a: Corviknight|Pressure
|move|p1a: Ferrothorn|Knock Off|p2a: Corviknight
|-damage|p2a: Corviknight|87/100
|-enditem|p2a: Corviknight|Shed Shell|[from] move: Knock Off|[of] p1a: Ferrothorn
|
|upkeep
|turn|3
|j| water GH0ST
|j| jingtianlangtaosha
|
|t:|1641743671
|move|p2a: Corviknight|Body Press|p1a: Ferrothorn
|-supereffective|p1a: Ferrothorn
|-damage|p1a: Ferrothorn|35/100
|-damage|p2a: Corviknight|75/100|[from] ability: Iron Barbs|[of] p1a: Ferrothorn
|move|p1a: Ferrothorn|Stealth Rock|p2a: Corviknight
|-sidestart|p2: SL21CC ginko|move: Stealth Rock
|
|upkeep
|turn|4
|
|t:|1641743676
|move|p2a: Corviknight|Defog|p1a: Ferrothorn
|-unboost|p1a: Ferrothorn|evasion|1
|-sideend|p2: SL21CC ginko|Stealth Rock|[from] move: Defog|[of] p2a: Corviknight
|move|p1a: Ferrothorn|Leech Seed|p2a: Corviknight
|-start|p2a: Corviknight|move: Leech Seed
|
|-damage|p2a: Corviknight|63/100|[from] Leech Seed|[of] p1a: Ferrothorn
|-heal|p1a: Ferrothorn|49/100|[silent]
|upkeep
|turn|5
|j| zap the justice
|j| SL21CCCHINESENGEIL
|
|t:|1641743683
|switch|p2a: Rotom|Rotom-Heat|100/100
|move|p1a: Ferrothorn|Stealth Rock|p2a: Rotom
|-sidestart|p2: SL21CC ginko|move: Stealth Rock
|
|upkeep
|turn|6
|
|t:|1641743690
|switch|p1a: Landorus|Landorus-Therian, M|100/100
|-ability|p1a: Landorus|Intimidate|boost
|-unboost|p2a: Rotom|atk|1
|move|p2a: Rotom|Nasty Plot|p2a: Rotom
|-boost|p2a: Rotom|spa|2
|
|upkeep
|turn|7
|c| zap the justice|打不过微波炉没办法啊
|
|t:|1641743700
|switch|p1a: Slowking|Slowking, M|100/100
|move|p2a: Rotom|Overheat|p1a: Slowking
|-resisted|p1a: Slowking
|-damage|p1a: Slowking|53/100
|-unboost|p2a: Rotom|spa|2
|
|upkeep
|turn|8
|
|t:|1641743710
|switch|p1a: Landorus|Landorus-Therian, M|100/100
|-ability|p1a: Landorus|Intimidate|boost
|-unboost|p2a: Rotom|atk|1
|move|p2a: Rotom|Thunderbolt|p1a: Landorus
|-immune|p1a: Landorus
|
|upkeep
|turn|9
|
|t:|1641743713
|move|p2a: Rotom|Overheat|p1a: Landorus
|-damage|p1a: Landorus|52/100
|-unboost|p2a: Rotom|spa|2
|move|p1a: Landorus|U-turn|p2a: Rotom
|-resisted|p2a: Rotom
|-damage|p2a: Rotom|87/100
|
|t:|1641743716
|switch|p1a: Slowking|Slowking, M|87/100|[from]move: U-turn
|
|upkeep
|turn|10
|j| Suta Pulachina
|j| adreamew
|
|t:|1641743722
|switch|p2a: Toxapex|Toxapex, M|100/100
|-damage|p2a: Toxapex|88/100|[from] Stealth Rock
|move|p1a: Slowking|Future Sight|p2a: Toxapex
|-start|p1a: Slowking|move: Future Sight
|
|-heal|p2a: Toxapex|94/100|[from] item: Black Sludge
|upkeep
|turn|11
|l| zap the justice
|
|t:|1641743729
|move|p2a: Toxapex|Light Screen|p2a: Toxapex
|-sidestart|p2: SL21CC ginko|move: Light Screen
|move|p1a: Slowking|Teleport|p1a: Slowking
|
|t:|1641743732
|switch|p1a: Zapdos|Zapdos|100/100|[from]move: Teleport
|
|-heal|p2a: Toxapex|100/100|[from] item: Black Sludge
|upkeep
|turn|12
|
|t:|1641743735
|move|p1a: Zapdos|Volt Switch|p2a: Toxapex
|-supereffective|p2a: Toxapex
|-damage|p2a: Toxapex|75/100
|
|t:|1641743739
|switch|p1a: Ferrothorn|Ferrothorn, M|49/100|[from]move: Volt Switch
|move|p2a: Toxapex|Recover|p2a: Toxapex
|-heal|p2a: Toxapex|100/100
|
|-end|p2a: Toxapex|move: Future Sight
|-supereffective|p2a: Toxapex
|-damage|p2a: Toxapex|69/100
|-heal|p2a: Toxapex|75/100|[from] item: Black Sludge
|upkeep
|turn|13
|j| zap the justice
|
|t:|1641743751
|switch|p2a: Rotom|Rotom-Heat|87/100
|move|p1a: Ferrothorn|Leech Seed|p2a: Rotom
|-start|p2a: Rotom|move: Leech Seed
|
|-damage|p2a: Rotom|74/100|[from] Leech Seed|[of] p1a: Ferrothorn
|-heal|p1a: Ferrothorn|58/100|[silent]
|upkeep
|turn|14
|
|t:|1641743759
|switch|p2a: Weavile|Weavile, M|88/100
|-ability|p2a: Weavile|Pressure
|switch|p1a: Landorus|Landorus-Therian, M|52/100
|-ability|p1a: Landorus|Intimidate|boost
|-unboost|p2a: Weavile|atk|1
|
|-heal|p1a: Landorus|58/100|[from] item: Leftovers
|upkeep
|turn|15
|
|t:|1641743769
|switch|p1a: Ferrothorn|Ferrothorn, M|58/100
|move|p2a: Weavile|Low Kick|p1a: Ferrothorn
|-supereffective|p1a: Ferrothorn
|-damage|p1a: Ferrothorn|29/100
|-damage|p2a: Weavile|76/100|[from] ability: Iron Barbs|[of] p1a: Ferrothorn
|
|-sideend|p2: SL21CC ginko|move: Light Screen
|upkeep
|turn|16
|
|t:|1641743791
|switch|p2a: Rotom|Rotom-Heat|74/100
|switch|p1a: Weavile|Weavile, F|100/100
|
|upkeep
|turn|17
|
|t:|1641743805
|switch|p1a: Landorus|Landorus-Therian, M|58/100
|-ability|p1a: Landorus|Intimidate|boost
|-unboost|p2a: Rotom|atk|1
|switch|p2a: Toxapex|Toxapex, M|100/100
|-damage|p2a: Toxapex|88/100|[from] Stealth Rock
|
|-heal|p1a: Landorus|64/100|[from] item: Leftovers
|-heal|p2a: Toxapex|94/100|[from] item: Black Sludge
|upkeep
|turn|18
|
|t:|1641743810
|switch|p2a: Landorus|Landorus-Therian, M|100/100
|-damage|p2a: Landorus|88/100|[from] Stealth Rock
|-ability|p2a: Landorus|Intimidate|boost
|-unboost|p1a: Landorus|atk|1
|move|p1a: Landorus|Earthquake|p2a: Landorus
|-immune|p2a: Landorus
|
|-heal|p2a: Landorus|94/100|[from] item: Leftovers
|-heal|p1a: Landorus|70/100|[from] item: Leftovers
|upkeep
|turn|19
|
|t:|1641743816
|move|p2a: Landorus|Toxic|p1a: Landorus
|-status|p1a: Landorus|tox
|move|p1a: Landorus|U-turn|p2a: Landorus
|-resisted|p2a: Landorus
|-damage|p2a: Landorus|89/100
|
|t:|1641743817
|switch|p1a: Urshifu|Urshifu-Rapid-Strike, F|100/100|[from]move: U-turn
|
|-heal|p2a: Landorus|95/100|[from] item: Leftovers
|upkeep
|turn|20
|
|t:|1641743824
|switch|p2a: Toxapex|Toxapex, M|100/100
|-damage|p2a: Toxapex|88/100|[from] Stealth Rock
|move|p1a: Urshifu|U-turn|p2a: Toxapex
|-resisted|p2a: Toxapex
|-damage|p2a: Toxapex|76/100
|
|t:|1641743826
|switch|p1a: Zapdos|Zapdos|100/100|[from]move: U-turn
|
|-heal|p2a: Toxapex|83/100|[from] item: Black Sludge
|upkeep
|turn|21
|l| mqsh
|j| SL21CCJqlove
|
|t:|1641743834
|switch|p2a: Blissey|Blissey, F|100/100
|move|p1a: Zapdos|Hurricane|p2a: Blissey
|-damage|p2a: Blissey|79/100
|-start|p2a: Blissey|confusion
|
|upkeep
|turn|22
|
|t:|1641743839
|switch|p1a: Weavile|Weavile, F|100/100
|switch|p2a: Landorus|Landorus-Therian, M|95/100
|-damage|p2a: Landorus|83/100|[from] Stealth Rock
|-ability|p2a: Landorus|Intimidate|boost
|-unboost|p1a: Weavile|atk|1
|
|-heal|p2a: Landorus|89/100|[from] item: Leftovers
|upkeep
|turn|23
|
|t:|1641743845
|switch|p2a: Toxapex|Toxapex, M|100/100
|-damage|p2a: Toxapex|88/100|[from] Stealth Rock
|move|p1a: Weavile|Knock Off|p2a: Toxapex
|-damage|p2a: Toxapex|66/100
|-enditem|p2a: Toxapex|Black Sludge|[from] move: Knock Off|[of] p1a: Weavile
|
|upkeep
|turn|24
|
|t:|1641743855
|switch|p1a: Ferrothorn|Ferrothorn, M|29/100
|switch|p2a: Rotom|Rotom-Heat|74/100
|
|upkeep
|turn|25
|j| SL21CC姐ISthequeen
|
|t:|1641743873
|switch|p1a: Slowking|Slowking, M|100/100
|move|p2a: Rotom|Thunderbolt|p1a: Slowking
|-supereffective|p1a: Slowking
|-damage|p1a: Slowking|33/100
|
|upkeep
|turn|26
|
|t:|1641743878
|switch|p1a: Ferrothorn|Ferrothorn, M|29/100
|move|p2a: Rotom|Thunderbolt|p1a: Ferrothorn
|-resisted|p1a: Ferrothorn
|-damage|p1a: Ferrothorn|14/100
|
|upkeep
|turn|27
|
|t:|1641743885
|move|p2a: Rotom|Thunderbolt|p1a: Ferrothorn
|-resisted|p1a: Ferrothorn
|-damage|p1a: Ferrothorn|0 fnt
|faint|p1a: Ferrothorn
|
|upkeep
|
|t:|1641743888
|switch|p1a: Urshifu|Urshifu-Rapid-Strike, F|100/100
|turn|28
|
|t:|1641743891
|switch|p2a: Toxapex|Toxapex, M|99/100
|-damage|p2a: Toxapex|87/100|[from] Stealth Rock
|move|p1a: Urshifu|U-turn|p2a: Toxapex
|-resisted|p2a: Toxapex
|-damage|p2a: Toxapex|75/100
|
|t:|1641743893
|switch|p1a: Slowking|Slowking, M|66/100|[from]move: U-turn
|
|upkeep
|turn|29
|j| SL21CC91影先生
|
|t:|1641743895
|move|p2a: Toxapex|Light Screen|p2a: Toxapex
|-sidestart|p2: SL21CC ginko|move: Light Screen
|move|p1a: Slowking|Future Sight|p2a: Toxapex
|-start|p1a: Slowking|move: Future Sight
|
|upkeep
|turn|30
|
|t:|1641743902
|move|p2a: Toxapex|Poison Jab|p1a: Slowking
|-damage|p1a: Slowking|51/100
|move|p1a: Slowking|Teleport|p1a: Slowking
|
|t:|1641743925
|switch|p1a: Urshifu|Urshifu-Rapid-Strike, F|100/100|[from]move: Teleport
|
|upkeep
|turn|31
|
|t:|1641743929
|move|p1a: Urshifu|Close Combat|p2a: Toxapex
|-resisted|p2a: Toxapex
|-damage|p2a: Toxapex|44/100
|-unboost|p1a: Urshifu|def|1
|-unboost|p1a: Urshifu|spd|1
|move|p2a: Toxapex|Recover|p2a: Toxapex
|-heal|p2a: Toxapex|94/100
|
|-end|p2a: Toxapex|move: Future Sight
|-supereffective|p2a: Toxapex
|-crit|p2a: Toxapex
|-damage|p2a: Toxapex|5/100
|upkeep
|turn|32
|
|t:|1641743939
|switch|p2a: Landorus|Landorus-Therian, M|89/100
|-damage|p2a: Landorus|76/100|[from] Stealth Rock
|-ability|p2a: Landorus|Intimidate|boost
|-unboost|p1a: Urshifu|atk|1
|move|p1a: Urshifu|Close Combat|p2a: Landorus
|-resisted|p2a: Landorus
|-damage|p2a: Landorus|52/100
|-unboost|p1a: Urshifu|def|1
|-unboost|p1a: Urshifu|spd|1
|
|-heal|p2a: Landorus|58/100|[from] item: Leftovers
|upkeep
|turn|33
|
|t:|1641743951
|switch|p1a: Landorus|Landorus-Therian, M|70/100 tox
|-ability|p1a: Landorus|Intimidate|boost
|-unboost|p2a: Landorus|atk|1
|move|p2a: Landorus|Stealth Rock|p1a: Landorus
|-sidestart|p1: SL21CC Winona|move: Stealth Rock
|
|-heal|p2a: Landorus|64/100|[from] item: Leftovers
|-heal|p1a: Landorus|76/100 tox|[from] item: Leftovers
|-damage|p1a: Landorus|70/100 tox|[from] psn
|-sideend|p2: SL21CC ginko|move: Light Screen
|upkeep
|turn|34
|j| huhupa
|
|t:|1641743959
|switch|p2a: Rotom|Rotom-Heat|74/100
|move|p1a: Landorus|U-turn|p2a: Rotom
|-resisted|p2a: Rotom
|-damage|p2a: Rotom|60/100
|
|t:|1641743964
|switch|p1a: Urshifu|Urshifu-Rapid-Strike, F|100/100|[from]move: U-turn
|-damage|p1a: Urshifu|94/100|[from] Stealth Rock
|
|upkeep
|turn|35
|l| jingtianlangtaosha
|
|t:|1641743984
|switch|p2a: Landorus|Landorus-Therian, M|64/100
|-damage|p2a: Landorus|52/100|[from] Stealth Rock
|-ability|p2a: Landorus|Intimidate|boost
|-unboost|p1a: Urshifu|atk|1
|move|p1a: Urshifu|Surging Strikes|p2a: Landorus
|-supereffective|p2a: Landorus
|-crit|p2a: Landorus
|-damage|p2a: Landorus|11/100
|-supereffective|p2a: Landorus
|-crit|p2a: Landorus
|-damage|p2a: Landorus|0 fnt
|faint|p2a: Landorus
|-hitcount|p2: Landorus|2
|
|upkeep
|j|&starmind
|j|+dragonitenb
|
|t:|1641743987
|switch|p2a: Corviknight|Corviknight, F|63/100
|-damage|p2a: Corviknight|50/100|[from] Stealth Rock
|-ability|p2a: Corviknight|Pressure
|turn|36
|
|t:|1641743989
|move|p1a: Urshifu|Surging Strikes|p2a: Corviknight
|-crit|p2a: Corviknight
|-damage|p2a: Corviknight|31/100
|-crit|p2a: Corviknight
|-damage|p2a: Corviknight|15/100
|-crit|p2a: Corviknight
|-damage|p2a: Corviknight|0 fnt
|faint|p2a: Corviknight
|-hitcount|p2: Corviknight|3
|
|upkeep
|
|t:|1641743992
|switch|p2a: Toxapex|Toxapex, M|38/100
|-damage|p2a: Toxapex|25/100|[from] Stealth Rock
|turn|37
|c|☆SL21CC Winona|上错了吗
|
|t:|1641744000
|switch|p2a: Blissey|Blissey, F|79/100
|move|p1a: Urshifu|Surging Strikes|p2a: Blissey
|-crit|p2a: Blissey
|-damage|p2a: Blissey|54/100
|-crit|p2a: Blissey
|-damage|p2a: Blissey|28/100
|-crit|p2a: Blissey
|-damage|p2a: Blissey|1/100
|-hitcount|p2a: Blissey|3
|
|upkeep
|turn|38
|
|t:|1641744007
|move|p1a: Urshifu|Surging Strikes|p2a: Blissey
|-crit|p2a: Blissey
|-damage|p2a: Blissey|0 fnt
|faint|p2a: Blissey
|-hitcount|p2: Blissey|1
|
|upkeep
|
|t:|1641744008
|switch|p2a: Toxapex|Toxapex, M|59/100
|-damage|p2a: Toxapex|46/100|[from] Stealth Rock
|turn|39
|
|t:|1641744011
|switch|p1a: Zapdos|Zapdos|100/100
|move|p2a: Toxapex|Recover|p2a: Toxapex
|-heal|p2a: Toxapex|96/100
|
|upkeep
|turn|40
|
|t:|1641744014
|move|p1a: Zapdos|Hurricane|p2a: Toxapex|[miss]
|-miss|p1a: Zapdos|p2a: Toxapex
|move|p2a: Toxapex|Recover|p2a: Toxapex
|-heal|p2a: Toxapex|100/100
|
|upkeep
|turn|41
|
|t:|1641744018
|switch|p2a: Rotom|Rotom-Heat|60/100
|move|p1a: Zapdos|Hurricane|p2a: Rotom|[miss]
|-miss|p1a: Zapdos|p2a: Rotom
|
|upkeep
|turn|42
|
|t:|1641744024
|move|p1a: Zapdos|Volt Switch|p2a: Rotom
|-resisted|p2a: Rotom
|-damage|p2a: Rotom|36/100
|
|t:|1641744029
|switch|p1a: Landorus|Landorus-Therian, M|70/100 tox|[from]move: Volt Switch
|-damage|p1a: Landorus|58/100 tox|[from] Stealth Rock
|-ability|p1a: Landorus|Intimidate|boost
|-unboost|p2a: Rotom|atk|1
|move|p2a: Rotom|Nasty Plot|p2a: Rotom
|-boost|p2a: Rotom|spa|2
|
|-heal|p1a: Landorus|64/100 tox|[from] item: Leftovers
|-damage|p1a: Landorus|58/100 tox|[from] psn
|upkeep
|turn|43
|
|t:|1641744044
|move|p2a: Rotom|Overheat|p1a: Landorus
|-damage|p1a: Landorus|0 fnt
|-unboost|p2a: Rotom|spa|2
|faint|p1a: Landorus
|
|upkeep
|
|t:|1641744047
|switch|p1a: Weavile|Weavile, F|100/100
|turn|44
|l| zap the justice
|
|t:|1641744053
|switch|p1a: Zapdos|Zapdos|100/100
|switch|p2a: Toxapex|Toxapex, M|100/100
|-damage|p2a: Toxapex|88/100|[from] Stealth Rock
|
|upkeep
|turn|45
|
|t:|1641744056
|move|p1a: Zapdos|Hurricane|p2a: Toxapex
|-damage|p2a: Toxapex|46/100
|-start|p2a: Toxapex|confusion
|-activate|p2a: Toxapex|confusion
|move|p2a: Toxapex|Light Screen|p2a: Toxapex
|-sidestart|p2: SL21CC ginko|move: Light Screen
|
|upkeep
|turn|46
|j| zap the justice
|
|t:|1641744062
|move|p1a: Zapdos|Volt Switch|p2a: Toxapex
|-supereffective|p2a: Toxapex
|-damage|p2a: Toxapex|17/100
|
|t:|1641744066
|switch|p1a: Slowking|Slowking, M|84/100|[from]move: Volt Switch
|-activate|p2a: Toxapex|confusion
|-damage|p2a: Toxapex|13/100|[from] confusion
|
|upkeep
|turn|47
|
|t:|1641744073
|switch|p2a: Weavile|Weavile, M|76/100
|-ability|p2a: Weavile|Pressure
|move|p1a: Slowking|Scald|p2a: Weavile
|-crit|p2a: Weavile
|-damage|p2a: Weavile|17/100
|-status|p2a: Weavile|brn
|
|-damage|p2a: Weavile|10/100 brn|[from] brn
|upkeep
|turn|48
|-message|SL21CC ginko forfeited.
|
|win|SL21CC Winona
|raw|SL21CC Winona's rating: 1291 &rarr; <strong>1309</strong><br />(+18 for winning)
|raw|SL21CC ginko's rating: 1352 &rarr; <strong>1328</strong><br />(-24 for losing)
|l|☆SL21CC Winona
|l|☆SL21CC ginko
|l| SL21CC姐ISthequeen
|l| water GH0ST
|l|♚The Steel Shadow
|l|+dragonitenb
|l| zap the justice
|j| zap the justice
|l| Suta Pulachina
|l|&starmind
|l| Do you miss her
|l| SL21CCJqlove
|l| huhupa
|l| zap the justice
|l| SL21CC91影先生
|j| zap the justice
|l| 9skythunderouskick
|l|%kitoothe
|j| AIL安礼sama
|l| AIL安礼sama
|l| zap the justice
|j| zap the justice
|l| zap the justice
|j| zap the justice
|l| zap the justice
