|raw|<div class="broadcast-blue"><strong>This battle is required to be public due to a player having a name starting with 'sl21cc'.</div>
|j|☆SL21CC 东方不败
|j|☆SL21CC KFC嫩牛五方
|t:|1641824631
|gametype|singles
|player|p1|SL21CC 东方不败|cheryl|1316
|player|p2|SL21CC KFC嫩牛五方|baker|1297
|teamsize|p1|6
|teamsize|p2|6
|gen|8
|tier|[Gen 8] OU
|rated|
|rule|Sleep Clause Mod: Limit one foe put to sleep
|rule|Species Clause: Limit one of each Pokémon
|rule|OHKO Clause: OHKO moves are banned
|rule|Evasion Moves Clause: Evasion moves are banned
|rule|Endless Battle Clause: Forcing endless battles is banned
|rule|HP Percentage Mod: HP is shown in percentages
|rule|Dynamax Clause: You cannot dynamax
|clearpoke
|poke|p1|Slowking-Galar, M|
|poke|p1|Weavile, F|
|poke|p1|Magnezone|
|poke|p1|Garchomp, M|
|poke|p1|Corviknight, M|
|poke|p1|Urshifu-*, F|
|poke|p2|Urshifu-*, M|
|poke|p2|Slowking-Galar, M|
|poke|p2|Ferrothorn, M|
|poke|p2|Landorus-Therian, M|
|poke|p2|Tornadus-Therian, M|
|poke|p2|Clefable, M|
|teampreview
|j| SL21CC 91舒先生
|j| sl21cc vogut
|
|t:|1641824652
|start
|switch|p1a: Weavile|Weavile, F|100/100
|switch|p2a: Urshifu|Urshifu-Rapid-Strike, M|100/100
|-ability|p1a: Weavile|Pressure
|turn|1
|j| SL22CC 蜜雪冰城
|j| adreamew
|
|t:|1641824662
|switch|p1a: Corviknight|Corviknight, M, shiny|100/100
|-ability|p1a: Corviknight|Pressure
|move|p2a: Urshifu|Close Combat|p1a: Corviknight
|-damage|p1a: Corviknight|45/100
|-unboost|p2a: Urshifu|def|1
|-unboost|p2a: Urshifu|spd|1
|-damage|p2a: Urshifu|84/100|[from] item: Rocky Helmet|[of] p1a: Corviknight
|
|upkeep
|turn|2
|
|t:|1641824668
|switch|p2a: Landorus|Landorus-Therian, M, shiny|100/100
|-ability|p2a: Landorus|Intimidate|boost
|-unboost|p1a: Corviknight|atk|1
|switch|p1a: Slowking|Slowking-Galar, M, shiny|100/100
|
|upkeep
|turn|3
|j| sl21cc ryekie
|
|t:|1641824670
|move|p2a: Landorus|U-turn|p1a: Slowking
|-damage|p1a: Slowking|78/100
|j| jiokopg_fkok43
|
|t:|1641824673
|switch|p2a: Slowking|Slowking-Galar, M, shiny|100/100|[from]move: U-turn
|move|p1a: Slowking|Ice Beam|p2a: Slowking
|-damage|p2a: Slowking|88/100
|
|upkeep
|turn|4
|
|t:|1641824680
|switch|p2a: Urshifu|Urshifu-Rapid-Strike, M|84/100
|move|p1a: Slowking|Future Sight|p2a: Urshifu
|-start|p1a: Slowking|move: Future Sight
|
|upkeep
|turn|5
|j| SL21CC tangkeke
|
|t:|1641824690
|switch|p1a: Urshifu|Urshifu-Rapid-Strike, F|100/100
|move|p2a: Urshifu|Surging Strikes|p1a: Urshifu
|-resisted|p1a: Urshifu
|-crit|p1a: Urshifu
|-damage|p1a: Urshifu|85/100
|-resisted|p1a: Urshifu
|-crit|p1a: Urshifu
|-damage|p1a: Urshifu|69/100
|-resisted|p1a: Urshifu
|-crit|p1a: Urshifu
|-damage|p1a: Urshifu|55/100
|-hitcount|p1a: Urshifu|3
|
|upkeep
|turn|6
|
|t:|1641824699
|switch|p2a: Slowking|Slowking-Galar, M, shiny|100/100
|move|p1a: Urshifu|Surging Strikes|p2a: Slowking
|-crit|p2a: Slowking
|-damage|p2a: Slowking|70/100
|-crit|p2a: Slowking
|-damage|p2a: Slowking|41/100
|-crit|p2a: Slowking
|-damage|p2a: Slowking|12/100
|-hitcount|p2a: Slowking|3
|
|-end|p2a: Slowking|move: Future Sight
|-damage|p2a: Slowking|0 fnt
|faint|p2a: Slowking
|upkeep
|j| sl21cckhl
|
|t:|1641824706
|switch|p2a: Tornadus|Tornadus-Therian, M, shiny|100/100
|turn|7
|
|t:|1641824712
|switch|p1a: Slowking|Slowking-Galar, M, shiny|100/100
|move|p2a: Tornadus|Nasty Plot|p2a: Tornadus
|-boost|p2a: Tornadus|spa|2
|
|upkeep
|turn|8
|
|t:|1641824717
|move|p2a: Tornadus|Hurricane|p1a: Slowking
|-damage|p1a: Slowking|61/100
|move|p1a: Slowking|Ice Beam|p2a: Tornadus
|-supereffective|p2a: Tornadus
|-damage|p2a: Tornadus|42/100
|
|upkeep
|turn|9
|
|t:|1641824724
|switch|p2a: Urshifu|Urshifu-Rapid-Strike, M|84/100
|move|p1a: Slowking|Sludge Bomb|p2a: Urshifu
|-damage|p2a: Urshifu|14/100
|
|upkeep
|turn|10
|
|t:|1641824729
|switch|p1a: Garchomp|Garchomp, M, shiny|100/100
|move|p2a: Urshifu|Close Combat|p1a: Garchomp
|-crit|p1a: Garchomp
|-damage|p1a: Garchomp|0 fnt
|-unboost|p2a: Urshifu|def|1
|-unboost|p2a: Urshifu|spd|1
|-damage|p2a: Urshifu|2/100|[from] ability: Rough Skin|[of] p1a: Garchomp
|faint|p1a: Garchomp
|
|upkeep
|
|t:|1641824738
|switch|p1a: Weavile|Weavile, F|100/100
|-ability|p1a: Weavile|Pressure
|turn|11
|
|t:|1641824741
|switch|p2a: Ferrothorn|Ferrothorn, M|100/100
|move|p1a: Weavile|Knock Off|p2a: Ferrothorn
|-crit|p2a: Ferrothorn
|-damage|p2a: Ferrothorn|52/100
|-damage|p1a: Weavile|88/100|[from] ability: Iron Barbs|[of] p2a: Ferrothorn
|-enditem|p2a: Ferrothorn|Leftovers|[from] move: Knock Off|[of] p1a: Weavile
|
|upkeep
|turn|12
|
|t:|1641824743
|switch|p1a: Magnezone|Magnezone|100/100
|move|p2a: Ferrothorn|Leech Seed|p1a: Magnezone
|-start|p1a: Magnezone|move: Leech Seed
|
|-damage|p1a: Magnezone|88/100|[from] Leech Seed|[of] p2a: Ferrothorn
|-heal|p2a: Ferrothorn|62/100|[silent]
|upkeep
|turn|13
|
|t:|1641824748
|move|p1a: Magnezone|Volt Switch|p2a: Ferrothorn
|-resisted|p2a: Ferrothorn
|-damage|p2a: Ferrothorn|38/100
|
|t:|1641824749
|switch|p1a: Slowking|Slowking-Galar, M, shiny|94/100|[from]move: Volt Switch
|move|p2a: Ferrothorn|Spikes|p1a: Slowking
|-sidestart|p1: SL21CC 东方不败|Spikes
|
|upkeep
|turn|14
|
|t:|1641824753
|move|p1a: Slowking|Flamethrower|p2a: Ferrothorn
|-supereffective|p2a: Ferrothorn
|-damage|p2a: Ferrothorn|0 fnt
|faint|p2a: Ferrothorn
|
|upkeep
|
|t:|1641824755
|switch|p2a: Landorus|Landorus-Therian, M, shiny|100/100
|-ability|p2a: Landorus|Intimidate|boost
|-unboost|p1a: Slowking|atk|1
|turn|15
|
|t:|1641824758
|switch|p1a: Corviknight|Corviknight, M, shiny|45/100
|-ability|p1a: Corviknight|Pressure
|move|p2a: Landorus|U-turn|p1a: Corviknight
|-resisted|p1a: Corviknight
|-damage|p1a: Corviknight|42/100
|-damage|p2a: Landorus|84/100|[from] item: Rocky Helmet|[of] p1a: Corviknight
|
|t:|1641824759
|switch|p2a: Tornadus|Tornadus-Therian, M, shiny|76/100|[from]move: U-turn
|
|upkeep
|turn|16
|
|t:|1641824763
|move|p2a: Tornadus|Focus Blast|p1a: Corviknight
|-damage|p1a: Corviknight|10/100
|move|p1a: Corviknight|Roost|p1a: Corviknight
|-heal|p1a: Corviknight|60/100
|-singleturn|p1a: Corviknight|move: Roost
|
|upkeep
|turn|17
|
|t:|1641824766
|move|p2a: Tornadus|Taunt|p1a: Corviknight
|-start|p1a: Corviknight|move: Taunt
|move|p1a: Corviknight|U-turn|p2a: Tornadus
|-resisted|p2a: Tornadus
|-damage|p2a: Tornadus|68/100
|
|t:|1641824768
|switch|p1a: Weavile|Weavile, F|88/100|[from]move: U-turn
|-ability|p1a: Weavile|Pressure
|
|upkeep
|turn|18
|
|t:|1641824773
|switch|p2a: Clefable|Clefable, M|100/100
|move|p1a: Weavile|Triple Axel|p2a: Clefable|[miss]
|-miss|p1a: Weavile|p2a: Clefable
|
|upkeep
|turn|19
|
|t:|1641824776
|switch|p1a: Magnezone|Magnezone|88/100
|-damage|p1a: Magnezone|76/100|[from] Spikes
|move|p2a: Clefable|Stealth Rock|p1a: Magnezone
|-sidestart|p1: SL21CC 东方不败|move: Stealth Rock
|
|upkeep
|turn|20
|
|t:|1641824779
|move|p1a: Magnezone|Flash Cannon|p2a: Clefable
|-supereffective|p2a: Clefable
|-damage|p2a: Clefable|0 fnt
|faint|p2a: Clefable
|
|upkeep
|l| SL21CC 91舒先生
|l| sl21cc vogut
|-message|SL21CC KFC嫩牛五方 forfeited.
|
|win|SL21CC 东方不败
|raw|SL21CC 东方不败's rating: 1316 &rarr; <strong>1332</strong><br />(+16 for winning)
|raw|SL21CC KFC嫩牛五方's rating: 1316 &rarr; <strong>1300</strong><br />(-16 for losing)
|l|☆SL21CC KFC嫩牛五方
|l| SL21CC tangkeke
|l|☆SL21CC 东方不败
