|raw|<div class="broadcast-blue"><strong>This battle is required to be public due to a player having a name starting with 'sl21cc'.</div>
|j|☆SL21CC Leviathan
|j|☆SL21CC 东方不败
|t:|1641823545
|gametype|singles
|player|p1|SL21CC Leviathan|guitarist|1237
|player|p2|SL21CC 东方不败|cheryl|1288
|teamsize|p1|6
|teamsize|p2|6
|gen|8
|tier|[Gen 8] OU
|rated|
|rule|Sleep Clause Mod: Limit one foe put to sleep
|rule|Species Clause: Limit one of each Pokémon
|rule|OHKO Clause: OHKO moves are banned
|rule|Evasion Moves Clause: Evasion moves are banned
|rule|Endless Battle Clause: Forcing endless battles is banned
|rule|HP Percentage Mod: HP is shown in percentages
|rule|Dynamax Clause: You cannot dynamax
|clearpoke
|poke|p1|Tapu Fini|
|poke|p1|Heatran, M|
|poke|p1|Kartana|
|poke|p1|Landorus-Therian, M|
|poke|p1|Tornadus-Therian, M|
|poke|p1|Tapu Koko|
|poke|p2|Tapu Lele|
|poke|p2|Victini|
|poke|p2|Landorus-Therian, M|
|poke|p2|Kartana|
|poke|p2|Melmetal|
|poke|p2|Dragapult, F|
|teampreview
|
|t:|1641823568
|start
|switch|p1a: Tornadus|Tornadus-Therian, M|100/100
|switch|p2a: Landorus|Landorus-Therian, M|100/100
|-ability|p2a: Landorus|Intimidate|boost
|-unboost|p1a: Tornadus|atk|1
|turn|1
|
|t:|1641823571
|move|p1a: Tornadus|Taunt|p2a: Landorus
|-start|p2a: Landorus|move: Taunt
|move|p2a: Landorus|Smack Down|p1a: Tornadus
|-supereffective|p1a: Tornadus
|-damage|p1a: Tornadus|50/100
|-start|p1a: Tornadus|Smack Down
|
|upkeep
|turn|2
|j| adreamew
|
|t:|1641823576
|switch|p1a: Landorus|Landorus-Therian, M|100/100
|-ability|p1a: Landorus|Intimidate|boost
|-unboost|p2a: Landorus|atk|1
|move|p2a: Landorus|Smack Down|p1a: Landorus
|-damage|p1a: Landorus|91/100
|-start|p1a: Landorus|Smack Down
|
|-heal|p1a: Landorus|97/100|[from] item: Leftovers
|upkeep
|turn|3
|
|t:|1641823583
|move|p2a: Landorus|Earthquake|p1a: Landorus
|-damage|p1a: Landorus|63/100
|move|p1a: Landorus|Toxic|p2a: Landorus
|-status|p2a: Landorus|tox
|
|-heal|p1a: Landorus|69/100|[from] item: Leftovers
|-damage|p2a: Landorus|94/100 tox|[from] psn
|-end|p2a: Landorus|move: Taunt
|upkeep
|turn|4
|
|t:|1641823591
|move|p2a: Landorus|Stealth Rock|p1a: Landorus
|-sidestart|p1: SL21CC Leviathan|move: Stealth Rock
|move|p1a: Landorus|Stealth Rock|p2a: Landorus
|-sidestart|p2: SL21CC 东方不败|move: Stealth Rock
|
|-heal|p1a: Landorus|75/100|[from] item: Leftovers
|-damage|p2a: Landorus|82/100 tox|[from] psn
|upkeep
|turn|5
|
|t:|1641823597
|switch|p1a: Tornadus|Tornadus-Therian, M|83/100
|move|p2a: Landorus|U-turn|p1a: Tornadus
|-resisted|p1a: Tornadus
|-damage|p1a: Tornadus|72/100
|
|t:|1641823603
|switch|p2a: Dragapult|Dragapult, F|100/100|[from]move: U-turn
|-damage|p2a: Dragapult|88/100|[from] Stealth Rock
|
|upkeep
|turn|6
|j| sl21cc vogut
|
|t:|1641823627
|switch|p1a: Tapu Fini|Tapu Fini|100/100
|-damage|p1a: Tapu Fini|88/100|[from] Stealth Rock
|-fieldstart|move: Misty Terrain|[from] ability: Misty Surge|[of] p1a: Tapu Fini
|move|p2a: Dragapult|Draco Meteor|p1a: Tapu Fini
|-immune|p1a: Tapu Fini
|
|-heal|p1a: Tapu Fini|94/100|[from] item: Leftovers
|upkeep
|turn|7
|
|t:|1641823640
|switch|p2a: Melmetal|Melmetal|100/100
|-damage|p2a: Melmetal|94/100|[from] Stealth Rock
|switch|p1a: Landorus|Landorus-Therian, M|75/100
|-damage|p1a: Landorus|63/100|[from] Stealth Rock
|-ability|p1a: Landorus|Intimidate|boost
|-unboost|p2a: Melmetal|atk|1
|
|-heal|p1a: Landorus|69/100|[from] item: Leftovers
|upkeep
|turn|8
|
|t:|1641823648
|switch|p2a: Landorus|Landorus-Therian, M|82/100 tox
|-damage|p2a: Landorus|70/100 tox|[from] Stealth Rock
|-ability|p2a: Landorus|Intimidate|boost
|-unboost|p1a: Landorus|atk|1
|move|p1a: Landorus|Earthquake|p2a: Landorus
|-immune|p2a: Landorus
|
|-heal|p1a: Landorus|75/100|[from] item: Leftovers
|-damage|p2a: Landorus|64/100 tox|[from] psn
|upkeep
|turn|9
|
|t:|1641823654
|move|p2a: Landorus|U-turn|p1a: Landorus
|-resisted|p1a: Landorus
|-damage|p1a: Landorus|65/100
|
|t:|1641823665
|switch|p2a: Melmetal|Melmetal|94/100|[from]move: U-turn
|-damage|p2a: Melmetal|88/100|[from] Stealth Rock
|move|p1a: Landorus|U-turn|p2a: Melmetal
|-resisted|p2a: Melmetal
|-damage|p2a: Melmetal|85/100
|
|t:|1641823677
|switch|p1a: Heatran|Heatran, M|100/100|[from]move: U-turn
|-damage|p1a: Heatran|88/100|[from] Stealth Rock
|
|-heal|p1a: Heatran|94/100|[from] item: Leftovers
|upkeep
|turn|10
|
|t:|1641823690
|move|p1a: Heatran|Magma Storm|p2a: Melmetal
|-supereffective|p2a: Melmetal
|-damage|p2a: Melmetal|31/100
|-activate|p2a: Melmetal|move: Magma Storm|[of] p1a: Heatran
|move|p2a: Melmetal|Earthquake|p1a: Heatran
|-supereffective|p1a: Heatran
|-damage|p1a: Heatran|0 fnt
|faint|p1a: Heatran
|
|-end|p2a: Melmetal|Magma Storm|[partiallytrapped]|[silent]
|-fieldend|Misty Terrain
|upkeep
|
|t:|1641823700
|switch|p1a: Landorus|Landorus-Therian, M|65/100
|-damage|p1a: Landorus|53/100|[from] Stealth Rock
|-ability|p1a: Landorus|Intimidate|boost
|-unboost|p2a: Melmetal|atk|1
|turn|11
|
|t:|1641823705
|switch|p2a: Landorus|Landorus-Therian, M|64/100 tox
|-damage|p2a: Landorus|52/100 tox|[from] Stealth Rock
|-ability|p2a: Landorus|Intimidate|boost
|-unboost|p1a: Landorus|atk|1
|move|p1a: Landorus|Earthquake|p2a: Landorus
|-immune|p2a: Landorus
|
|-heal|p1a: Landorus|59/100|[from] item: Leftovers
|-damage|p2a: Landorus|46/100 tox|[from] psn
|upkeep
|turn|12
|
|t:|1641823711
|move|p2a: Landorus|Smack Down|p1a: Landorus
|-damage|p1a: Landorus|44/100
|-start|p1a: Landorus|Smack Down
|move|p1a: Landorus|Earthquake|p2a: Landorus
|-immune|p2a: Landorus
|
|-heal|p1a: Landorus|50/100|[from] item: Leftovers
|-damage|p2a: Landorus|34/100 tox|[from] psn
|upkeep
|turn|13
|
|t:|1641823718
|move|p2a: Landorus|Earthquake|p1a: Landorus
|-damage|p1a: Landorus|0 fnt
|faint|p1a: Landorus
|
|-damage|p2a: Landorus|15/100 tox|[from] psn
|upkeep
|
|t:|1641823721
|switch|p1a: Kartana|Kartana|100/100
|-damage|p1a: Kartana|94/100|[from] Stealth Rock
|turn|14
|
|t:|1641823759
|move|p1a: Kartana|Knock Off|p2a: Landorus
|-damage|p2a: Landorus|0 fnt
|-enditem|p2a: Landorus|Soft Sand|[from] move: Knock Off|[of] p1a: Kartana
|faint|p2a: Landorus
|-ability|p1a: Kartana|Beast Boost|boost
|-boost|p1a: Kartana|atk|1
|-damage|p1a: Kartana|84/100|[from] item: Life Orb
|
|upkeep
|
|t:|1641823764
|switch|p2a: Dragapult|Dragapult, F|88/100
|-damage|p2a: Dragapult|76/100|[from] Stealth Rock
|turn|15
|
|t:|1641823771
|switch|p1a: Tornadus|Tornadus-Therian, M|100/100
|move|p2a: Dragapult|Shadow Ball|p1a: Tornadus
|-damage|p1a: Tornadus|46/100
|
|upkeep
|turn|16
|
|t:|1641823786
|switch|p1a: Tapu Fini|Tapu Fini|94/100
|-damage|p1a: Tapu Fini|82/100|[from] Stealth Rock
|-fieldstart|move: Misty Terrain|[from] ability: Misty Surge|[of] p1a: Tapu Fini
|move|p2a: Dragapult|Shadow Ball|p1a: Tapu Fini
|-damage|p1a: Tapu Fini|42/100
|
|-heal|p1a: Tapu Fini|48/100|[from] item: Leftovers
|upkeep
|turn|17
|
|t:|1641823797
|switch|p2a: Melmetal|Melmetal|31/100
|-damage|p2a: Melmetal|25/100|[from] Stealth Rock
|switch|p1a: Tapu Koko|Tapu Koko|100/100
|-fieldstart|move: Electric Terrain|[from] ability: Electric Surge|[of] p1a: Tapu Koko
|
|upkeep
|turn|18
|
|t:|1641823802
|move|p1a: Tapu Koko|Thunderbolt|p2a: Melmetal
|-damage|p2a: Melmetal|0 fnt
|faint|p2a: Melmetal
|
|upkeep
|
|t:|1641823805
|switch|p2a: Tapu Lele|Tapu Lele|100/100
|-damage|p2a: Tapu Lele|88/100|[from] Stealth Rock
|-fieldstart|move: Psychic Terrain|[from] ability: Psychic Surge|[of] p2a: Tapu Lele
|turn|19
|
|t:|1641823809
|move|p1a: Tapu Koko|Calm Mind|p1a: Tapu Koko
|-boost|p1a: Tapu Koko|spa|1
|-boost|p1a: Tapu Koko|spd|1
|move|p2a: Tapu Lele|Psychic|p1a: Tapu Koko
|-damage|p1a: Tapu Koko|3/100
|
|upkeep
|turn|20
|c|☆SL21CC Leviathan|、？？？
|c|☆SL21CC Leviathan|这么猛啊
|
|t:|1641823823
|move|p1a: Tapu Koko|Thunderbolt|p2a: Tapu Lele
|-damage|p2a: Tapu Lele|31/100
|move|p2a: Tapu Lele|Psychic|p1a: Tapu Koko
|-damage|p1a: Tapu Koko|0 fnt
|faint|p1a: Tapu Koko
|
|upkeep
|j| Tokyo EZ
|
|t:|1641823828
|switch|p1a: Tornadus|Tornadus-Therian, M|79/100
|turn|21
|
|t:|1641823831
|move|p1a: Tornadus|Knock Off|p2a: Tapu Lele
|-damage|p2a: Tapu Lele|3/100
|-enditem|p2a: Tapu Lele|Choice Specs|[from] move: Knock Off|[of] p1a: Tornadus
|move|p2a: Tapu Lele|Psychic|p1a: Tornadus
|-damage|p1a: Tornadus|10/100
|
|upkeep
|turn|22
|
|t:|1641823835
|move|p1a: Tornadus|Knock Off|p2a: Tapu Lele
|-damage|p2a: Tapu Lele|0 fnt
|faint|p2a: Tapu Lele
|
|upkeep
|
|t:|1641823837
|switch|p2a: Dragapult|Dragapult, F|76/100
|-damage|p2a: Dragapult|64/100|[from] Stealth Rock
|turn|23
|
|t:|1641823839
|move|p2a: Dragapult|Shadow Ball|p1a: Tornadus
|-damage|p1a: Tornadus|0 fnt
|faint|p1a: Tornadus
|
|-fieldend|move: Psychic Terrain
|upkeep
|
|t:|1641823842
|switch|p1a: Tapu Fini|Tapu Fini|48/100
|-damage|p1a: Tapu Fini|35/100|[from] Stealth Rock
|-fieldstart|move: Misty Terrain|[from] ability: Misty Surge|[of] p1a: Tapu Fini
|turn|24
|-message|SL21CC Leviathan forfeited.
|
|win|SL21CC 东方不败
|raw|SL21CC Leviathan's rating: 1237 &rarr; <strong>1223</strong><br />(-14 for losing)
|raw|SL21CC 东方不败's rating: 1288 &rarr; <strong>1302</strong><br />(+14 for winning)
|l|☆SL21CC Leviathan
|l|☆SL21CC 东方不败
|l| sl21cc vogut
|l| Tokyo EZ
