|raw|<div class="broadcast-blue"><strong>This battle is required to be public due to a player having a name starting with 'sl21cc'.</div>
|j|☆SL21CC 999司马
|j|☆zsurf
|t:|1641697096
|gametype|singles
|player|p1|SL21CC 999司马|feida.png|1359
|player|p2|zsurf|aromalady|1367
|teamsize|p1|6
|teamsize|p2|6
|gen|8
|tier|[Gen 8] OU
|rated|
|rule|Sleep Clause Mod: Limit one foe put to sleep
|rule|Species Clause: Limit one of each Pokémon
|rule|OHKO Clause: OHKO moves are banned
|rule|Evasion Moves Clause: Evasion moves are banned
|rule|Endless Battle Clause: Forcing endless battles is banned
|rule|HP Percentage Mod: HP is shown in percentages
|rule|Dynamax Clause: You cannot dynamax
|clearpoke
|poke|p1|Victini|
|poke|p1|Corviknight, M|
|poke|p1|Melmetal|
|poke|p1|Rhyperior, M|
|poke|p1|Slowbro, F|
|poke|p1|Blissey, F|
|poke|p2|Slowbro-Galar, F|
|poke|p2|Seismitoad, F|
|poke|p2|Mew|
|poke|p2|Melmetal|
|poke|p2|Clefable, M|
|poke|p2|Zapdos|
|teampreview
|inactive|Battle timer is ON: inactive players will automatically lose when time's up. (requested by zsurf)
|j|♚Chizuru mizuhara
|
|t:|1641697159
|start
|switch|p1a: Slowbro|Slowbro, F|100/100
|switch|p2a: Seismitoad|Seismitoad, F|100/100
|turn|1
|j| Suta Pulachina
|
|t:|1641697181
|move|p2a: Seismitoad|Toxic|p1a: Slowbro
|-status|p1a: Slowbro|tox
|move|p1a: Slowbro|Grass Knot|p2a: Seismitoad
|-supereffective|p2a: Seismitoad
|-damage|p2a: Seismitoad|41/100
|
|-heal|p2a: Seismitoad|47/100|[from] item: Leftovers
|-damage|p1a: Slowbro|94/100 tox|[from] psn
|upkeep
|turn|2
|
|t:|1641697186
|move|p2a: Seismitoad|Stealth Rock|p1a: Slowbro
|-sidestart|p1: SL21CC 999司马|move: Stealth Rock
|move|p1a: Slowbro|Grass Knot|p2a: Seismitoad
|-supereffective|p2a: Seismitoad
|-damage|p2a: Seismitoad|0 fnt
|faint|p2a: Seismitoad
|
|-damage|p1a: Slowbro|82/100 tox|[from] psn
|upkeep
|c| Suta Pulachina|nb
|
|t:|1641697191
|switch|p2a: Zapdos|Zapdos|100/100
|turn|3
|
|t:|1641697193
|switch|p2a: Melmetal|Melmetal|100/100
|switch|p1a: Rhyperior|Rhyperior, M|100/100
|-damage|p1a: Rhyperior|94/100|[from] Stealth Rock
|
|-heal|p1a: Rhyperior|100/100|[from] item: Leftovers
|upkeep
|turn|4
|
|t:|1641697196
|switch|p1a: Corviknight|Corviknight, M|100/100
|-damage|p1a: Corviknight|88/100|[from] Stealth Rock
|-ability|p1a: Corviknight|Pressure
|move|p2a: Melmetal|Double Iron Bash|p1a: Corviknight
|-resisted|p1a: Corviknight
|-damage|p1a: Corviknight|74/100
|-damage|p2a: Melmetal|84/100|[from] item: Rocky Helmet|[of] p1a: Corviknight
|-resisted|p1a: Corviknight
|-damage|p1a: Corviknight|62/100
|-damage|p2a: Melmetal|67/100|[from] item: Rocky Helmet|[of] p1a: Corviknight
|-hitcount|p1a: Corviknight|2
|
|upkeep
|turn|5
|-activate|p2a: Melmetal|item: Quick Claw
|
|t:|1641697201
|move|p2a: Melmetal|Thunder Punch|p1a: Corviknight
|-supereffective|p1a: Corviknight
|-crit|p1a: Corviknight
|-damage|p1a: Corviknight|0 fnt
|-damage|p2a: Melmetal|51/100|[from] item: Rocky Helmet|[of] p1a: Corviknight
|faint|p1a: Corviknight
|
|upkeep
|c|☆SL21CC 999司马|不是
|c|☆SL21CC 999司马|你玩不玩
|j| SL21CC tangkeke
|inactive|SL21CC 999司马 has 120 seconds left.
|
|t:|1641697234
|switch|p1a: Victini|Victini|100/100
|turn|6
|
|t:|1641697242
|switch|p2a: Zapdos|Zapdos|100/100
|move|p1a: Victini|V-create|p2a: Zapdos
|-crit|p2a: Zapdos
|-damage|p2a: Zapdos|0 fnt
|-unboost|p1a: Victini|spe|1
|-unboost|p1a: Victini|def|1
|-unboost|p1a: Victini|spd|1
|faint|p2a: Zapdos
|
|upkeep
|
|t:|1641697247
|switch|p2a: Melmetal|Melmetal|51/100
|turn|7
|inactive|SL21CC 999司马 has 120 seconds left.
|inactive|SL21CC 999司马 has 90 seconds left.
|-activate|p2a: Melmetal|item: Quick Claw
|
|t:|1641697302
|move|p2a: Melmetal|Earthquake|p1a: Victini
|-supereffective|p1a: Victini
|-damage|p1a: Victini|0 fnt
|faint|p1a: Victini
|
|upkeep
|c|☆SL21CC 999司马|不是
|inactive|SL21CC 999司马 has 90 seconds left.
|c|☆SL21CC 999司马|你这就恶心人了吧
|
|t:|1641697312
|switch|p1a: Rhyperior|Rhyperior, M|100/100
|-damage|p1a: Rhyperior|94/100|[from] Stealth Rock
|turn|8
|-activate|p2a: Melmetal|item: Quick Claw
|
|t:|1641697324
|move|p2a: Melmetal|Double Iron Bash|p1a: Rhyperior
|-supereffective|p1a: Rhyperior
|-damage|p1a: Rhyperior|32/100
|-supereffective|p1a: Rhyperior
|-damage|p1a: Rhyperior|0 fnt
|faint|p1a: Rhyperior
|-hitcount|p1: Rhyperior|2
|
|upkeep
|c| Suta Pulachina|lol
|j|♚chengduoldsuperbro
|inactive|SL21CC 999司马 has 90 seconds left.
|
|t:|1641697342
|switch|p1a: Melmetal|Melmetal|100/100
|-damage|p1a: Melmetal|94/100|[from] Stealth Rock
|turn|9
|
|t:|1641697347
|switch|p2a: Clefable|Clefable, M|100/100
|move|p1a: Melmetal|Superpower|p2a: Clefable
|-resisted|p2a: Clefable
|-damage|p2a: Clefable|71/100
|-unboost|p1a: Melmetal|atk|1
|-unboost|p1a: Melmetal|def|1
|
|upkeep
|turn|10
|
|t:|1641697350
|switch|p1a: Blissey|Blissey, F|100/100
|move|p2a: Clefable|Fire Blast|p1a: Blissey
|-damage|p1a: Blissey|87/100
|
|upkeep
|turn|11
|
|t:|1641697356
|switch|p1a: Melmetal|Melmetal|94/100
|-damage|p1a: Melmetal|88/100|[from] Stealth Rock
|move|p2a: Clefable|Focus Blast|p1a: Melmetal|[miss]
|-miss|p2a: Clefable|p1a: Melmetal
|
|upkeep
|turn|12
|c| Suta Pulachina|.
|inactive|SL21CC 999司马 has 120 seconds left.
|
|t:|1641697374
|move|p1a: Melmetal|Double Iron Bash|p2a: Clefable
|-supereffective|p2a: Clefable
|-damage|p2a: Clefable|0 fnt
|faint|p2a: Clefable
|-hitcount|p2: Clefable|1
|
|upkeep
|
|t:|1641697381
|switch|p2a: Melmetal|Melmetal|51/100
|turn|13
|
|t:|1641697387
|move|p1a: Melmetal|Double Iron Bash|p2a: Melmetal
|-resisted|p2a: Melmetal
|-damage|p2a: Melmetal|38/100
|-resisted|p2a: Melmetal
|-crit|p2a: Melmetal
|-damage|p2a: Melmetal|20/100
|-hitcount|p2a: Melmetal|2
|cant|p2a: Melmetal|flinch
|
|upkeep
|turn|14
|
|t:|1641697389
|move|p1a: Melmetal|Double Iron Bash|p2a: Melmetal
|-resisted|p2a: Melmetal
|-damage|p2a: Melmetal|8/100
|-resisted|p2a: Melmetal
|-crit|p2a: Melmetal
|-damage|p2a: Melmetal|0 fnt
|faint|p2a: Melmetal
|-hitcount|p2: Melmetal|2
|
|upkeep
|
|t:|1641697391
|switch|p2a: Slowbro|Slowbro-Galar, F|100/100
|turn|15
|
|t:|1641697396
|move|p1a: Melmetal|Double Iron Bash|p2a: Slowbro
|-damage|p2a: Slowbro|59/100
|-damage|p2a: Slowbro|18/100
|-hitcount|p2a: Slowbro|2
|cant|p2a: Slowbro|flinch
|
|upkeep
|turn|16
|
|t:|1641697399
|move|p1a: Melmetal|Double Iron Bash|p2a: Slowbro
|-damage|p2a: Slowbro|0 fnt
|faint|p2a: Slowbro
|-hitcount|p2: Slowbro|1
|
|upkeep
|
|t:|1641697401
|switch|p2a: Mew|Mew|100/100
|turn|17
|
|t:|1641697403
|move|p2a: Mew|Dragon Dance|p2a: Mew
|-boost|p2a: Mew|atk|1
|-boost|p2a: Mew|spe|1
|move|p1a: Melmetal|Double Iron Bash|p2a: Mew
|-damage|p2a: Mew|56/100
|-damage|p2a: Mew|9/100
|-hitcount|p2a: Mew|2
|
|-heal|p2a: Mew|15/100|[from] item: Leftovers
|upkeep
|turn|18
|
|t:|1641697405
|move|p2a: Mew|Close Combat|p1a: Melmetal
|-supereffective|p1a: Melmetal
|-damage|p1a: Melmetal|24/100
|-unboost|p2a: Mew|def|1
|-unboost|p2a: Mew|spd|1
|move|p1a: Melmetal|Double Iron Bash|p2a: Mew
|-damage|p2a: Mew|0 fnt
|faint|p2a: Mew
|-hitcount|p2: Mew|1
|
|win|SL21CC 999司马
|raw|SL21CC 999司马's rating: 1359 &rarr; <strong>1379</strong><br />(+20 for winning)
|raw|zsurf's rating: 1367 &rarr; <strong>1347</strong><br />(-20 for losing)
|l|♚chengduoldsuperbro
