|raw|<div class="broadcast-blue"><strong>This battle is required to be public due to a player having a name starting with 'sl21cc'.</div>
|j|☆9skythunderouskick
|j|☆sl21cc enfalleba
|t:|1641738944
|gametype|singles
|player|p1|9skythunderouskick|101|1304
|player|p2|sl21cc enfalleba|102|1242
|teamsize|p1|6
|teamsize|p2|6
|gen|8
|tier|[Gen 8] OU
|rated|
|rule|Sleep Clause Mod: Limit one foe put to sleep
|rule|Species Clause: Limit one of each Pokémon
|rule|OHKO Clause: OHKO moves are banned
|rule|Evasion Moves Clause: Evasion moves are banned
|rule|Endless Battle Clause: Forcing endless battles is banned
|rule|HP Percentage Mod: HP is shown in percentages
|rule|Dynamax Clause: You cannot dynamax
|clearpoke
|poke|p1|Slowbro-Galar, M|
|poke|p1|Seismitoad, M|
|poke|p1|Mew|
|poke|p1|Melmetal|
|poke|p1|Clefable, M|
|poke|p1|Zapdos|
|poke|p2|Weavile, M|
|poke|p2|Tornadus-Therian, M|
|poke|p2|Tapu Lele|
|poke|p2|Landorus-Therian, M|
|poke|p2|Toxapex, F|
|poke|p2|Melmetal|
|teampreview
|inactive|Battle timer is ON: inactive players will automatically lose when time's up. (requested by sl21cc enfalleba)
|j| tianyutulongwu
|
|t:|1641738955
|start
|switch|p1a: Melmetal|Melmetal|100/100
|switch|p2a: Toxapex|Toxapex, F, shiny|100/100
|turn|1
|
|t:|1641738963
|move|p1a: Melmetal|Earthquake|p2a: Toxapex
|-supereffective|p2a: Toxapex
|-damage|p2a: Toxapex|48/100
|move|p2a: Toxapex|Scald|p1a: Melmetal
|-damage|p1a: Melmetal|83/100
|-status|p1a: Melmetal|brn
|
|-damage|p1a: Melmetal|77/100 brn|[from] brn
|upkeep
|turn|2
|
|t:|1641738983
|switch|p1a: Clefable|Clefable, M|100/100
|move|p2a: Toxapex|Recover|p2a: Toxapex
|-heal|p2a: Toxapex|98/100
|
|upkeep
|turn|3
|j| SL21CCCHINESENGEIL
|
|t:|1641738986
|move|p1a: Clefable|Thunder|p2a: Toxapex
|-supereffective|p2a: Toxapex
|-damage|p2a: Toxapex|39/100
|move|p2a: Toxapex|Knock Off|p1a: Clefable
|-resisted|p1a: Clefable
|-damage|p1a: Clefable|90/100
|-enditem|p1a: Clefable|Life Orb|[from] move: Knock Off|[of] p2a: Toxapex
|
|upkeep
|turn|4
|
|t:|1641738992
|switch|p2a: Melmetal|Melmetal, shiny|100/100
|move|p1a: Clefable|Ice Beam|p2a: Melmetal
|-resisted|p2a: Melmetal
|-damage|p2a: Melmetal|89/100
|
|-heal|p2a: Melmetal|95/100|[from] item: Leftovers
|upkeep
|turn|5
|j| irgendwasmitmeeem
|j| SL21CC tangkeke
|
|t:|1641739000
|switch|p1a: Seismitoad|Seismitoad, M|100/100
|move|p2a: Melmetal|Double Iron Bash|p1a: Seismitoad
|-resisted|p1a: Seismitoad
|-damage|p1a: Seismitoad|78/100
|-resisted|p1a: Seismitoad
|-damage|p1a: Seismitoad|57/100
|-hitcount|p1a: Seismitoad|2
|
|-heal|p1a: Seismitoad|63/100|[from] item: Leftovers
|-heal|p2a: Melmetal|100/100|[from] item: Leftovers
|upkeep
|turn|6
|
|t:|1641739005
|switch|p2a: Tapu Lele|Tapu Lele, shiny|100/100
|-fieldstart|move: Psychic Terrain|[from] ability: Psychic Surge|[of] p2a: Tapu Lele
|move|p1a: Seismitoad|Stealth Rock|p2a: Tapu Lele
|-sidestart|p2: sl21cc enfalleba|move: Stealth Rock
|
|-heal|p1a: Seismitoad|69/100|[from] item: Leftovers
|upkeep
|turn|7
|
|t:|1641739011
|move|p2a: Tapu Lele|Psyshock|p1a: Seismitoad
|-damage|p1a: Seismitoad|4/100
|move|p1a: Seismitoad|Earthquake|p2a: Tapu Lele
|-damage|p2a: Tapu Lele|51/100
|
|-heal|p1a: Seismitoad|10/100|[from] item: Leftovers
|upkeep
|turn|8
|
|t:|1641739014
|switch|p1a: Melmetal|Melmetal|77/100 brn
|move|p2a: Tapu Lele|Moonblast|p1a: Melmetal
|-resisted|p1a: Melmetal
|-damage|p1a: Melmetal|44/100 brn
|-unboost|p1a: Melmetal|spa|1
|
|-damage|p1a: Melmetal|38/100 brn|[from] brn
|upkeep
|turn|9
|
|t:|1641739036
|move|p2a: Tapu Lele|Focus Blast|p1a: Melmetal
|-supereffective|p1a: Melmetal
|-damage|p1a: Melmetal|0 fnt
|faint|p1a: Melmetal
|
|upkeep
|j| Renwu
|
|t:|1641739050
|switch|p1a: Zapdos|Zapdos|100/100
|turn|10
|
|t:|1641739069
|switch|p2a: Melmetal|Melmetal, shiny|100/100
|-damage|p2a: Melmetal|94/100|[from] Stealth Rock
|move|p1a: Zapdos|Thunderbolt|p2a: Melmetal
|-damage|p2a: Melmetal|50/100
|
|-heal|p2a: Melmetal|56/100|[from] item: Leftovers
|-fieldend|move: Psychic Terrain
|upkeep
|turn|11
|
|t:|1641739074
|move|p2a: Melmetal|Protect|p2a: Melmetal
|-singleturn|p2a: Melmetal|Protect
|move|p1a: Zapdos|Thunderbolt|p2a: Melmetal
|-activate|p2a: Melmetal|move: Protect
|
|-heal|p2a: Melmetal|63/100|[from] item: Leftovers
|upkeep
|turn|12
|
|t:|1641739077
|move|p1a: Zapdos|Thunderbolt|p2a: Melmetal
|-damage|p2a: Melmetal|21/100
|move|p2a: Melmetal|Toxic|p1a: Zapdos
|-status|p1a: Zapdos|tox
|
|-heal|p2a: Melmetal|28/100|[from] item: Leftovers
|-damage|p1a: Zapdos|94/100 tox|[from] psn
|upkeep
|turn|13
|
|t:|1641739085
|move|p2a: Melmetal|Protect|p2a: Melmetal
|-singleturn|p2a: Melmetal|Protect
|move|p1a: Zapdos|Thunderbolt|p2a: Melmetal
|-activate|p2a: Melmetal|move: Protect
|
|-heal|p2a: Melmetal|34/100|[from] item: Leftovers
|-damage|p1a: Zapdos|82/100 tox|[from] psn
|upkeep
|turn|14
|
|t:|1641739092
|switch|p2a: Landorus|Landorus-Therian, M, shiny|100/100
|-damage|p2a: Landorus|88/100|[from] Stealth Rock
|-ability|p2a: Landorus|Intimidate|boost
|-unboost|p1a: Zapdos|atk|1
|move|p1a: Zapdos|Thunderbolt|p2a: Landorus
|-immune|p2a: Landorus
|
|-heal|p2a: Landorus|94/100|[from] item: Leftovers
|-damage|p1a: Zapdos|64/100 tox|[from] psn
|upkeep
|turn|15
|
|t:|1641739096
|move|p1a: Zapdos|Hurricane|p2a: Landorus
|-damage|p2a: Landorus|42/100
|move|p2a: Landorus|Stealth Rock|p1a: Zapdos
|-sidestart|p1: 9skythunderouskick|move: Stealth Rock
|
|-heal|p2a: Landorus|48/100|[from] item: Leftovers
|-damage|p1a: Zapdos|40/100 tox|[from] psn
|upkeep
|turn|16
|j| sl21cckhl
|
|t:|1641739103
|move|p1a: Zapdos|Hurricane|p2a: Landorus|[miss]
|-miss|p1a: Zapdos|p2a: Landorus
|move|p2a: Landorus|U-turn|p1a: Zapdos
|-resisted|p1a: Zapdos
|-damage|p1a: Zapdos|28/100 tox
|j| adreamew
|j| jingtianlangtaosha
|
|t:|1641739106
|switch|p2a: Weavile|Weavile, M, shiny|100/100|[from]move: U-turn
|-ability|p2a: Weavile|Pressure
|
|-damage|p1a: Zapdos|0 fnt|[from] psn
|faint|p1a: Zapdos
|upkeep
|
|t:|1641739109
|switch|p1a: Clefable|Clefable, M|90/100
|turn|17
|
|t:|1641739116
|switch|p2a: Tapu Lele|Tapu Lele, shiny|51/100
|-damage|p2a: Tapu Lele|39/100|[from] Stealth Rock
|-fieldstart|move: Psychic Terrain|[from] ability: Psychic Surge|[of] p2a: Tapu Lele
|move|p1a: Clefable|Fire Blast|p2a: Tapu Lele
|-damage|p2a: Tapu Lele|6/100
|-status|p2a: Tapu Lele|brn
|
|-damage|p2a: Tapu Lele|0 fnt|[from] brn
|faint|p2a: Tapu Lele
|upkeep
|j| Suta Pulachina
|
|t:|1641739128
|switch|p2a: Landorus|Landorus-Therian, M, shiny|48/100
|-damage|p2a: Landorus|36/100|[from] Stealth Rock
|-ability|p2a: Landorus|Intimidate|boost
|-unboost|p1a: Clefable|atk|1
|turn|18
|
|t:|1641739130
|move|p1a: Clefable|Ice Beam|p2a: Landorus
|-supereffective|p2a: Landorus
|-damage|p2a: Landorus|0 fnt
|faint|p2a: Landorus
|
|upkeep
|
|t:|1641739133
|switch|p2a: Tornadus|Tornadus-Therian, M, shiny|100/100
|turn|19
|
|t:|1641739135
|move|p2a: Tornadus|Hurricane|p1a: Clefable|[miss]
|-miss|p2a: Tornadus|p1a: Clefable
|move|p1a: Clefable|Thunder|p2a: Tornadus
|-supereffective|p2a: Tornadus
|-damage|p2a: Tornadus|44/100
|-status|p2a: Tornadus|par
|
|upkeep
|turn|20
|
|t:|1641739146
|switch|p2a: Melmetal|Melmetal, shiny|34/100
|-damage|p2a: Melmetal|28/100|[from] Stealth Rock
|move|p1a: Clefable|Thunder|p2a: Melmetal
|-crit|p2a: Melmetal
|-damage|p2a: Melmetal|0 fnt
|faint|p2a: Melmetal
|
|upkeep
|
|t:|1641739148
|switch|p2a: Weavile|Weavile, M, shiny|100/100
|-ability|p2a: Weavile|Pressure
|turn|21
|
|t:|1641739150
|move|p2a: Weavile|Icicle Crash|p1a: Clefable
|-damage|p1a: Clefable|33/100
|move|p1a: Clefable|Fire Blast|p2a: Weavile|[miss]
|-miss|p1a: Clefable|p2a: Weavile
|
|-fieldend|move: Psychic Terrain
|upkeep
|turn|22
|
|t:|1641739152
|move|p2a: Weavile|Icicle Crash|p1a: Clefable
|-damage|p1a: Clefable|0 fnt
|faint|p1a: Clefable
|
|upkeep
|
|t:|1641739154
|switch|p1a: Slowbro|Slowbro-Galar, M|100/100
|-damage|p1a: Slowbro|88/100|[from] Stealth Rock
|turn|23
|
|t:|1641739159
|move|p2a: Weavile|Knock Off|p1a: Slowbro
|-supereffective|p1a: Slowbro
|-damage|p1a: Slowbro|6/100
|-enditem|p1a: Slowbro|Quick Claw|[from] move: Knock Off|[of] p2a: Weavile
|move|p1a: Slowbro|Focus Blast|p2a: Weavile
|-supereffective|p2a: Weavile
|-damage|p2a: Weavile|0 fnt
|faint|p2a: Weavile
|
|upkeep
|
|t:|1641739165
|switch|p2a: Tornadus|Tornadus-Therian, M, shiny|77/100 par
|turn|24
|
|t:|1641739169
|move|p2a: Tornadus|U-turn|p1a: Slowbro
|-damage|p1a: Slowbro|0 fnt
|faint|p1a: Slowbro
|
|t:|1641739170
|switch|p2a: Toxapex|Toxapex, F, shiny|73/100|[from]move: U-turn
|-damage|p2a: Toxapex|61/100|[from] Stealth Rock
|
|upkeep
|
|t:|1641739174
|switch|p1a: Mew|Mew|100/100
|-damage|p1a: Mew|88/100|[from] Stealth Rock
|turn|25
|
|t:|1641739175
|move|p1a: Mew|Dragon Dance|p1a: Mew
|-boost|p1a: Mew|atk|1
|-boost|p1a: Mew|spe|1
|move|p2a: Toxapex|Scald|p1a: Mew
|-damage|p1a: Mew|71/100
|-status|p1a: Mew|brn
|-activate|p1a: Mew|ability: Synchronize
|-status|p2a: Toxapex|brn
|
|-heal|p1a: Mew|78/100 brn|[from] item: Leftovers
|-damage|p1a: Mew|71/100 brn|[from] brn
|-damage|p2a: Toxapex|55/100 brn|[from] brn
|upkeep
|turn|26
|
|t:|1641739178
|move|p1a: Mew|Psychic Fangs|p2a: Toxapex
|-supereffective|p2a: Toxapex
|-damage|p2a: Toxapex|19/100 brn
|move|p2a: Toxapex|Recover|p2a: Toxapex
|-heal|p2a: Toxapex|69/100 brn
|
|-heal|p1a: Mew|78/100 brn|[from] item: Leftovers
|-damage|p1a: Mew|71/100 brn|[from] brn
|-damage|p2a: Toxapex|63/100 brn|[from] brn
|upkeep
|turn|27
|
|t:|1641739182
|move|p1a: Mew|Dragon Dance|p1a: Mew
|-boost|p1a: Mew|atk|1
|-boost|p1a: Mew|spe|1
|move|p2a: Toxapex|Haze|p2a: Toxapex
|-clearallboost
|
|-heal|p1a: Mew|78/100 brn|[from] item: Leftovers
|-damage|p1a: Mew|71/100 brn|[from] brn
|-damage|p2a: Toxapex|57/100 brn|[from] brn
|upkeep
|turn|28
|
|t:|1641739186
|switch|p1a: Seismitoad|Seismitoad, M|10/100
|-damage|p1a: Seismitoad|4/100|[from] Stealth Rock
|move|p2a: Toxapex|Recover|p2a: Toxapex
|-heal|p2a: Toxapex|100/100 brn
|
|-heal|p1a: Seismitoad|10/100|[from] item: Leftovers
|-damage|p2a: Toxapex|95/100 brn|[from] brn
|upkeep
|turn|29
|
|t:|1641739188
|move|p1a: Seismitoad|Earthquake|p2a: Toxapex
|-supereffective|p2a: Toxapex
|-damage|p2a: Toxapex|54/100 brn
|move|p2a: Toxapex|Scald|p1a: Seismitoad
|-heal|p1a: Seismitoad|35/100|[from] ability: Water Absorb|[of] p2a: Toxapex
|
|-heal|p1a: Seismitoad|41/100|[from] item: Leftovers
|-damage|p2a: Toxapex|48/100 brn|[from] brn
|upkeep
|turn|30
|
|t:|1641739197
|switch|p2a: Tornadus|Tornadus-Therian, M, shiny|100/100 par
|move|p1a: Seismitoad|Earthquake|p2a: Tornadus
|-immune|p2a: Tornadus
|
|-heal|p1a: Seismitoad|47/100|[from] item: Leftovers
|upkeep
|turn|31
|
|t:|1641739204
|switch|p1a: Mew|Mew|71/100 brn
|-damage|p1a: Mew|59/100 brn|[from] Stealth Rock
|move|p2a: Tornadus|Hurricane|p1a: Mew|[miss]
|-miss|p2a: Tornadus|p1a: Mew
|
|-heal|p1a: Mew|65/100 brn|[from] item: Leftovers
|-damage|p1a: Mew|59/100 brn|[from] brn
|upkeep
|turn|32
|
|t:|1641739206
|move|p1a: Mew|Dragon Dance|p1a: Mew
|-boost|p1a: Mew|atk|1
|-boost|p1a: Mew|spe|1
|move|p2a: Tornadus|Knock Off|p1a: Mew
|-supereffective|p1a: Mew
|-damage|p1a: Mew|18/100 brn
|-enditem|p1a: Mew|Leftovers|[from] move: Knock Off|[of] p2a: Tornadus
|
|-damage|p1a: Mew|11/100 brn|[from] brn
|upkeep
|turn|33
|
|t:|1641739209
|switch|p2a: Toxapex|Toxapex, F, shiny|82/100 brn
|-damage|p2a: Toxapex|69/100 brn|[from] Stealth Rock
|move|p1a: Mew|Triple Axel|p2a: Toxapex|[miss]
|-miss|p1a: Mew|p2a: Toxapex
|
|-damage|p1a: Mew|5/100 brn|[from] brn
|-damage|p2a: Toxapex|64/100 brn|[from] brn
|upkeep
|turn|34
|
|t:|1641739215
|move|p1a: Mew|Psychic Fangs|p2a: Toxapex
|-supereffective|p2a: Toxapex
|-damage|p2a: Toxapex|31/100 brn
|move|p2a: Toxapex|Recover|p2a: Toxapex
|-heal|p2a: Toxapex|81/100 brn
|
|-damage|p1a: Mew|0 fnt|[from] brn
|faint|p1a: Mew
|-damage|p2a: Toxapex|75/100 brn|[from] brn
|upkeep
|
|t:|1641739217
|switch|p1a: Seismitoad|Seismitoad, M|47/100
|-damage|p1a: Seismitoad|41/100|[from] Stealth Rock
|turn|35
|
|t:|1641739219
|move|p1a: Seismitoad|Scald|p2a: Toxapex
|-resisted|p2a: Toxapex
|-damage|p2a: Toxapex|65/100 brn
|move|p2a: Toxapex|Knock Off|p1a: Seismitoad
|-damage|p1a: Seismitoad|33/100
|-enditem|p1a: Seismitoad|Leftovers|[from] move: Knock Off|[of] p2a: Toxapex
|
|-damage|p2a: Toxapex|59/100 brn|[from] brn
|upkeep
|turn|36
|l| tianyutulongwu
|
|t:|1641739221
|move|p1a: Seismitoad|Earthquake|p2a: Toxapex
|-supereffective|p2a: Toxapex
|-damage|p2a: Toxapex|17/100 brn
|move|p2a: Toxapex|Recover|p2a: Toxapex
|-heal|p2a: Toxapex|67/100 brn
|
|-damage|p2a: Toxapex|61/100 brn|[from] brn
|upkeep
|turn|37
|
|t:|1641739222
|switch|p2a: Tornadus|Tornadus-Therian, M, shiny|100/100 par
|move|p1a: Seismitoad|Earthquake|p2a: Tornadus
|-immune|p2a: Tornadus
|
|upkeep
|turn|38
|
|t:|1641739224
|move|p2a: Tornadus|Hurricane|p1a: Seismitoad|[miss]
|-miss|p2a: Tornadus|p1a: Seismitoad
|move|p1a: Seismitoad|Scald|p2a: Tornadus
|-damage|p2a: Tornadus|77/100 par
|
|upkeep
|turn|39
|
|t:|1641739225
|move|p2a: Tornadus|Hurricane|p1a: Seismitoad|[miss]
|-miss|p2a: Tornadus|p1a: Seismitoad
|move|p1a: Seismitoad|Scald|p2a: Tornadus
|-damage|p2a: Tornadus|53/100 par
|
|upkeep
|turn|40
|l| jingtianlangtaosha
|
|t:|1641739227
|cant|p2a: Tornadus|par
|move|p1a: Seismitoad|Scald|p2a: Tornadus
|-damage|p2a: Tornadus|30/100 par
|
|upkeep
|turn|41
|
|t:|1641739231
|switch|p2a: Toxapex|Toxapex, F, shiny|95/100 brn
|-damage|p2a: Toxapex|82/100 brn|[from] Stealth Rock
|move|p1a: Seismitoad|Earthquake|p2a: Toxapex
|-supereffective|p2a: Toxapex
|-crit|p2a: Toxapex
|-damage|p2a: Toxapex|18/100 brn
|
|-damage|p2a: Toxapex|12/100 brn|[from] brn
|upkeep
|turn|42
|
|t:|1641739235
|move|p1a: Seismitoad|Scald|p2a: Toxapex
|-resisted|p2a: Toxapex
|-damage|p2a: Toxapex|3/100 brn
|move|p2a: Toxapex|Knock Off|p1a: Seismitoad
|-crit|p1a: Seismitoad
|-damage|p1a: Seismitoad|25/100
|
|-damage|p2a: Toxapex|0 fnt|[from] brn
|faint|p2a: Toxapex
|upkeep
|
|t:|1641739237
|switch|p2a: Tornadus|Tornadus-Therian, M, shiny|64/100 par
|turn|43
|
|t:|1641739238
|move|p2a: Tornadus|Hurricane|p1a: Seismitoad|[miss]
|-miss|p2a: Tornadus|p1a: Seismitoad
|move|p1a: Seismitoad|Scald|p2a: Tornadus
|-damage|p2a: Tornadus|43/100 par
|
|upkeep
|turn|44
|
|t:|1641739240
|move|p2a: Tornadus|Hurricane|p1a: Seismitoad
|-damage|p1a: Seismitoad|0 fnt
|faint|p1a: Seismitoad
|
|win|sl21cc enfalleba
|raw|9skythunderouskick's rating: 1304 &rarr; <strong>1285</strong><br />(-19 for losing)
|raw|sl21cc enfalleba's rating: 1242 &rarr; <strong>1260</strong><br />(+18 for winning)
|l| irgendwasmitmeeem
|l| sl21cckhl
|l|☆sl21cc enfalleba
|l|☆9skythunderouskick
|l| Renwu
|l| SL21CC tangkeke
|l| SL21CCCHINESENGEIL
