|raw|<div class="broadcast-blue"><strong>This battle is required to be public due to a player having a name starting with 'sl21cc'.</div>
|j|☆SL21CCxiaomiaomiao
|j|☆SL21CC Eule
|t:|1641729957
|gametype|singles
|player|p1|SL21CCxiaomiaomiao|schoolkidf|1367
|player|p2|SL21CC Eule|lucas|1221
|teamsize|p1|6
|teamsize|p2|6
|gen|8
|tier|[Gen 8] OU
|rated|
|rule|Sleep Clause Mod: Limit one foe put to sleep
|rule|Species Clause: Limit one of each Pokémon
|rule|OHKO Clause: OHKO moves are banned
|rule|Evasion Moves Clause: Evasion moves are banned
|rule|Endless Battle Clause: Forcing endless battles is banned
|rule|HP Percentage Mod: HP is shown in percentages
|rule|Dynamax Clause: You cannot dynamax
|clearpoke
|poke|p1|Heatran, F|
|poke|p1|Mew|
|poke|p1|Tornadus-Therian, M|
|poke|p1|Clefable, F|
|poke|p1|Skarmory, F|
|poke|p1|Gastrodon, M|
|poke|p2|Melmetal|
|poke|p2|Heatran, M|
|poke|p2|Tornadus-Therian, M|
|poke|p2|Slowbro, M|
|poke|p2|Zeraora|
|poke|p2|Landorus-Therian, M|
|teampreview
|j| SL21CC XIAOBAO
|
|t:|1641729983
|start
|switch|p1a: Heatran|Heatran, F|100/100
|switch|p2a: Tornadus|Tornadus-Therian, M|100/100
|turn|1
|j| tianyutulongwu
|inactive|Battle timer is ON: inactive players will automatically lose when time's up. (requested by SL21CC Eule)
|n| ez|sl21ccxiaobao
|l| ez
|j| adreamew
|j| SL21CC tangkeke
|
|t:|1641730007
|move|p2a: Tornadus|Knock Off|p1a: Heatran
|-damage|p1a: Heatran|88/100
|-enditem|p1a: Heatran|Leftovers|[from] move: Knock Off|[of] p2a: Tornadus
|move|p1a: Heatran|Toxic|p2a: Tornadus
|-status|p2a: Tornadus|tox
|
|-damage|p2a: Tornadus|94/100 tox|[from] psn
|upkeep
|turn|2
|j|&starmind
|
|t:|1641730011
|move|p2a: Tornadus|U-turn|p1a: Heatran
|-resisted|p1a: Heatran
|-damage|p1a: Heatran|85/100
|
|t:|1641730012
|switch|p2a: Landorus|Landorus-Therian, M|100/100|[from]move: U-turn
|-ability|p2a: Landorus|Intimidate|boost
|-unboost|p1a: Heatran|atk|1
|move|p1a: Heatran|Stealth Rock|p2a: Landorus
|-sidestart|p2: SL21CC Eule|move: Stealth Rock
|
|upkeep
|turn|3
|j| water GH0ST
|
|t:|1641730025
|switch|p1a: Tornadus|Tornadus-Therian, M|100/100
|move|p2a: Landorus|Earthquake|p1a: Tornadus
|-immune|p1a: Tornadus
|
|upkeep
|turn|4
|j| sl21cckhl
|j| SL21CC Mcdonald's
|
|t:|1641730035
|move|p1a: Tornadus|Knock Off|p2a: Landorus
|-damage|p2a: Landorus|80/100
|-enditem|p2a: Landorus|Leftovers|[from] move: Knock Off|[of] p1a: Tornadus
|move|p2a: Landorus|Toxic|p1a: Tornadus
|-status|p1a: Tornadus|tox
|
|-damage|p1a: Tornadus|94/100 tox|[from] psn
|upkeep
|turn|5
|
|t:|1641730039
|move|p1a: Tornadus|Hurricane|p2a: Landorus
|-damage|p2a: Landorus|35/100
|move|p2a: Landorus|Defog|p1a: Tornadus
|-unboost|p1a: Tornadus|evasion|1
|-sideend|p2: SL21CC Eule|Stealth Rock|[from] move: Defog|[of] p2a: Landorus
|
|-damage|p1a: Tornadus|82/100 tox|[from] psn
|upkeep
|turn|6
|
|t:|1641730047
|switch|p2a: Tornadus|Tornadus-Therian, M|100/100 tox
|move|p1a: Tornadus|Knock Off|p2a: Tornadus
|-damage|p2a: Tornadus|76/100 tox
|-enditem|p2a: Tornadus|Assault Vest|[from] move: Knock Off|[of] p1a: Tornadus
|
|-damage|p1a: Tornadus|64/100 tox|[from] psn
|-damage|p2a: Tornadus|70/100 tox|[from] psn
|upkeep
|turn|7
|
|t:|1641730059
|switch|p1a: Gastrodon|Gastrodon, M|100/100
|move|p2a: Tornadus|U-turn|p1a: Gastrodon
|-damage|p1a: Gastrodon|83/100
|
|t:|1641730071
|switch|p2a: Slowbro|Slowbro, M|100/100|[from]move: U-turn
|
|upkeep
|turn|8
|
|t:|1641730084
|move|p1a: Gastrodon|Substitute|p1a: Gastrodon
|-start|p1a: Gastrodon|Substitute
|-damage|p1a: Gastrodon|58/100
|move|p2a: Slowbro|Ice Beam|p1a: Gastrodon
|-activate|p1a: Gastrodon|move: Substitute|[damage]
|
|upkeep
|turn|9
|
|t:|1641730087
|move|p1a: Gastrodon|Recover|p1a: Gastrodon
|-heal|p1a: Gastrodon|100/100
|move|p2a: Slowbro|Body Press|p1a: Gastrodon
|-crit|p1a: Gastrodon
|-end|p1a: Gastrodon|Substitute
|
|upkeep
|turn|10
|l| tianyutulongwu
|
|t:|1641730096
|move|p1a: Gastrodon|Substitute|p1a: Gastrodon
|-start|p1a: Gastrodon|Substitute
|-damage|p1a: Gastrodon|76/100
|move|p2a: Slowbro|Body Press|p1a: Gastrodon
|-end|p1a: Gastrodon|Substitute
|
|upkeep
|turn|11
|j| 9skythunderouskick
|
|t:|1641730100
|move|p1a: Gastrodon|Scald|p2a: Slowbro
|-resisted|p2a: Slowbro
|-damage|p2a: Slowbro|88/100
|move|p2a: Slowbro|Body Press|p1a: Gastrodon
|-damage|p1a: Gastrodon|44/100
|
|upkeep
|turn|12
|
|t:|1641730105
|move|p1a: Gastrodon|Recover|p1a: Gastrodon
|-heal|p1a: Gastrodon|94/100
|move|p2a: Slowbro|Body Press|p1a: Gastrodon
|-damage|p1a: Gastrodon|66/100
|
|upkeep
|turn|13
|
|t:|1641730113
|move|p1a: Gastrodon|Substitute|p1a: Gastrodon
|-start|p1a: Gastrodon|Substitute
|-damage|p1a: Gastrodon|41/100
|move|p2a: Slowbro|Teleport|p2a: Slowbro
|j| tianyutulongwu
|j|%kitoothe
|
|t:|1641730121
|switch|p2a: Melmetal|Melmetal|100/100|[from]move: Teleport
|
|upkeep
|turn|14
|
|t:|1641730127
|switch|p2a: Slowbro|Slowbro, M|100/100
|move|p1a: Gastrodon|Recover|p1a: Gastrodon
|-heal|p1a: Gastrodon|91/100
|
|upkeep
|turn|15
|
|t:|1641730132
|move|p1a: Gastrodon|Scald|p2a: Slowbro
|-resisted|p2a: Slowbro
|-damage|p2a: Slowbro|86/100
|move|p2a: Slowbro|Body Press|p1a: Gastrodon
|-end|p1a: Gastrodon|Substitute
|
|upkeep
|turn|16
|
|t:|1641730147
|move|p1a: Gastrodon|Scald|p2a: Slowbro
|-resisted|p2a: Slowbro
|-damage|p2a: Slowbro|72/100
|move|p2a: Slowbro|Teleport|p2a: Slowbro
|
|t:|1641730149
|switch|p2a: Melmetal|Melmetal|100/100|[from]move: Teleport
|
|upkeep
|turn|17
|
|t:|1641730158
|switch|p1a: Skarmory|Skarmory, F|100/100
|move|p2a: Melmetal|Toxic|p1a: Skarmory
|-immune|p1a: Skarmory
|
|upkeep
|turn|18
|l| 9skythunderouskick
|
|t:|1641730172
|move|p1a: Skarmory|Body Press|p2a: Melmetal
|-supereffective|p2a: Melmetal
|-damage|p2a: Melmetal|64/100
|move|p2a: Melmetal|Thunder Punch|p1a: Skarmory
|-supereffective|p1a: Skarmory
|-damage|p1a: Skarmory|58/100
|-damage|p2a: Melmetal|47/100|[from] item: Rocky Helmet|[of] p1a: Skarmory
|
|-heal|p2a: Melmetal|53/100|[from] item: Leftovers
|upkeep
|turn|19
|j| 9skythunderouskick
|
|t:|1641730182
|switch|p2a: Slowbro|Slowbro, M|100/100
|move|p1a: Skarmory|Roost|p1a: Skarmory
|-heal|p1a: Skarmory|100/100
|-singleturn|p1a: Skarmory|move: Roost
|
|upkeep
|turn|20
|
|t:|1641730186
|switch|p1a: Gastrodon|Gastrodon, M|91/100
|move|p2a: Slowbro|Ice Beam|p1a: Gastrodon
|-damage|p1a: Gastrodon|77/100
|
|upkeep
|turn|21
|
|t:|1641730190
|move|p1a: Gastrodon|Scald|p2a: Slowbro
|-resisted|p2a: Slowbro
|-damage|p2a: Slowbro|88/100
|move|p2a: Slowbro|Body Press|p1a: Gastrodon
|-damage|p1a: Gastrodon|47/100
|
|upkeep
|turn|22
|
|t:|1641730194
|move|p1a: Gastrodon|Recover|p1a: Gastrodon
|-heal|p1a: Gastrodon|97/100
|move|p2a: Slowbro|Teleport|p2a: Slowbro
|
|t:|1641730195
|switch|p2a: Melmetal|Melmetal|53/100|[from]move: Teleport
|
|-heal|p2a: Melmetal|59/100|[from] item: Leftovers
|upkeep
|turn|23
|
|t:|1641730202
|switch|p2a: Heatran|Heatran, M|100/100
|-item|p2a: Heatran|Air Balloon
|move|p1a: Gastrodon|Scald|p2a: Heatran
|-supereffective|p2a: Heatran
|-damage|p2a: Heatran|47/100
|-enditem|p2a: Heatran|Air Balloon
|
|upkeep
|turn|24
|
|t:|1641730206
|move|p2a: Heatran|Stealth Rock|p1a: Gastrodon
|-sidestart|p1: SL21CCxiaomiaomiao|move: Stealth Rock
|move|p1a: Gastrodon|Scald|p2a: Heatran
|-supereffective|p2a: Heatran
|-damage|p2a: Heatran|0 fnt
|faint|p2a: Heatran
|
|upkeep
|
|t:|1641730209
|switch|p2a: Melmetal|Melmetal|59/100
|turn|25
|j| RaiZen1704
|
|t:|1641730214
|move|p2a: Melmetal|Toxic|p1a: Gastrodon
|-status|p1a: Gastrodon|tox
|move|p1a: Gastrodon|Scald|p2a: Melmetal
|-damage|p2a: Melmetal|36/100
|-status|p2a: Melmetal|brn
|
|-heal|p2a: Melmetal|42/100 brn|[from] item: Leftovers
|-damage|p1a: Gastrodon|91/100 tox|[from] psn
|-damage|p2a: Melmetal|36/100 brn|[from] brn
|upkeep
|turn|26
|
|t:|1641730226
|switch|p1a: Skarmory|Skarmory, F|100/100
|-damage|p1a: Skarmory|88/100|[from] Stealth Rock
|move|p2a: Melmetal|Double Iron Bash|p1a: Skarmory
|-resisted|p1a: Skarmory
|-damage|p1a: Skarmory|83/100
|-damage|p2a: Melmetal|20/100 brn|[from] item: Rocky Helmet|[of] p1a: Skarmory
|-resisted|p1a: Skarmory
|-damage|p1a: Skarmory|77/100
|-damage|p2a: Melmetal|3/100 brn|[from] item: Rocky Helmet|[of] p1a: Skarmory
|-hitcount|p1a: Skarmory|2
|
|-heal|p2a: Melmetal|9/100 brn|[from] item: Leftovers
|-damage|p2a: Melmetal|3/100 brn|[from] brn
|upkeep
|turn|27
|
|t:|1641730231
|move|p1a: Skarmory|Defog|p2a: Melmetal
|-unboost|p2a: Melmetal|evasion|1
|-sideend|p1: SL21CCxiaomiaomiao|Stealth Rock|[from] move: Defog|[of] p1a: Skarmory
|move|p2a: Melmetal|Thunder Punch|p1a: Skarmory
|-supereffective|p1a: Skarmory
|-damage|p1a: Skarmory|55/100
|-damage|p2a: Melmetal|0 fnt|[from] item: Rocky Helmet|[of] p1a: Skarmory
|faint|p2a: Melmetal
|
|upkeep
|
|t:|1641730239
|switch|p2a: Zeraora|Zeraora|100/100
|turn|28
|
|t:|1641730253
|switch|p1a: Clefable|Clefable, F|100/100
|move|p2a: Zeraora|Bulk Up|p2a: Zeraora
|-boost|p2a: Zeraora|atk|1
|-boost|p2a: Zeraora|def|1
|
|upkeep
|turn|29
|
|t:|1641730256
|move|p2a: Zeraora|Plasma Fists|p1a: Clefable
|-damage|p1a: Clefable|65/100
|-fieldactivate|move: Ion Deluge
|-hint|Normal-type moves become Electric-type after using Plasma Fists.
|move|p1a: Clefable|Moonblast|p2a: Zeraora
|-damage|p2a: Zeraora|62/100
|
|upkeep
|turn|30
|
|t:|1641730263
|switch|p2a: Landorus|Landorus-Therian, M|35/100
|-ability|p2a: Landorus|Intimidate|boost
|-unboost|p1a: Clefable|atk|1
|move|p1a: Clefable|Soft-Boiled|p1a: Clefable
|-heal|p1a: Clefable|100/100
|
|upkeep
|turn|31
|
|t:|1641730270
|switch|p1a: Skarmory|Skarmory, F|55/100
|move|p2a: Landorus|Toxic|p1a: Skarmory
|-immune|p1a: Skarmory
|
|upkeep
|turn|32
|
|t:|1641730273
|move|p2a: Landorus|U-turn|p1a: Skarmory
|-resisted|p1a: Skarmory
|-damage|p1a: Skarmory|52/100
|-damage|p2a: Landorus|18/100|[from] item: Rocky Helmet|[of] p1a: Skarmory
|
|t:|1641730275
|switch|p2a: Tornadus|Tornadus-Therian, M|100/100 tox|[from]move: U-turn
|move|p1a: Skarmory|Roost|p1a: Skarmory
|-heal|p1a: Skarmory|100/100
|-singleturn|p1a: Skarmory|move: Roost
|
|-damage|p2a: Tornadus|94/100 tox|[from] psn
|upkeep
|turn|33
|
|t:|1641730278
|switch|p1a: Heatran|Heatran, F|85/100
|move|p2a: Tornadus|Heat Wave|p1a: Heatran
|-damage|p1a: Heatran|65/100
|
|-damage|p2a: Tornadus|82/100 tox|[from] psn
|upkeep
|turn|34
|l| tianyutulongwu
|
|t:|1641730281
|move|p2a: Tornadus|Hurricane|p1a: Heatran
|-resisted|p1a: Heatran
|-damage|p1a: Heatran|48/100
|-start|p1a: Heatran|confusion
|-activate|p1a: Heatran|confusion
|-damage|p1a: Heatran|43/100|[from] confusion
|
|-damage|p2a: Tornadus|64/100 tox|[from] psn
|upkeep
|turn|35
|
|t:|1641730284
|move|p2a: Tornadus|U-turn|p1a: Heatran
|-resisted|p1a: Heatran
|-damage|p1a: Heatran|41/100
|
|t:|1641730287
|switch|p2a: Slowbro|Slowbro, M|100/100|[from]move: U-turn
|-activate|p1a: Heatran|confusion
|move|p1a: Heatran|Stealth Rock|p2a: Slowbro
|-sidestart|p2: SL21CC Eule|move: Stealth Rock
|
|upkeep
|turn|36
|
|t:|1641730294
|switch|p1a: Mew|Mew|100/100
|move|p2a: Slowbro|Body Press|p1a: Mew
|-resisted|p1a: Mew
|-damage|p1a: Mew|89/100
|
|upkeep
|turn|37
|
|t:|1641730301
|move|p1a: Mew|Cosmic Power|p1a: Mew
|-boost|p1a: Mew|def|1
|-boost|p1a: Mew|spd|1
|move|p2a: Slowbro|Ice Beam|p1a: Mew
|-damage|p1a: Mew|77/100
|
|upkeep
|turn|38
|
|t:|1641730304
|move|p1a: Mew|Taunt|p2a: Slowbro
|-start|p2a: Slowbro|move: Taunt
|move|p2a: Slowbro|Ice Beam|p1a: Mew
|-damage|p1a: Mew|66/100
|-status|p1a: Mew|frz
|
|upkeep
|turn|39
|
|t:|1641730307
|switch|p1a: Clefable|Clefable, F|100/100
|switch|p2a: Zeraora|Zeraora|62/100
|
|upkeep
|turn|40
|-message|SL21CC Eule forfeited.
|
|win|SL21CCxiaomiaomiao
|raw|SL21CCxiaomiaomiao's rating: 1367 &rarr; <strong>1379</strong><br />(+12 for winning)
|raw|SL21CC Eule's rating: 1221 &rarr; <strong>1212</strong><br />(-9 for losing)
|l|☆SL21CC Eule
|l| 9skythunderouskick
|l|☆SL21CCxiaomiaomiao
|l| SL21CC Mcdonald's
|l| sl21cckhl
|j| SL21CC Mcdonald's
|l| SL21CC Mcdonald's
|l|&starmind
