|j|☆SL21CC Winona
|j|☆SL21CC 东方不败
|t:|1641818585
|gametype|singles
|player|p1|SL21CC Winona|winona|1297
|player|p2|SL21CC 东方不败|101|1234
|teamsize|p1|6
|teamsize|p2|6
|gen|8
|tier|[Gen 8] OU
|rated|
|rule|Sleep Clause Mod: Limit one foe put to sleep
|rule|Species Clause: Limit one of each Pokémon
|rule|OHKO Clause: OHKO moves are banned
|rule|Evasion Moves Clause: Evasion moves are banned
|rule|Endless Battle Clause: Forcing endless battles is banned
|rule|HP Percentage Mod: HP is shown in percentages
|rule|Dynamax Clause: You cannot dynamax
|clearpoke
|poke|p1|Ninetales-Alola, F|
|poke|p1|Dragapult, M|
|poke|p1|Heatran, M|
|poke|p1|Garchomp, F|
|poke|p1|Cloyster, M|
|poke|p1|Scizor, M|
|poke|p2|Nihilego|
|poke|p2|Tapu Lele|
|poke|p2|Magnezone|
|poke|p2|Weavile, F|
|poke|p2|Slowbro, M|
|poke|p2|Landorus-Therian, M|
|teampreview
|inactive|Battle timer is ON: inactive players will automatically lose when time's up. (requested by SL21CC Winona)
|
|t:|1641818597
|start
|switch|p1a: Ninetales|Ninetales-Alola, F|100/100
|switch|p2a: Nihilego|Nihilego|100/100
|-weather|Hail|[from] ability: Snow Warning|[of] p1a: Ninetales
|turn|1
|
|t:|1641818608
|move|p1a: Ninetales|Aurora Veil|p1a: Ninetales
|-sidestart|p1: SL21CC Winona|move: Aurora Veil
|move|p2a: Nihilego|Power Gem|p1a: Ninetales
|-supereffective|p1a: Ninetales
|-damage|p1a: Ninetales|44/100
|
|-weather|Hail|[upkeep]
|-damage|p2a: Nihilego|94/100|[from] Hail
|upkeep
|turn|2
|
|t:|1641818613
|switch|p1a: Garchomp|Garchomp, F|100/100
|move|p2a: Nihilego|Power Gem|p1a: Garchomp
|-resisted|p1a: Garchomp
|-damage|p1a: Garchomp|84/100
|
|-weather|Hail|[upkeep]
|-damage|p2a: Nihilego|88/100|[from] Hail
|-damage|p1a: Garchomp|78/100|[from] Hail
|-heal|p1a: Garchomp|84/100|[from] item: Leftovers
|upkeep
|turn|3
|
|t:|1641818622
|switch|p2a: Weavile|Weavile, F|100/100
|move|p1a: Garchomp|Swords Dance|p1a: Garchomp
|-boost|p1a: Garchomp|atk|2
|
|-weather|Hail|[upkeep]
|-damage|p1a: Garchomp|78/100|[from] Hail
|-heal|p1a: Garchomp|84/100|[from] item: Leftovers
|upkeep
|turn|4
|j| SL21CCJqlove
|
|t:|1641818632
|switch|p2a: Landorus|Landorus-Therian, M|100/100
|-ability|p2a: Landorus|Intimidate|boost
|-unboost|p1a: Garchomp|atk|1
|switch|p1a: Heatran|Heatran, M|100/100
|-item|p1a: Heatran|Air Balloon
|
|-weather|Hail|[upkeep]
|-damage|p1a: Heatran|94/100|[from] Hail
|-damage|p2a: Landorus|94/100|[from] Hail
|-heal|p2a: Landorus|100/100|[from] item: Leftovers
|upkeep
|turn|5
|
|t:|1641818635
|move|p1a: Heatran|Stealth Rock|p2a: Landorus
|-sidestart|p2: SL21CC 东方不败|move: Stealth Rock
|move|p2a: Landorus|U-turn|p1a: Heatran
|-resisted|p1a: Heatran
|-damage|p1a: Heatran|92/100
|-enditem|p1a: Heatran|Air Balloon
|
|t:|1641818645
|switch|p2a: Slowbro|Slowbro, M|100/100|[from]move: U-turn
|
|-weather|none
|upkeep
|turn|6
|
|t:|1641818653
|move|p1a: Heatran|Magma Storm|p2a: Slowbro
|-resisted|p2a: Slowbro
|-damage|p2a: Slowbro|83/100
|-activate|p2a: Slowbro|move: Magma Storm|[of] p1a: Heatran
|move|p2a: Slowbro|Scald|p1a: Heatran
|-supereffective|p1a: Heatran
|-damage|p1a: Heatran|65/100
|
|-damage|p2a: Slowbro|71/100|[from] move: Magma Storm|[partiallytrapped]
|upkeep
|turn|7
|
|t:|1641818658
|move|p1a: Heatran|Taunt|p2a: Slowbro
|-start|p2a: Slowbro|move: Taunt
|move|p2a: Slowbro|Scald|p1a: Heatran
|-supereffective|p1a: Heatran
|-damage|p1a: Heatran|35/100
|
|-damage|p2a: Slowbro|58/100|[from] move: Magma Storm|[partiallytrapped]
|upkeep
|turn|8
|
|t:|1641818663
|move|p1a: Heatran|Earth Power|p2a: Slowbro
|-damage|p2a: Slowbro|34/100
|move|p2a: Slowbro|Scald|p1a: Heatran
|-supereffective|p1a: Heatran
|-damage|p1a: Heatran|7/100
|
|-damage|p2a: Slowbro|22/100|[from] move: Magma Storm|[partiallytrapped]
|-sideend|p1: SL21CC Winona|move: Aurora Veil
|upkeep
|turn|9
|
|t:|1641818666
|move|p1a: Heatran|Earth Power|p2a: Slowbro
|-damage|p2a: Slowbro|0 fnt
|faint|p2a: Slowbro
|
|upkeep
|
|t:|1641818673
|switch|p2a: Weavile|Weavile, F|100/100
|turn|10
|
|t:|1641818678
|move|p2a: Weavile|Knock Off|p1a: Heatran
|-damage|p1a: Heatran|0 fnt
|-status|p2a: Weavile|brn|[from] ability: Flame Body|[of] p1a: Heatran
|faint|p1a: Heatran
|
|-damage|p2a: Weavile|94/100 brn|[from] brn
|upkeep
|j| rffydsdhh
|l| rffydsdhh
|j| adreamew
|j| SL21CC Leviathan
|
|t:|1641818707
|switch|p1a: Scizor|Scizor, M|100/100
|turn|11
|l| SL21CC Leviathan
|
|t:|1641818719
|switch|p2a: Magnezone|Magnezone|100/100
|-damage|p2a: Magnezone|94/100|[from] Stealth Rock
|move|p1a: Scizor|Swords Dance|p1a: Scizor
|-boost|p1a: Scizor|atk|2
|
|upkeep
|turn|12
|
|t:|1641818726
|move|p2a: Magnezone|Iron Defense|p2a: Magnezone
|-boost|p2a: Magnezone|def|2
|move|p1a: Scizor|Sand Tomb|p2a: Magnezone
|-supereffective|p2a: Magnezone
|-damage|p2a: Magnezone|29/100
|-activate|p2a: Magnezone|move: Sand Tomb|[of] p1a: Scizor
|
|-damage|p2a: Magnezone|17/100|[from] move: Sand Tomb|[partiallytrapped]
|upkeep
|turn|13
|
|t:|1641818732
|move|p1a: Scizor|Bullet Punch|p2a: Magnezone
|-resisted|p2a: Magnezone
|-damage|p2a: Magnezone|8/100
|-damage|p1a: Scizor|84/100|[from] item: Rocky Helmet|[of] p2a: Magnezone
|move|p2a: Magnezone|Discharge|p1a: Scizor
|-damage|p1a: Scizor|39/100
|-status|p1a: Scizor|par
|
|-heal|p1a: Scizor|45/100 par|[from] item: Leftovers
|-damage|p2a: Magnezone|0 fnt|[from] move: Sand Tomb|[partiallytrapped]
|faint|p2a: Magnezone
|upkeep
|
|t:|1641818744
|switch|p2a: Tapu Lele|Tapu Lele|100/100
|-damage|p2a: Tapu Lele|88/100|[from] Stealth Rock
|-fieldstart|move: Psychic Terrain|[from] ability: Psychic Surge|[of] p2a: Tapu Lele
|turn|14
|
|t:|1641818757
|switch|p2a: Landorus|Landorus-Therian, M|100/100
|-damage|p2a: Landorus|88/100|[from] Stealth Rock
|-ability|p2a: Landorus|Intimidate|boost
|-unboost|p1a: Scizor|atk|1
|move|p1a: Scizor|Knock Off|p2a: Landorus
|-damage|p2a: Landorus|39/100
|-enditem|p2a: Landorus|Leftovers|[from] move: Knock Off|[of] p1a: Scizor
|
|-heal|p1a: Scizor|51/100 par|[from] item: Leftovers
|upkeep
|turn|15
|l| SL21CCJqlove
|
|t:|1641818783
|switch|p1a: Ninetales|Ninetales-Alola, F|44/100
|-weather|Hail|[from] ability: Snow Warning|[of] p1a: Ninetales
|move|p2a: Landorus|Stealth Rock|p1a: Ninetales
|-sidestart|p1: SL21CC Winona|move: Stealth Rock
|
|-weather|Hail|[upkeep]
|-damage|p2a: Landorus|33/100|[from] Hail
|upkeep
|turn|16
|
|t:|1641818791
|move|p1a: Ninetales|Aurora Veil|p1a: Ninetales
|-sidestart|p1: SL21CC Winona|move: Aurora Veil
|move|p2a: Landorus|Defog|p1a: Ninetales
|-unboost|p1a: Ninetales|evasion|1
|-sideend|p1: SL21CC Winona|move: Aurora Veil
|-sideend|p1: SL21CC Winona|Stealth Rock|[from] move: Defog|[of] p2a: Landorus
|-sideend|p2: SL21CC 东方不败|Stealth Rock|[from] move: Defog|[of] p2a: Landorus
|-fieldend|move: Psychic Terrain
|
|-weather|Hail|[upkeep]
|-damage|p2a: Landorus|27/100|[from] Hail
|upkeep
|turn|17
|
|t:|1641818798
|switch|p2a: Tapu Lele|Tapu Lele|88/100
|-fieldstart|move: Psychic Terrain|[from] ability: Psychic Surge|[of] p2a: Tapu Lele
|move|p1a: Ninetales|Encore||[still]
|-fail|p1a: Ninetales
|
|-weather|Hail|[upkeep]
|-damage|p2a: Tapu Lele|82/100|[from] Hail
|upkeep
|turn|18
|
|t:|1641818813
|move|p2a: Tapu Lele|Moonblast|p1a: Ninetales
|-damage|p1a: Ninetales|0 fnt
|faint|p1a: Ninetales
|
|-weather|Hail|[upkeep]
|-damage|p2a: Tapu Lele|76/100|[from] Hail
|upkeep
|
|t:|1641818815
|switch|p1a: Scizor|Scizor, M|51/100 par
|turn|19
|
|t:|1641818821
|switch|p2a: Landorus|Landorus-Therian, M|27/100
|-ability|p2a: Landorus|Intimidate|boost
|-unboost|p1a: Scizor|atk|1
|cant|p1a: Scizor|par
|
|-weather|none
|-heal|p1a: Scizor|57/100 par|[from] item: Leftovers
|upkeep
|turn|20
|
|t:|1641818829
|switch|p1a: Garchomp|Garchomp, F|84/100
|move|p2a: Landorus|Stealth Rock|p1a: Garchomp
|-sidestart|p1: SL21CC Winona|move: Stealth Rock
|
|-heal|p1a: Garchomp|90/100|[from] item: Leftovers
|upkeep
|turn|21
|
|t:|1641818839
|move|p1a: Garchomp|Earthquake|p2a: Landorus
|-immune|p2a: Landorus
|move|p2a: Landorus|U-turn|p1a: Garchomp
|-damage|p1a: Garchomp|69/100
|-damage|p2a: Landorus|14/100|[from] ability: Rough Skin|[of] p1a: Garchomp
|
|t:|1641818842
|switch|p2a: Tapu Lele|Tapu Lele|76/100|[from]move: U-turn
|
|-heal|p1a: Garchomp|76/100|[from] item: Leftovers
|-fieldend|move: Psychic Terrain
|upkeep
|turn|22
|
|t:|1641818849
|move|p2a: Tapu Lele|Moonblast|p1a: Garchomp
|-supereffective|p1a: Garchomp
|-damage|p1a: Garchomp|0 fnt
|faint|p1a: Garchomp
|
|upkeep
|
|t:|1641818851
|switch|p1a: Scizor|Scizor, M|57/100 par
|-damage|p1a: Scizor|45/100 par|[from] Stealth Rock
|turn|23
|
|t:|1641818861
|switch|p2a: Weavile|Weavile, F|94/100 brn
|cant|p1a: Scizor|par
|
|-heal|p1a: Scizor|51/100 par|[from] item: Leftovers
|-damage|p2a: Weavile|88/100 brn|[from] brn
|upkeep
|turn|24
|
|t:|1641818864
|move|p1a: Scizor|Bullet Punch|p2a: Weavile
|-supereffective|p2a: Weavile
|-damage|p2a: Weavile|0 fnt
|faint|p2a: Weavile
|
|-heal|p1a: Scizor|57/100 par|[from] item: Leftovers
|upkeep
|
|t:|1641818867
|switch|p2a: Nihilego|Nihilego|88/100
|turn|25
|
|t:|1641818871
|move|p1a: Scizor|Bullet Punch|p2a: Nihilego
|-supereffective|p2a: Nihilego
|-damage|p2a: Nihilego|0 fnt
|faint|p2a: Nihilego
|
|-heal|p1a: Scizor|63/100 par|[from] item: Leftovers
|upkeep
|c|☆SL21CC 东方不败|点错了卧槽
|
|t:|1641818896
|switch|p2a: Tapu Lele|Tapu Lele|76/100
|-fieldstart|move: Psychic Terrain|[from] ability: Psychic Surge|[of] p2a: Tapu Lele
|turn|26
|
|t:|1641818900
|move|p2a: Tapu Lele|Moonblast|p1a: Scizor
|-resisted|p1a: Scizor
|-damage|p1a: Scizor|29/100 par
|move|p1a: Scizor|Knock Off|p2a: Tapu Lele
|-damage|p2a: Tapu Lele|15/100
|-enditem|p2a: Tapu Lele|Choice Scarf|[from] move: Knock Off|[of] p1a: Scizor
|
|-heal|p1a: Scizor|35/100 par|[from] item: Leftovers
|upkeep
|turn|27
|
|t:|1641818907
|move|p2a: Tapu Lele|Moonblast|p1a: Scizor
|-resisted|p1a: Scizor
|-damage|p1a: Scizor|1/100 par
|-unboost|p1a: Scizor|spa|1
|move|p1a: Scizor|Knock Off|p2a: Tapu Lele
|-damage|p2a: Tapu Lele|0 fnt
|faint|p2a: Tapu Lele
|
|-heal|p1a: Scizor|7/100 par|[from] item: Leftovers
|upkeep
|
|t:|1641818910
|switch|p2a: Landorus|Landorus-Therian, M|14/100
|-ability|p2a: Landorus|Intimidate|boost
|-unboost|p1a: Scizor|atk|1
|turn|28
|j| sl21cc vogut
|
|t:|1641818917
|move|p1a: Scizor|Bullet Punch|p2a: Landorus
|-hint|Psychic Terrain doesn't affect Pokémon immune to Ground.
|-damage|p2a: Landorus|0 fnt
|faint|p2a: Landorus
|
|win|SL21CC Winona
|raw|SL21CC Winona's rating: 1297 &rarr; <strong>1310</strong><br />(+13 for winning)
|raw|SL21CC 东方不败's rating: 1234 &rarr; <strong>1221</strong><br />(-13 for losing)
