|raw|<div class="broadcast-blue"><strong>This battle is required to be public due to a player having a name starting with 'sl21cc'.</div>
|j|☆SL21CC Leviathan
|j|☆sl21cc vogut
|t:|1641830012
|gametype|singles
|player|p1|SL21CC Leviathan|guitarist|1305
|player|p2|sl21cc vogut|psychic-gen4|1321
|teamsize|p1|6
|teamsize|p2|6
|gen|8
|tier|[Gen 8] OU
|rated|
|rule|Sleep Clause Mod: Limit one foe put to sleep
|rule|Species Clause: Limit one of each Pokémon
|rule|OHKO Clause: OHKO moves are banned
|rule|Evasion Moves Clause: Evasion moves are banned
|rule|Endless Battle Clause: Forcing endless battles is banned
|rule|HP Percentage Mod: HP is shown in percentages
|rule|Dynamax Clause: You cannot dynamax
|clearpoke
|poke|p1|Tapu Fini|
|poke|p1|Corviknight, M|
|poke|p1|Heatran, F|
|poke|p1|Dragapult, F|
|poke|p1|Garchomp, M|
|poke|p1|Tapu Lele|
|poke|p2|Excadrill, M|
|poke|p2|Kartana|
|poke|p2|Mamoswine, M|
|poke|p2|Moltres-Galar|
|poke|p2|Urshifu-*, M|
|poke|p2|Zapdos|
|teampreview
|inactive|Battle timer is ON: inactive players will automatically lose when time's up. (requested by sl21cc vogut)
|
|t:|1641830035
|start
|switch|p1a: Dragapult|Dragapult, F|100/100
|switch|p2a: Kartana|Kartana|100/100
|turn|1
|j| adreamew
|j|♚aro nova
|
|t:|1641830047
|switch|p1a: Corviknight|Corviknight, M|100/100
|-ability|p1a: Corviknight|Pressure
|move|p2a: Kartana|Knock Off|p1a: Corviknight
|-damage|p1a: Corviknight|75/100
|-enditem|p1a: Corviknight|Leftovers|[from] move: Knock Off|[of] p2a: Kartana
|
|upkeep
|turn|2
|
|t:|1641830053
|switch|p2a: Zapdos|Zapdos|100/100
|move|p1a: Corviknight|U-turn|p2a: Zapdos
|-resisted|p2a: Zapdos
|-damage|p2a: Zapdos|92/100
|j| water GH0ST
|
|t:|1641830074
|switch|p1a: Garchomp|Garchomp, M|100/100|[from]move: U-turn
|
|upkeep
|turn|3
|
|t:|1641830081
|move|p1a: Garchomp|Swords Dance|p1a: Garchomp
|-boost|p1a: Garchomp|atk|2
|move|p2a: Zapdos|Hurricane|p1a: Garchomp
|-damage|p1a: Garchomp|41/100
|
|-heal|p1a: Garchomp|48/100|[from] item: Leftovers
|upkeep
|turn|4
|
|t:|1641830092
|switch|p2a: Kartana|Kartana|100/100
|move|p1a: Garchomp|Scale Shot|p2a: Kartana
|-resisted|p2a: Kartana
|-damage|p2a: Kartana|87/100
|-resisted|p2a: Kartana
|-damage|p2a: Kartana|73/100
|-resisted|p2a: Kartana
|-damage|p2a: Kartana|58/100
|-resisted|p2a: Kartana
|-damage|p2a: Kartana|45/100
|-resisted|p2a: Kartana
|-damage|p2a: Kartana|32/100
|-hitcount|p2a: Kartana|5
|-unboost|p1a: Garchomp|def|1
|-boost|p1a: Garchomp|spe|1
|
|-heal|p1a: Garchomp|54/100|[from] item: Leftovers
|upkeep
|turn|5
|
|t:|1641830100
|switch|p2a: Zapdos|Zapdos|92/100
|switch|p1a: Corviknight|Corviknight, M|75/100
|-ability|p1a: Corviknight|Pressure
|
|upkeep
|turn|6
|
|t:|1641830106
|switch|p1a: Garchomp|Garchomp, M|54/100
|move|p2a: Zapdos|Volt Switch|p1a: Garchomp
|-immune|p1a: Garchomp
|
|-heal|p1a: Garchomp|60/100|[from] item: Leftovers
|upkeep
|turn|7
|
|t:|1641830113
|move|p1a: Garchomp|Swords Dance|p1a: Garchomp
|-boost|p1a: Garchomp|atk|2
|move|p2a: Zapdos|Volt Switch|p1a: Garchomp
|-immune|p1a: Garchomp
|
|-heal|p1a: Garchomp|66/100|[from] item: Leftovers
|upkeep
|turn|8
|
|t:|1641830117
|move|p1a: Garchomp|Scale Shot|p2a: Zapdos
|-damage|p2a: Zapdos|62/100
|-damage|p2a: Zapdos|31/100
|-hitcount|p2a: Zapdos|2
|-unboost|p1a: Garchomp|def|1
|-boost|p1a: Garchomp|spe|1
|move|p2a: Zapdos|Hurricane|p1a: Garchomp
|-damage|p1a: Garchomp|2/100
|-start|p1a: Garchomp|confusion
|
|-heal|p1a: Garchomp|8/100|[from] item: Leftovers
|upkeep
|turn|9
|
|t:|1641830133
|switch|p2a: Kartana|Kartana|32/100
|-activate|p1a: Garchomp|confusion
|-damage|p1a: Garchomp|0 fnt|[from] confusion
|faint|p1a: Garchomp
|
|upkeep
|
|t:|1641830146
|switch|p1a: Corviknight|Corviknight, M|75/100
|-ability|p1a: Corviknight|Pressure
|turn|10
|
|t:|1641830160
|move|p2a: Kartana|Knock Off|p1a: Corviknight
|-damage|p1a: Corviknight|59/100
|move|p1a: Corviknight|U-turn|p2a: Kartana
|-damage|p2a: Kartana|17/100
|
|t:|1641830168
|switch|p1a: Tapu Fini|Tapu Fini|100/100|[from]move: U-turn
|-fieldstart|move: Misty Terrain|[from] ability: Misty Surge|[of] p1a: Tapu Fini
|
|upkeep
|turn|11
|
|t:|1641830178
|switch|p2a: Excadrill|Excadrill, M|100/100
|-ability|p2a: Excadrill|Mold Breaker
|switch|p1a: Corviknight|Corviknight, M|59/100
|-ability|p1a: Corviknight|Pressure
|
|upkeep
|turn|12
|
|t:|1641830185
|switch|p2a: Zapdos|Zapdos|31/100
|move|p1a: Corviknight|U-turn|p2a: Zapdos
|-resisted|p2a: Zapdos
|-damage|p2a: Zapdos|21/100
|
|t:|1641830189
|switch|p1a: Dragapult|Dragapult, F|100/100|[from]move: U-turn
|
|upkeep
|turn|13
|
|t:|1641830194
|switch|p2a: Moltres|Moltres-Galar|100/100
|move|p1a: Dragapult|U-turn|p2a: Moltres
|-damage|p2a: Moltres|81/100
|
|t:|1641830195
|switch|p1a: Tapu Lele|Tapu Lele|100/100|[from]move: U-turn
|-fieldstart|move: Psychic Terrain|[from] ability: Psychic Surge|[of] p1a: Tapu Lele
|
|upkeep
|turn|14
|
|t:|1641830199
|switch|p2a: Excadrill|Excadrill, M|100/100
|-ability|p2a: Excadrill|Mold Breaker
|move|p1a: Tapu Lele|Moonblast|p2a: Excadrill
|-resisted|p2a: Excadrill
|-damage|p2a: Excadrill|54/100
|-unboost|p2a: Excadrill|spa|1
|
|upkeep
|turn|15
|
|t:|1641830213
|switch|p1a: Dragapult|Dragapult, F|100/100
|move|p2a: Excadrill|Iron Head|p1a: Dragapult
|-damage|p1a: Dragapult|40/100
|
|upkeep
|turn|16
|
|t:|1641830222
|move|p1a: Dragapult|Draco Meteor|p2a: Excadrill
|-resisted|p2a: Excadrill
|-damage|p2a: Excadrill|0 fnt
|-unboost|p1a: Dragapult|spa|2
|faint|p2a: Excadrill
|
|upkeep
|
|t:|1641830237
|switch|p2a: Mamoswine|Mamoswine, M|100/100
|turn|17
|
|t:|1641830259
|switch|p1a: Tapu Fini|Tapu Fini|100/100
|-fieldstart|move: Misty Terrain|[from] ability: Misty Surge|[of] p1a: Tapu Fini
|move|p2a: Mamoswine|Stealth Rock|p1a: Tapu Fini
|-sidestart|p1: SL21CC Leviathan|move: Stealth Rock
|
|upkeep
|turn|18
|
|t:|1641830264
|move|p2a: Mamoswine|Earthquake|p1a: Tapu Fini
|-damage|p1a: Tapu Fini|63/100
|move|p1a: Tapu Fini|Nature's Madness|p2a: Mamoswine
|-damage|p2a: Mamoswine|51/100
|
|-heal|p1a: Tapu Fini|69/100|[from] item: Leftovers
|upkeep
|turn|19
|
|t:|1641830268
|move|p2a: Mamoswine|Earthquake|p1a: Tapu Fini
|-damage|p1a: Tapu Fini|35/100
|move|p1a: Tapu Fini|Moonblast|p2a: Mamoswine
|-damage|p2a: Mamoswine|3/100
|-unboost|p2a: Mamoswine|spa|1
|
|-heal|p1a: Tapu Fini|41/100|[from] item: Leftovers
|upkeep
|turn|20
|
|t:|1641830285
|switch|p1a: Tapu Lele|Tapu Lele|100/100
|-damage|p1a: Tapu Lele|88/100|[from] Stealth Rock
|-fieldstart|move: Psychic Terrain|[from] ability: Psychic Surge|[of] p1a: Tapu Lele
|move|p2a: Mamoswine|Earthquake|p1a: Tapu Lele
|-damage|p1a: Tapu Lele|8/100
|
|upkeep
|turn|21
|l| water GH0ST
|
|t:|1641830301
|switch|p2a: Zapdos|Zapdos|21/100
|move|p1a: Tapu Lele|Moonblast|p2a: Zapdos
|-damage|p2a: Zapdos|0 fnt
|faint|p2a: Zapdos
|
|upkeep
|
|t:|1641830304
|switch|p2a: Kartana|Kartana|17/100
|turn|22
|
|t:|1641830321
|move|p2a: Kartana|Sacred Sword|p1a: Tapu Lele
|-resisted|p1a: Tapu Lele
|-crit|p1a: Tapu Lele
|-damage|p1a: Tapu Lele|0 fnt
|faint|p1a: Tapu Lele
|-ability|p2a: Kartana|Beast Boost|boost
|-boost|p2a: Kartana|atk|1
|
|upkeep
|
|t:|1641830324
|switch|p1a: Dragapult|Dragapult, F|40/100
|-damage|p1a: Dragapult|27/100|[from] Stealth Rock
|turn|23
|j| water GH0ST
|
|t:|1641830339
|switch|p1a: Corviknight|Corviknight, M|59/100
|-damage|p1a: Corviknight|47/100|[from] Stealth Rock
|-ability|p1a: Corviknight|Pressure
|move|p2a: Kartana|Sacred Sword|p1a: Corviknight
|-damage|p1a: Corviknight|12/100
|
|upkeep
|turn|24
|
|t:|1641830343
|move|p2a: Kartana|Sacred Sword|p1a: Corviknight
|-damage|p1a: Corviknight|0 fnt
|faint|p1a: Corviknight
|-ability|p2a: Kartana|Beast Boost|boost
|-boost|p2a: Kartana|atk|1
|
|-fieldend|move: Psychic Terrain
|upkeep
|l| water GH0ST
|
|t:|1641830345
|switch|p1a: Dragapult|Dragapult, F|27/100
|-damage|p1a: Dragapult|15/100|[from] Stealth Rock
|turn|25
|j| water GH0ST
|
|t:|1641830355
|move|p2a: Kartana|Sacred Sword|p1a: Dragapult
|-immune|p1a: Dragapult
|move|p1a: Dragapult|Shadow Ball|p2a: Kartana
|-damage|p2a: Kartana|0 fnt
|faint|p2a: Kartana
|
|upkeep
|
|t:|1641830358
|switch|p2a: Mamoswine|Mamoswine, M|3/100
|turn|26
|
|t:|1641830361
|move|p2a: Mamoswine|Ice Shard|p1a: Dragapult
|-supereffective|p1a: Dragapult
|-damage|p1a: Dragapult|0 fnt
|faint|p1a: Dragapult
|
|upkeep
|
|t:|1641830364
|switch|p1a: Tapu Fini|Tapu Fini|41/100
|-damage|p1a: Tapu Fini|28/100|[from] Stealth Rock
|-fieldstart|move: Misty Terrain|[from] ability: Misty Surge|[of] p1a: Tapu Fini
|turn|27
|-message|SL21CC Leviathan forfeited.
|
|win|sl21cc vogut
|raw|SL21CC Leviathan's rating: 1287 &rarr; <strong>1273</strong><br />(-14 for losing)
|raw|sl21cc vogut's rating: 1321 &rarr; <strong>1335</strong><br />(+14 for winning)
|l|☆SL21CC Leviathan
|l|☆sl21cc vogut
|j|☆sl21cc vogut
|player|p2|sl21cc vogut|psychic-gen4
|l|☆sl21cc vogut
|player|p2|
|raw|<div class="broadcast-red"><b>The server is restarting soon.</b><br />Please finish your battles quickly. No new battles can be started until the server resets in a few minutes.</div>
