|raw|<div class="broadcast-blue"><strong>This battle is required to be public due to a player having a name starting with 'sl21cc'.</div>
|j|☆SL21CC 东方不败
|j|☆sl21cc vogut
|t:|1641815784
|gametype|singles
|player|p1|SL21CC 东方不败|101|1277
|player|p2|sl21cc vogut|psychic-gen4|1281
|teamsize|p1|6
|teamsize|p2|6
|gen|8
|tier|[Gen 8] OU
|rated|
|rule|Sleep Clause Mod: Limit one foe put to sleep
|rule|Species Clause: Limit one of each Pokémon
|rule|OHKO Clause: OHKO moves are banned
|rule|Evasion Moves Clause: Evasion moves are banned
|rule|Endless Battle Clause: Forcing endless battles is banned
|rule|HP Percentage Mod: HP is shown in percentages
|rule|Dynamax Clause: You cannot dynamax
|clearpoke
|poke|p1|Aegislash, M|
|poke|p1|Urshifu-*, F|
|poke|p1|Landorus-Therian, M|
|poke|p1|Tapu Lele|
|poke|p1|Toxapex, F|
|poke|p1|Weavile, F|
|poke|p2|Indeedee, M|
|poke|p2|Hawlucha, M|
|poke|p2|Magnezone|
|poke|p2|Kartana|
|poke|p2|Garchomp, M|
|poke|p2|Tapu Fini|
|teampreview
|j|+dragonitenb
|j| WAVE555
|inactive|Battle timer is ON: inactive players will automatically lose when time's up. (requested by sl21cc vogut)
|j| Water gh0st
|
|t:|1641815806
|start
|switch|p1a: Weavile|Weavile, F|100/100
|switch|p2a: Kartana|Kartana|100/100
|-ability|p1a: Weavile|Pressure
|turn|1
|l| WAVE555
|j| Renwu
|j| adreamew
|
|t:|1641815815
|move|p1a: Weavile|Knock Off|p2a: Kartana
|-damage|p2a: Kartana|54/100
|-enditem|p2a: Kartana|Choice Band|[from] move: Knock Off|[of] p1a: Weavile
|move|p2a: Kartana|Leaf Blade|p1a: Weavile
|-damage|p1a: Weavile|2/100
|
|upkeep
|turn|2
|
|t:|1641815829
|switch|p2a: Garchomp|Garchomp, M|100/100
|move|p1a: Weavile|Swords Dance|p1a: Weavile
|-boost|p1a: Weavile|atk|2
|
|upkeep
|turn|3
|
|t:|1641815832
|switch|p2a: Indeedee|Indeedee, M|100/100
|-fieldstart|move: Psychic Terrain|[from] ability: Psychic Surge|[of] p2a: Indeedee
|move|p1a: Weavile|Knock Off|p2a: Indeedee
|-supereffective|p2a: Indeedee
|-damage|p2a: Indeedee|0 fnt
|-enditem|p2a: Indeedee|Choice Specs|[from] move: Knock Off|[of] p1a: Weavile
|faint|p2a: Indeedee
|
|upkeep
|
|t:|1641815837
|switch|p2a: Tapu Fini|Tapu Fini|100/100
|-fieldstart|move: Misty Terrain|[from] ability: Misty Surge|[of] p2a: Tapu Fini
|turn|4
|
|t:|1641815840
|switch|p1a: Aegislash|Aegislash, M|100/100
|move|p2a: Tapu Fini|Moonblast|p1a: Aegislash
|-resisted|p1a: Aegislash
|-damage|p1a: Aegislash|80/100
|-unboost|p1a: Aegislash|spa|1
|
|upkeep
|turn|5
|
|t:|1641815846
|switch|p2a: Magnezone|Magnezone|100/100
|-formechange|p1a: Aegislash|Aegislash-Blade||[from] ability: Stance Change
|move|p1a: Aegislash|Shadow Ball|p2a: Magnezone
|-damage|p2a: Magnezone|35/100
|-unboost|p2a: Magnezone|spd|1
|
|upkeep
|turn|6
|
|t:|1641815849
|move|p2a: Magnezone|Volt Switch|p1a: Aegislash
|-damage|p1a: Aegislash|0 fnt
|faint|p1a: Aegislash
|
|t:|1641815855
|switch|p2a: Tapu Fini|Tapu Fini|100/100|[from]move: Volt Switch
|
|upkeep
|
|t:|1641815860
|switch|p1a: Tapu Lele|Tapu Lele|100/100
|-fieldstart|move: Psychic Terrain|[from] ability: Psychic Surge|[of] p1a: Tapu Lele
|turn|7
|
|t:|1641815874
|move|p2a: Tapu Fini|Moonblast|p1a: Tapu Lele
|-damage|p1a: Tapu Lele|57/100
|move|p1a: Tapu Lele|Psyshock|p2a: Tapu Fini
|-damage|p2a: Tapu Fini|40/100
|
|upkeep
|turn|8
|
|t:|1641815882
|switch|p2a: Magnezone|Magnezone|35/100
|move|p1a: Tapu Lele|Psyshock|p2a: Magnezone
|-resisted|p2a: Magnezone
|-damage|p2a: Magnezone|3/100
|
|upkeep
|turn|9
|-enditem|p2a: Magnezone|Custap Berry|[eat]
|-activate|p2a: Magnezone|item: Custap Berry|[consumed]
|
|t:|1641815888
|move|p2a: Magnezone|Flash Cannon|p1a: Tapu Lele
|-supereffective|p1a: Tapu Lele
|-damage|p1a: Tapu Lele|0 fnt
|faint|p1a: Tapu Lele
|
|upkeep
|
|t:|1641815906
|switch|p1a: Urshifu|Urshifu-Rapid-Strike, F|100/100
|turn|10
|
|t:|1641815914
|move|p1a: Urshifu|U-turn|p2a: Magnezone
|-resisted|p2a: Magnezone
|-damage|p2a: Magnezone|0 fnt
|faint|p2a: Magnezone
|j| rffydsdhh
|l| rffydsdhh
|
|t:|1641815927
|switch|p1a: Weavile|Weavile, F|2/100|[from]move: U-turn
|-ability|p1a: Weavile|Pressure
|
|upkeep
|
|t:|1641815931
|switch|p2a: Hawlucha|Hawlucha, M|100/100
|-enditem|p2a: Hawlucha|Psychic Seed
|-boost|p2a: Hawlucha|spd|1|[from] item: Psychic Seed
|turn|11
|l| Water gh0st
|j| jiokopg_fkok43
|j| Water gh0st
|
|t:|1641815940
|move|p2a: Hawlucha|Acrobatics|p1a: Weavile
|-damage|p1a: Weavile|0 fnt
|faint|p1a: Weavile
|
|-fieldend|move: Psychic Terrain
|upkeep
|j| SL21CC tangkeke
|
|t:|1641815944
|switch|p1a: Toxapex|Toxapex, F|100/100
|turn|12
|
|t:|1641815946
|move|p2a: Hawlucha|Substitute|p2a: Hawlucha
|-start|p2a: Hawlucha|Substitute
|-damage|p2a: Hawlucha|76/100
|move|p1a: Toxapex|Poison Jab|p2a: Hawlucha
|-activate|p2a: Hawlucha|move: Substitute|[damage]
|
|upkeep
|turn|13
|
|t:|1641815950
|move|p2a: Hawlucha|Swords Dance|p2a: Hawlucha
|-boost|p2a: Hawlucha|atk|2
|move|p1a: Toxapex|Poison Jab|p2a: Hawlucha
|-end|p2a: Hawlucha|Substitute
|
|upkeep
|turn|14
|
|t:|1641815952
|move|p2a: Hawlucha|Substitute|p2a: Hawlucha
|-start|p2a: Hawlucha|Substitute
|-damage|p2a: Hawlucha|51/100
|move|p1a: Toxapex|Haze|p1a: Toxapex
|-clearallboost
|
|upkeep
|turn|15
|
|t:|1641815957
|move|p2a: Hawlucha|Swords Dance|p2a: Hawlucha
|-boost|p2a: Hawlucha|atk|2
|move|p1a: Toxapex|Poison Jab|p2a: Hawlucha
|-activate|p2a: Hawlucha|move: Substitute|[damage]
|
|upkeep
|turn|16
|
|t:|1641815958
|move|p2a: Hawlucha|Acrobatics|p1a: Toxapex
|-damage|p1a: Toxapex|35/100
|-enditem|p1a: Toxapex|Eject Button
|j| SL21CC KFC
|c|☆SL21CC 东方不败|草
|
|t:|1641815981
|switch|p1a: Urshifu|Urshifu-Rapid-Strike, F|100/100
|
|upkeep
|turn|17
|c| SL21CC tangkeke|坑自己了哈哈哈
|l| Water gh0st
|-message|SL21CC 东方不败 forfeited.
|
|win|sl21cc vogut
|raw|SL21CC 东方不败's rating: 1277 &rarr; <strong>1261</strong><br />(-16 for losing)
|raw|sl21cc vogut's rating: 1281 &rarr; <strong>1297</strong><br />(+16 for winning)
|j| Water gh0st
|l|☆sl21cc vogut
|l| Water gh0st
|l| SL21CC tangkeke
|l|☆SL21CC 东方不败
|l| SL21CC KFC
|l|+dragonitenb
