|raw|<div class="broadcast-blue"><strong>This battle is required to be public due to a player having a name starting with 'sl21cc'.</div>
|j|☆SL21CC91影先生
|j|☆SL21CC Mcdonald's
|t:|1641732310
|gametype|singles
|player|p1|SL21CC91影先生|acetrainer-gen4dp|1350
|player|p2|SL21CC Mcdonald's|aromalady|1312
|teamsize|p1|6
|teamsize|p2|6
|gen|8
|tier|[Gen 8] OU
|rated|
|rule|Sleep Clause Mod: Limit one foe put to sleep
|rule|Species Clause: Limit one of each Pokémon
|rule|OHKO Clause: OHKO moves are banned
|rule|Evasion Moves Clause: Evasion moves are banned
|rule|Endless Battle Clause: Forcing endless battles is banned
|rule|HP Percentage Mod: HP is shown in percentages
|rule|Dynamax Clause: You cannot dynamax
|clearpoke
|poke|p1|Zapdos-Galar|
|poke|p1|Slowbro, M|
|poke|p1|Ferrothorn, M|
|poke|p1|Tapu Koko|
|poke|p1|Heatran, F|
|poke|p1|Landorus-Therian, M|
|poke|p2|Slowbro-Galar, F|
|poke|p2|Seismitoad, M|
|poke|p2|Mew|
|poke|p2|Melmetal|
|poke|p2|Clefable, F|
|poke|p2|Zapdos|
|teampreview
|c|☆SL21CC91影先生|你你你
|j| sl21cc ryekie
|inactive|Battle timer is ON: inactive players will automatically lose when time's up. (requested by SL21CC91影先生)
|j| water GH0ST
|j|&starmind
|c|☆SL21CC Mcdonald's|.
|
|t:|1641732333
|start
|switch|p1a: Landorus|Landorus-Therian, M|100/100
|switch|p2a: Clefable|Clefable, F|100/100
|-ability|p1a: Landorus|Intimidate|boost
|-unboost|p2a: Clefable|atk|1
|turn|1
|
|t:|1641732340
|move|p1a: Landorus|U-turn|p2a: Clefable
|-resisted|p2a: Clefable
|-damage|p2a: Clefable|87/100
|
|t:|1641732343
|switch|p1a: Heatran|Heatran, F|100/100|[from]move: U-turn
|move|p2a: Clefable|Focus Blast|p1a: Heatran
|-supereffective|p1a: Heatran
|-damage|p1a: Heatran|25/100
|
|-heal|p1a: Heatran|31/100|[from] item: Leftovers
|upkeep
|turn|2
|
|t:|1641732348
|switch|p2a: Seismitoad|Seismitoad, M|100/100
|move|p1a: Heatran|Stealth Rock|p2a: Seismitoad
|-sidestart|p2: SL21CC Mcdonald's|move: Stealth Rock
|
|-heal|p1a: Heatran|37/100|[from] item: Leftovers
|upkeep
|turn|3
|j| SL21CC tangkeke
|
|t:|1641732360
|move|p1a: Heatran|Toxic|p2a: Seismitoad
|-status|p2a: Seismitoad|tox
|move|p2a: Seismitoad|Stealth Rock|p1a: Heatran
|-sidestart|p1: SL21CC91影先生|move: Stealth Rock
|
|-heal|p1a: Heatran|43/100|[from] item: Leftovers
|-damage|p2a: Seismitoad|94/100 tox|[from] psn
|upkeep
|turn|4
|
|t:|1641732367
|switch|p1a: Slowbro|Slowbro, M|100/100
|-damage|p1a: Slowbro|88/100|[from] Stealth Rock
|switch|p2a: Clefable|Clefable, F|87/100
|
|upkeep
|turn|5
|j| pokonghanbingkan
|
|t:|1641732374
|move|p2a: Clefable|Thunder|p1a: Slowbro
|-supereffective|p1a: Slowbro
|-damage|p1a: Slowbro|2/100
|move|p1a: Slowbro|Teleport|p1a: Slowbro
|
|t:|1641732379
|switch|p1a: Heatran|Heatran, F|43/100|[from]move: Teleport
|-damage|p1a: Heatran|30/100|[from] Stealth Rock
|
|-heal|p1a: Heatran|36/100|[from] item: Leftovers
|upkeep
|turn|6
|
|t:|1641732382
|move|p1a: Heatran|Magma Storm|p2a: Clefable
|-damage|p2a: Clefable|31/100
|-activate|p2a: Clefable|move: Magma Storm|[of] p1a: Heatran
|move|p2a: Clefable|Focus Blast|p1a: Heatran
|-supereffective|p1a: Heatran
|-damage|p1a: Heatran|0 fnt
|faint|p1a: Heatran
|
|-end|p2a: Clefable|Magma Storm|[partiallytrapped]|[silent]
|upkeep
|
|t:|1641732393
|switch|p1a: Tapu Koko|Tapu Koko|100/100
|-fieldstart|move: Electric Terrain|[from] ability: Electric Surge|[of] p1a: Tapu Koko
|turn|7
|
|t:|1641732397
|switch|p2a: Melmetal|Melmetal|100/100
|-damage|p2a: Melmetal|94/100|[from] Stealth Rock
|move|p1a: Tapu Koko|Dazzling Gleam|p2a: Melmetal
|-resisted|p2a: Melmetal
|-damage|p2a: Melmetal|78/100
|
|upkeep
|turn|8
|j| SL21CCCHINESENGEIL
|
|t:|1641732402
|move|p1a: Tapu Koko|Volt Switch|p2a: Melmetal
|-damage|p2a: Melmetal|40/100
|
|t:|1641732406
|switch|p1a: Ferrothorn|Ferrothorn, M|100/100|[from]move: Volt Switch
|-damage|p1a: Ferrothorn|94/100|[from] Stealth Rock
|move|p2a: Melmetal|Earthquake|p1a: Ferrothorn
|-damage|p1a: Ferrothorn|68/100
|
|-heal|p1a: Ferrothorn|74/100|[from] item: Leftovers
|upkeep
|turn|9
|
|t:|1641732411
|move|p2a: Melmetal|Superpower|p1a: Ferrothorn
|-supereffective|p1a: Ferrothorn
|-damage|p1a: Ferrothorn|12/100
|-unboost|p2a: Melmetal|atk|1
|-unboost|p2a: Melmetal|def|1
|-damage|p2a: Melmetal|27/100|[from] ability: Iron Barbs|[of] p1a: Ferrothorn
|move|p1a: Ferrothorn|Leech Seed|p2a: Melmetal
|-start|p2a: Melmetal|move: Leech Seed
|
|-heal|p1a: Ferrothorn|19/100|[from] item: Leftovers
|-damage|p2a: Melmetal|15/100|[from] Leech Seed|[of] p1a: Ferrothorn
|-heal|p1a: Ferrothorn|33/100|[silent]
|upkeep
|turn|10
|
|t:|1641732417
|switch|p1a: Landorus|Landorus-Therian, M|100/100
|-damage|p1a: Landorus|88/100|[from] Stealth Rock
|-ability|p1a: Landorus|Intimidate|boost
|-unboost|p2a: Melmetal|atk|1
|move|p2a: Melmetal|Double Iron Bash|p1a: Landorus
|-damage|p1a: Landorus|64/100
|-damage|p1a: Landorus|41/100
|-hitcount|p1a: Landorus|2
|
|-heal|p1a: Landorus|47/100|[from] item: Leftovers
|-damage|p2a: Melmetal|3/100|[from] Leech Seed|[of] p1a: Landorus
|-heal|p1a: Landorus|62/100|[silent]
|upkeep
|turn|11
|
|t:|1641732421
|move|p1a: Landorus|U-turn|p2a: Melmetal
|-resisted|p2a: Melmetal
|-damage|p2a: Melmetal|0 fnt
|faint|p2a: Melmetal
|
|t:|1641732424
|switch|p1a: Tapu Koko|Tapu Koko|100/100|[from]move: U-turn
|
|-fieldend|move: Electric Terrain
|upkeep
|
|t:|1641732432
|switch|p2a: Seismitoad|Seismitoad, M|94/100 tox
|-damage|p2a: Seismitoad|88/100 tox|[from] Stealth Rock
|turn|12
|
|t:|1641732440
|switch|p1a: Zapdos|Zapdos-Galar|100/100
|-damage|p1a: Zapdos|88/100|[from] Stealth Rock
|move|p2a: Seismitoad|Scald|p1a: Zapdos
|-damage|p1a: Zapdos|62/100
|
|-heal|p2a: Seismitoad|94/100 tox|[from] item: Leftovers
|-damage|p2a: Seismitoad|88/100 tox|[from] psn
|upkeep
|turn|13
|
|t:|1641732443
|switch|p2a: Zapdos|Zapdos|100/100
|move|p1a: Zapdos|Brave Bird|p2a: Zapdos
|-resisted|p2a: Zapdos
|-damage|p2a: Zapdos|53/100
|-status|p1a: Zapdos|par|[from] ability: Static|[of] p2a: Zapdos
|-damage|p1a: Zapdos|43/100 par|[from] Recoil
|
|upkeep
|turn|14
|
|t:|1641732449
|move|p2a: Zapdos|Roost|p2a: Zapdos
|-heal|p2a: Zapdos|100/100
|-singleturn|p2a: Zapdos|move: Roost
|move|p1a: Zapdos|Brave Bird|p2a: Zapdos
|-resisted|p2a: Zapdos
|-damage|p2a: Zapdos|56/100
|-damage|p1a: Zapdos|26/100 par|[from] Recoil
|
|upkeep
|turn|15
|
|t:|1641732459
|switch|p1a: Ferrothorn|Ferrothorn, M|33/100
|-damage|p1a: Ferrothorn|27/100|[from] Stealth Rock
|move|p2a: Zapdos|Roost|p2a: Zapdos
|-heal|p2a: Zapdos|100/100
|-singleturn|p2a: Zapdos|move: Roost
|
|-heal|p1a: Ferrothorn|33/100|[from] item: Leftovers
|upkeep
|turn|16
|
|t:|1641732465
|switch|p1a: Tapu Koko|Tapu Koko|100/100
|-fieldstart|move: Electric Terrain|[from] ability: Electric Surge|[of] p1a: Tapu Koko
|move|p2a: Zapdos|Hurricane|p1a: Tapu Koko
|-resisted|p1a: Tapu Koko
|-damage|p1a: Tapu Koko|54/100
|
|upkeep
|turn|17
|
|t:|1641732468
|move|p1a: Tapu Koko|Roost|p1a: Tapu Koko
|-heal|p1a: Tapu Koko|100/100
|-singleturn|p1a: Tapu Koko|move: Roost
|move|p2a: Zapdos|Roost||[still]
|-fail|p2a: Zapdos|heal
|
|upkeep
|turn|18
|j| sl21cckhl
|
|t:|1641732472
|move|p1a: Tapu Koko|Thunderbolt|p2a: Zapdos
|-damage|p2a: Zapdos|54/100
|move|p2a: Zapdos|Roost|p2a: Zapdos
|-heal|p2a: Zapdos|100/100
|-singleturn|p2a: Zapdos|move: Roost
|
|upkeep
|turn|19
|
|t:|1641732475
|switch|p2a: Seismitoad|Seismitoad, M|88/100 tox
|-damage|p2a: Seismitoad|82/100 tox|[from] Stealth Rock
|move|p1a: Tapu Koko|Thunderbolt|p2a: Seismitoad
|-immune|p2a: Seismitoad
|
|-heal|p2a: Seismitoad|88/100 tox|[from] item: Leftovers
|-damage|p2a: Seismitoad|82/100 tox|[from] psn
|upkeep
|turn|20
|j| adreamew
|
|t:|1641732484
|switch|p1a: Slowbro|Slowbro, M|35/100
|-damage|p1a: Slowbro|22/100|[from] Stealth Rock
|move|p2a: Seismitoad|Earthquake|p1a: Slowbro
|-damage|p1a: Slowbro|1/100
|
|-heal|p2a: Seismitoad|88/100 tox|[from] item: Leftovers
|-damage|p2a: Seismitoad|76/100 tox|[from] psn
|-fieldend|move: Electric Terrain
|upkeep
|turn|21
|
|t:|1641732489
|switch|p1a: Ferrothorn|Ferrothorn, M|33/100
|-damage|p1a: Ferrothorn|27/100|[from] Stealth Rock
|move|p2a: Seismitoad|Scald|p1a: Ferrothorn
|-resisted|p1a: Ferrothorn
|-damage|p1a: Ferrothorn|19/100
|
|-heal|p2a: Seismitoad|82/100 tox|[from] item: Leftovers
|-heal|p1a: Ferrothorn|25/100|[from] item: Leftovers
|-damage|p2a: Seismitoad|64/100 tox|[from] psn
|upkeep
|turn|22
|
|t:|1641732493
|move|p2a: Seismitoad|Earthquake|p1a: Ferrothorn
|-damage|p1a: Ferrothorn|4/100
|move|p1a: Ferrothorn|Body Press|p2a: Seismitoad
|-damage|p2a: Seismitoad|36/100 tox
|
|-heal|p2a: Seismitoad|42/100 tox|[from] item: Leftovers
|-heal|p1a: Ferrothorn|10/100|[from] item: Leftovers
|-damage|p2a: Seismitoad|18/100 tox|[from] psn
|upkeep
|turn|23
|
|t:|1641732498
|switch|p2a: Clefable|Clefable, F|31/100
|move|p1a: Ferrothorn|Leech Seed|p2a: Clefable
|-start|p2a: Clefable|move: Leech Seed
|
|-heal|p1a: Ferrothorn|17/100|[from] item: Leftovers
|upkeep
|turn|24
|
|t:|1641732503
|move|p2a: Clefable|Ice Beam|p1a: Ferrothorn
|-damage|p1a: Ferrothorn|0 fnt
|faint|p1a: Ferrothorn
|
|upkeep
|
|t:|1641732505
|switch|p1a: Tapu Koko|Tapu Koko|100/100
|-fieldstart|move: Electric Terrain|[from] ability: Electric Surge|[of] p1a: Tapu Koko
|turn|25
|
|t:|1641732508
|move|p1a: Tapu Koko|Thunderbolt|p2a: Clefable
|-damage|p2a: Clefable|0 fnt
|faint|p2a: Clefable
|
|upkeep
|
|t:|1641732512
|switch|p2a: Slowbro|Slowbro-Galar, F|100/100
|-damage|p2a: Slowbro|88/100|[from] Stealth Rock
|turn|26
|-activate|p2a: Slowbro|ability: Quick Draw
|
|t:|1641732516
|move|p2a: Slowbro|Psychic|p1a: Tapu Koko
|-damage|p1a: Tapu Koko|36/100
|move|p1a: Tapu Koko|Volt Switch|p2a: Slowbro
|-damage|p2a: Slowbro|42/100
|
|t:|1641732524
|switch|p1a: Landorus|Landorus-Therian, M|62/100|[from]move: Volt Switch
|-damage|p1a: Landorus|49/100|[from] Stealth Rock
|-ability|p1a: Landorus|Intimidate|boost
|-unboost|p2a: Slowbro|atk|1
|
|-heal|p1a: Landorus|55/100|[from] item: Leftovers
|upkeep
|turn|27
|
|t:|1641732529
|move|p1a: Landorus|Earthquake|p2a: Slowbro
|-supereffective|p2a: Slowbro
|-damage|p2a: Slowbro|0 fnt
|faint|p2a: Slowbro
|
|-heal|p1a: Landorus|61/100|[from] item: Leftovers
|upkeep
|
|t:|1641732531
|switch|p2a: Mew|Mew|100/100
|-damage|p2a: Mew|88/100|[from] Stealth Rock
|turn|28
|
|t:|1641732534
|move|p2a: Mew|Triple Axel|p1a: Landorus
|-supereffective|p1a: Landorus
|-damage|p1a: Landorus|36/100
|-supereffective|p1a: Landorus
|-damage|p1a: Landorus|0 fnt
|faint|p1a: Landorus
|-hitcount|p1: Landorus|2
|
|upkeep
|
|t:|1641732540
|switch|p1a: Slowbro|Slowbro, M|34/100
|-damage|p1a: Slowbro|22/100|[from] Stealth Rock
|turn|29
|
|t:|1641732543
|switch|p2a: Zapdos|Zapdos|100/100
|switch|p1a: Zapdos|Zapdos-Galar|26/100 par
|-damage|p1a: Zapdos|13/100 par|[from] Stealth Rock
|
|-fieldend|move: Electric Terrain
|upkeep
|turn|30
|
|t:|1641732547
|move|p2a: Zapdos|Thunderbolt|p1a: Zapdos
|-supereffective|p1a: Zapdos
|-damage|p1a: Zapdos|0 fnt
|faint|p1a: Zapdos
|
|upkeep
|
|t:|1641732549
|switch|p1a: Tapu Koko|Tapu Koko|36/100
|-fieldstart|move: Electric Terrain|[from] ability: Electric Surge|[of] p1a: Tapu Koko
|turn|31
|
|t:|1641732551
|move|p1a: Tapu Koko|Roost|p1a: Tapu Koko
|-heal|p1a: Tapu Koko|86/100
|-singleturn|p1a: Tapu Koko|move: Roost
|move|p2a: Zapdos|Thunderbolt|p1a: Tapu Koko
|-resisted|p1a: Tapu Koko
|-damage|p1a: Tapu Koko|49/100
|
|upkeep
|turn|32
|
|t:|1641732554
|move|p1a: Tapu Koko|Roost|p1a: Tapu Koko
|-heal|p1a: Tapu Koko|99/100
|-singleturn|p1a: Tapu Koko|move: Roost
|move|p2a: Zapdos|Roost||[still]
|-fail|p2a: Zapdos|heal
|
|upkeep
|turn|33
|
|t:|1641732556
|move|p1a: Tapu Koko|Thunderbolt|p2a: Zapdos
|-damage|p2a: Zapdos|53/100
|move|p2a: Zapdos|Roost|p2a: Zapdos
|-heal|p2a: Zapdos|100/100
|-singleturn|p2a: Zapdos|move: Roost
|
|upkeep
|turn|34
|l| water GH0ST
|
|t:|1641732558
|move|p1a: Tapu Koko|Thunderbolt|p2a: Zapdos
|-damage|p2a: Zapdos|55/100
|move|p2a: Zapdos|Hurricane|p1a: Tapu Koko
|-resisted|p1a: Tapu Koko
|-damage|p1a: Tapu Koko|53/100
|-start|p1a: Tapu Koko|confusion
|
|upkeep
|turn|35
|j| Suta Pulachina
|j| water GH0ST
|
|t:|1641732563
|-activate|p1a: Tapu Koko|confusion
|move|p1a: Tapu Koko|Roost|p1a: Tapu Koko
|-heal|p1a: Tapu Koko|100/100
|-singleturn|p1a: Tapu Koko|move: Roost
|move|p2a: Zapdos|Roost|p2a: Zapdos
|-heal|p2a: Zapdos|100/100
|-singleturn|p2a: Zapdos|move: Roost
|
|-fieldend|move: Electric Terrain
|upkeep
|turn|36
|
|t:|1641732569
|-activate|p1a: Tapu Koko|confusion
|move|p1a: Tapu Koko|Thunderbolt|p2a: Zapdos
|-damage|p2a: Zapdos|65/100
|move|p2a: Zapdos|Hurricane|p1a: Tapu Koko
|-resisted|p1a: Tapu Koko
|-damage|p1a: Tapu Koko|55/100
|
|upkeep
|turn|37
|
|t:|1641732574
|-activate|p1a: Tapu Koko|confusion
|move|p1a: Tapu Koko|Roost|p1a: Tapu Koko
|-heal|p1a: Tapu Koko|100/100
|-singleturn|p1a: Tapu Koko|move: Roost
|move|p2a: Zapdos|Roost|p2a: Zapdos
|-heal|p2a: Zapdos|100/100
|-singleturn|p2a: Zapdos|move: Roost
|
|upkeep
|turn|38
|
|t:|1641732577
|-end|p1a: Tapu Koko|confusion
|move|p1a: Tapu Koko|Thunderbolt|p2a: Zapdos
|-damage|p2a: Zapdos|62/100
|move|p2a: Zapdos|Hurricane|p1a: Tapu Koko
|-resisted|p1a: Tapu Koko
|-damage|p1a: Tapu Koko|54/100
|
|upkeep
|turn|39
|
|t:|1641732583
|move|p1a: Tapu Koko|Roost|p1a: Tapu Koko
|-heal|p1a: Tapu Koko|100/100
|-singleturn|p1a: Tapu Koko|move: Roost
|move|p2a: Zapdos|Hurricane|p1a: Tapu Koko
|-resisted|p1a: Tapu Koko
|-damage|p1a: Tapu Koko|58/100
|
|upkeep
|turn|40
|
|t:|1641732586
|move|p1a: Tapu Koko|Roost|p1a: Tapu Koko
|-heal|p1a: Tapu Koko|100/100
|-singleturn|p1a: Tapu Koko|move: Roost
|move|p2a: Zapdos|Roost|p2a: Zapdos
|-heal|p2a: Zapdos|100/100
|-singleturn|p2a: Zapdos|move: Roost
|
|upkeep
|turn|41
|
|t:|1641732588
|move|p1a: Tapu Koko|Dazzling Gleam|p2a: Zapdos
|-damage|p2a: Zapdos|69/100
|move|p2a: Zapdos|Hurricane|p1a: Tapu Koko
|-resisted|p1a: Tapu Koko
|-damage|p1a: Tapu Koko|59/100
|-start|p1a: Tapu Koko|confusion
|
|upkeep
|turn|42
|
|t:|1641732591
|-activate|p1a: Tapu Koko|confusion
|move|p1a: Tapu Koko|Roost|p1a: Tapu Koko
|-heal|p1a: Tapu Koko|100/100
|-singleturn|p1a: Tapu Koko|move: Roost
|move|p2a: Zapdos|Hurricane|p1a: Tapu Koko
|-resisted|p1a: Tapu Koko
|-damage|p1a: Tapu Koko|53/100
|
|upkeep
|turn|43
|
|t:|1641732594
|-activate|p1a: Tapu Koko|confusion
|move|p1a: Tapu Koko|Roost|p1a: Tapu Koko
|-heal|p1a: Tapu Koko|100/100
|-singleturn|p1a: Tapu Koko|move: Roost
|move|p2a: Zapdos|Hurricane|p1a: Tapu Koko
|-resisted|p1a: Tapu Koko
|-crit|p1a: Tapu Koko
|-damage|p1a: Tapu Koko|32/100
|
|upkeep
|turn|44
|
|t:|1641732598
|-end|p1a: Tapu Koko|confusion
|move|p1a: Tapu Koko|Roost|p1a: Tapu Koko
|-heal|p1a: Tapu Koko|82/100
|-singleturn|p1a: Tapu Koko|move: Roost
|move|p2a: Zapdos|Hurricane|p1a: Tapu Koko
|-resisted|p1a: Tapu Koko
|-damage|p1a: Tapu Koko|33/100
|
|upkeep
|turn|45
|
|t:|1641732601
|move|p1a: Tapu Koko|Roost|p1a: Tapu Koko
|-heal|p1a: Tapu Koko|83/100
|-singleturn|p1a: Tapu Koko|move: Roost
|move|p2a: Zapdos|Hurricane|p1a: Tapu Koko
|-resisted|p1a: Tapu Koko
|-damage|p1a: Tapu Koko|36/100
|
|upkeep
|turn|46
|
|t:|1641732603
|move|p1a: Tapu Koko|Roost|p1a: Tapu Koko
|-heal|p1a: Tapu Koko|86/100
|-singleturn|p1a: Tapu Koko|move: Roost
|move|p2a: Zapdos|Hurricane|p1a: Tapu Koko|[miss]
|-miss|p2a: Zapdos|p1a: Tapu Koko
|
|upkeep
|turn|47
|j| SL21CC Leviathan
|
|t:|1641732609
|move|p1a: Tapu Koko|Thunderbolt|p2a: Zapdos
|-damage|p2a: Zapdos|34/100
|move|p2a: Zapdos|Roost|p2a: Zapdos
|-heal|p2a: Zapdos|84/100
|-singleturn|p2a: Zapdos|move: Roost
|
|upkeep
|turn|48
|j| tianyutulongwu
|
|t:|1641732613
|move|p1a: Tapu Koko|Thunderbolt|p2a: Zapdos
|-damage|p2a: Zapdos|48/100
|move|p2a: Zapdos|Thunderbolt|p1a: Tapu Koko
|-resisted|p1a: Tapu Koko
|-damage|p1a: Tapu Koko|50/100
|
|upkeep
|turn|49
|
|t:|1641732619
|move|p1a: Tapu Koko|Thunderbolt|p2a: Zapdos
|-damage|p2a: Zapdos|14/100
|move|p2a: Zapdos|Roost|p2a: Zapdos
|-heal|p2a: Zapdos|64/100
|-singleturn|p2a: Zapdos|move: Roost
|
|upkeep
|turn|50
|
|t:|1641732622
|move|p1a: Tapu Koko|Roost|p1a: Tapu Koko
|-heal|p1a: Tapu Koko|99/100
|-singleturn|p1a: Tapu Koko|move: Roost
|move|p2a: Zapdos|Roost|p2a: Zapdos
|-heal|p2a: Zapdos|100/100
|-singleturn|p2a: Zapdos|move: Roost
|
|upkeep
|turn|51
|l| SL21CC Leviathan
|
|t:|1641732627
|move|p1a: Tapu Koko|Thunderbolt|p2a: Zapdos
|-damage|p2a: Zapdos|60/100
|move|p2a: Zapdos|Hurricane|p1a: Tapu Koko|[miss]
|-miss|p2a: Zapdos|p1a: Tapu Koko
|
|upkeep
|turn|52
|
|t:|1641732631
|move|p1a: Tapu Koko|Thunderbolt|p2a: Zapdos
|-damage|p2a: Zapdos|25/100
|move|p2a: Zapdos|Roost|p2a: Zapdos
|-heal|p2a: Zapdos|75/100
|-singleturn|p2a: Zapdos|move: Roost
|
|upkeep
|turn|53
|
|t:|1641732635
|move|p1a: Tapu Koko|Thunderbolt|p2a: Zapdos
|-damage|p2a: Zapdos|40/100
|move|p2a: Zapdos|Hurricane|p1a: Tapu Koko
|-resisted|p1a: Tapu Koko
|-damage|p1a: Tapu Koko|54/100
|
|upkeep
|turn|54
|
|t:|1641732646
|switch|p2a: Seismitoad|Seismitoad, M|18/100 tox
|-damage|p2a: Seismitoad|12/100 tox|[from] Stealth Rock
|move|p1a: Tapu Koko|Thunderbolt|p2a: Seismitoad
|-immune|p2a: Seismitoad
|
|-heal|p2a: Seismitoad|18/100 tox|[from] item: Leftovers
|-damage|p2a: Seismitoad|12/100 tox|[from] psn
|upkeep
|turn|55
|
|t:|1641732650
|move|p1a: Tapu Koko|Dazzling Gleam|p2a: Seismitoad
|-damage|p2a: Seismitoad|0 fnt
|faint|p2a: Seismitoad
|
|upkeep
|
|t:|1641732651
|switch|p2a: Mew|Mew|88/100
|-damage|p2a: Mew|76/100|[from] Stealth Rock
|turn|56
|
|t:|1641732661
|switch|p2a: Zapdos|Zapdos|40/100
|move|p1a: Tapu Koko|Volt Switch|p2a: Zapdos
|-damage|p2a: Zapdos|9/100
|j| SL21CC Winona
|
|t:|1641732665
|switch|p1a: Slowbro|Slowbro, M|55/100|[from]move: Volt Switch
|-damage|p1a: Slowbro|43/100|[from] Stealth Rock
|
|upkeep
|turn|57
|
|t:|1641732668
|switch|p1a: Tapu Koko|Tapu Koko|54/100
|-fieldstart|move: Electric Terrain|[from] ability: Electric Surge|[of] p1a: Tapu Koko
|move|p2a: Zapdos|Roost|p2a: Zapdos
|-heal|p2a: Zapdos|60/100
|-singleturn|p2a: Zapdos|move: Roost
|
|upkeep
|turn|58
|
|t:|1641732672
|move|p1a: Tapu Koko|Thunderbolt|p2a: Zapdos
|-damage|p2a: Zapdos|12/100
|move|p2a: Zapdos|Roost|p2a: Zapdos
|-heal|p2a: Zapdos|62/100
|-singleturn|p2a: Zapdos|move: Roost
|
|upkeep
|turn|59
|
|t:|1641732674
|move|p1a: Tapu Koko|Thunderbolt|p2a: Zapdos
|-damage|p2a: Zapdos|16/100
|move|p2a: Zapdos|Hurricane|p1a: Tapu Koko
|-resisted|p1a: Tapu Koko
|-damage|p1a: Tapu Koko|9/100
|
|upkeep
|turn|60
|
|t:|1641732677
|move|p1a: Tapu Koko|Thunderbolt|p2a: Zapdos
|-damage|p2a: Zapdos|0 fnt
|faint|p2a: Zapdos
|
|upkeep
|
|t:|1641732679
|switch|p2a: Mew|Mew|76/100
|-damage|p2a: Mew|64/100|[from] Stealth Rock
|turn|61
|
|t:|1641732681
|move|p1a: Tapu Koko|Volt Switch|p2a: Mew
|-damage|p2a: Mew|27/100
|
|t:|1641732683
|switch|p1a: Slowbro|Slowbro, M|76/100|[from]move: Volt Switch
|-damage|p1a: Slowbro|63/100|[from] Stealth Rock
|move|p2a: Mew|Psychic Fangs|p1a: Slowbro
|-resisted|p1a: Slowbro
|-damage|p1a: Slowbro|53/100
|
|-fieldend|move: Electric Terrain
|upkeep
|turn|62
|
|t:|1641732686
|move|p2a: Mew|Psychic Fangs|p1a: Slowbro
|-resisted|p1a: Slowbro
|-crit|p1a: Slowbro
|-damage|p1a: Slowbro|36/100
|move|p1a: Slowbro|Slack Off|p1a: Slowbro
|-heal|p1a: Slowbro|86/100
|
|upkeep
|turn|63
|-message|SL21CC Mcdonald's forfeited.
|
|win|SL21CC91影先生
|raw|SL21CC91影先生's rating: 1350 &rarr; <strong>1364</strong><br />(+14 for winning)
|raw|SL21CC Mcdonald&apos;s's rating: 1312 &rarr; <strong>1298</strong><br />(-14 for losing)
|l| water GH0ST
|l|☆SL21CC91影先生
|j| SL21CC Pichiu
|l| Suta Pulachina
|j| Suta Pulachina
|l|☆SL21CC Mcdonald's
|l| SL21CC Pichiu
