|raw|<div class="broadcast-blue"><strong>This battle is required to be public due to a player having a name starting with 'sl21cc'.</div>
|j|☆9skythunderouskick
|j|☆SL21CCCHINESENGEIL
|t:|1641737612
|gametype|singles
|player|p1|9skythunderouskick|101|1287
|player|p2|SL21CCCHINESENGEIL|265|1357
|teamsize|p1|6
|teamsize|p2|6
|gen|8
|tier|[Gen 8] OU
|rated|
|rule|Sleep Clause Mod: Limit one foe put to sleep
|rule|Species Clause: Limit one of each Pokémon
|rule|OHKO Clause: OHKO moves are banned
|rule|Evasion Moves Clause: Evasion moves are banned
|rule|Endless Battle Clause: Forcing endless battles is banned
|rule|HP Percentage Mod: HP is shown in percentages
|rule|Dynamax Clause: You cannot dynamax
|clearpoke
|poke|p1|Slowbro-Galar, F|
|poke|p1|Seismitoad, F|
|poke|p1|Mew|
|poke|p1|Melmetal|
|poke|p1|Clefable, F|
|poke|p1|Zapdos|
|poke|p2|Buzzwole|
|poke|p2|Weavile, F|
|poke|p2|Heatran, M|
|poke|p2|Landorus-Therian, M|
|poke|p2|Slowbro, F|
|poke|p2|Ferrothorn, M|
|teampreview
|inactive|Battle timer is ON: inactive players will automatically lose when time's up. (requested by SL21CCCHINESENGEIL)
|j| water GH0ST
|j| SL21CC XIAOBAO
|j| Suta Pulachina
|j| irgendwasmitmeeem
|j| SL21CC姐ISthequeen
|j| pokonghanbingkan
|
|t:|1641737640
|start
|switch|p1a: Clefable|Clefable, F|100/100
|switch|p2a: Heatran|Heatran, M|100/100
|turn|1
|
|t:|1641737647
|move|p1a: Clefable|Focus Blast|p2a: Heatran
|-supereffective|p2a: Heatran
|-damage|p2a: Heatran|49/100
|-unboost|p2a: Heatran|spd|1
|move|p2a: Heatran|Stealth Rock|p1a: Clefable
|-sidestart|p1: 9skythunderouskick|move: Stealth Rock
|
|-heal|p2a: Heatran|55/100|[from] item: Leftovers
|upkeep
|turn|2
|j|♚aro nova
|
|t:|1641737657
|switch|p2a: Landorus|Landorus-Therian, M|100/100
|-ability|p2a: Landorus|Intimidate|boost
|-unboost|p1a: Clefable|atk|1
|move|p1a: Clefable|Focus Blast|p2a: Landorus
|-resisted|p2a: Landorus
|-damage|p2a: Landorus|85/100
|
|-heal|p2a: Landorus|91/100|[from] item: Leftovers
|upkeep
|turn|3
|
|t:|1641737661
|switch|p2a: Heatran|Heatran, M|55/100
|move|p1a: Clefable|Ice Beam|p2a: Heatran
|-resisted|p2a: Heatran
|-crit|p2a: Heatran
|-damage|p2a: Heatran|48/100
|
|-heal|p2a: Heatran|54/100|[from] item: Leftovers
|upkeep
|turn|4
|
|t:|1641737665
|move|p1a: Clefable|Focus Blast|p2a: Heatran
|-supereffective|p2a: Heatran
|-damage|p2a: Heatran|0 fnt
|faint|p2a: Heatran
|
|upkeep
|
|t:|1641737674
|switch|p2a: Slowbro|Slowbro, F|100/100
|turn|5
|
|t:|1641737676
|move|p1a: Clefable|Thunder|p2a: Slowbro
|-supereffective|p2a: Slowbro
|-damage|p2a: Slowbro|40/100
|move|p2a: Slowbro|Future Sight|p1a: Clefable
|-start|p2a: Slowbro|move: Future Sight
|
|upkeep
|turn|6
|
|t:|1641737684
|move|p1a: Clefable|Ice Beam|p2a: Slowbro
|-resisted|p2a: Slowbro
|-damage|p2a: Slowbro|27/100
|move|p2a: Slowbro|Slack Off|p2a: Slowbro
|-heal|p2a: Slowbro|77/100
|
|upkeep
|turn|7
|j| wandebucuo玩得不错
|l| wandebucuo玩得不错
|inactive|SL21CCCHINESENGEIL has 120 seconds left.
|l| pokonghanbingkan
|
|t:|1641737715
|move|p1a: Clefable|Thunder|p2a: Slowbro
|-supereffective|p2a: Slowbro
|-damage|p2a: Slowbro|11/100
|move|p2a: Slowbro|Slack Off|p2a: Slowbro
|-heal|p2a: Slowbro|61/100
|
|-end|p1a: Clefable|move: Future Sight
|-damage|p1a: Clefable|55/100
|upkeep
|turn|8
|j| SL21CCJqlove
|l| SL21CCJqlove
|
|t:|1641737724
|switch|p2a: Landorus|Landorus-Therian, M|91/100
|-ability|p2a: Landorus|Intimidate|boost
|-unboost|p1a: Clefable|atk|1
|move|p1a: Clefable|Thunder|p2a: Landorus
|-immune|p2a: Landorus
|
|-heal|p2a: Landorus|97/100|[from] item: Leftovers
|upkeep
|turn|9
|
|t:|1641737726
|switch|p2a: Slowbro|Slowbro, F|94/100
|move|p1a: Clefable|Ice Beam|p2a: Slowbro
|-resisted|p2a: Slowbro
|-damage|p2a: Slowbro|81/100
|
|upkeep
|turn|10
|j| SL21CCxiaomiaomiao
|
|t:|1641737733
|move|p1a: Clefable|Thunder|p2a: Slowbro
|-supereffective|p2a: Slowbro
|-damage|p2a: Slowbro|23/100
|-status|p2a: Slowbro|par
|cant|p2a: Slowbro|par
|
|upkeep
|turn|11
|j| sl21cckhl
|
|t:|1641737737
|switch|p2a: Ferrothorn|Ferrothorn, M|100/100
|move|p1a: Clefable|Thunder|p2a: Ferrothorn
|-resisted|p2a: Ferrothorn
|-damage|p2a: Ferrothorn|88/100
|
|-heal|p2a: Ferrothorn|94/100|[from] item: Leftovers
|upkeep
|turn|12
|
|t:|1641737740
|switch|p2a: Slowbro|Slowbro, F|57/100 par
|move|p1a: Clefable|Fire Blast|p2a: Slowbro|[miss]
|-miss|p1a: Clefable|p2a: Slowbro
|
|upkeep
|turn|13
|
|t:|1641737746
|switch|p2a: Landorus|Landorus-Therian, M|97/100
|-ability|p2a: Landorus|Intimidate|boost
|-unboost|p1a: Clefable|atk|1
|move|p1a: Clefable|Thunder|p2a: Landorus
|-immune|p2a: Landorus
|
|-heal|p2a: Landorus|100/100|[from] item: Leftovers
|upkeep
|turn|14
|
|t:|1641737750
|switch|p2a: Slowbro|Slowbro, F|90/100 par
|move|p1a: Clefable|Ice Beam|p2a: Slowbro
|-resisted|p2a: Slowbro
|-damage|p2a: Slowbro|76/100 par
|
|upkeep
|turn|15
|
|t:|1641737755
|move|p1a: Clefable|Thunder|p2a: Slowbro
|-supereffective|p2a: Slowbro
|-damage|p2a: Slowbro|19/100 par
|move|p2a: Slowbro|Teleport|p2a: Slowbro
|
|t:|1641737760
|switch|p2a: Weavile|Weavile, F|100/100|[from]move: Teleport
|-ability|p2a: Weavile|Pressure
|
|upkeep
|turn|16
|
|t:|1641737767
|switch|p1a: Melmetal|Melmetal|100/100
|-damage|p1a: Melmetal|94/100|[from] Stealth Rock
|move|p2a: Weavile|Triple Axel|p1a: Melmetal
|-resisted|p1a: Melmetal
|-damage|p1a: Melmetal|92/100
|-resisted|p1a: Melmetal
|-damage|p1a: Melmetal|86/100
|-resisted|p1a: Melmetal
|-damage|p1a: Melmetal|78/100
|-hitcount|p1a: Melmetal|3
|
|upkeep
|turn|17
|
|t:|1641737776
|switch|p2a: Landorus|Landorus-Therian, M|100/100
|-ability|p2a: Landorus|Intimidate|boost
|-unboost|p1a: Melmetal|atk|1
|move|p1a: Melmetal|Superpower|p2a: Landorus
|-resisted|p2a: Landorus
|-damage|p2a: Landorus|84/100
|-unboost|p1a: Melmetal|atk|1
|-unboost|p1a: Melmetal|def|1
|
|-heal|p2a: Landorus|90/100|[from] item: Leftovers
|upkeep
|turn|18
|
|t:|1641737789
|switch|p1a: Zapdos|Zapdos|100/100
|move|p2a: Landorus|Toxic|p1a: Zapdos
|-status|p1a: Zapdos|tox
|
|-heal|p2a: Landorus|96/100|[from] item: Leftovers
|-damage|p1a: Zapdos|94/100 tox|[from] psn
|upkeep
|turn|19
|
|t:|1641737805
|move|p1a: Zapdos|Defog|p2a: Landorus
|-unboost|p2a: Landorus|evasion|1
|-sideend|p1: 9skythunderouskick|Stealth Rock|[from] move: Defog|[of] p1a: Zapdos
|move|p2a: Landorus|U-turn|p1a: Zapdos
|-resisted|p1a: Zapdos
|-damage|p1a: Zapdos|83/100 tox
|
|t:|1641737809
|switch|p2a: Slowbro|Slowbro, F|52/100 par|[from]move: U-turn
|
|-damage|p1a: Zapdos|71/100 tox|[from] psn
|upkeep
|turn|20
|
|t:|1641737815
|switch|p2a: Ferrothorn|Ferrothorn, M|94/100
|move|p1a: Zapdos|Hurricane|p2a: Ferrothorn
|-damage|p2a: Ferrothorn|56/100
|
|-heal|p2a: Ferrothorn|63/100|[from] item: Leftovers
|-damage|p1a: Zapdos|53/100 tox|[from] psn
|upkeep
|turn|21
|
|t:|1641737820
|switch|p1a: Clefable|Clefable, F|55/100
|move|p2a: Ferrothorn|Spikes|p1a: Clefable
|-sidestart|p1: 9skythunderouskick|Spikes
|
|-heal|p2a: Ferrothorn|69/100|[from] item: Leftovers
|upkeep
|turn|22
|
|t:|1641737825
|switch|p2a: Slowbro|Slowbro, F|85/100 par
|move|p1a: Clefable|Thunder|p2a: Slowbro|[miss]
|-miss|p1a: Clefable|p2a: Slowbro
|
|upkeep
|turn|23
|
|t:|1641737828
|move|p1a: Clefable|Thunder|p2a: Slowbro
|-supereffective|p2a: Slowbro
|-damage|p2a: Slowbro|20/100 par
|cant|p2a: Slowbro|par
|
|upkeep
|turn|24
|
|t:|1641737833
|switch|p2a: Weavile|Weavile, F|100/100
|-ability|p2a: Weavile|Pressure
|move|p1a: Clefable|Ice Beam|p2a: Weavile
|-resisted|p2a: Weavile
|-damage|p2a: Weavile|79/100
|
|upkeep
|turn|25
|j| adreamew
|
|t:|1641737839
|switch|p1a: Melmetal|Melmetal|78/100
|-damage|p1a: Melmetal|65/100|[from] Spikes
|move|p2a: Weavile|Triple Axel|p1a: Melmetal
|-resisted|p1a: Melmetal
|-damage|p1a: Melmetal|63/100
|-resisted|p1a: Melmetal
|-damage|p1a: Melmetal|57/100
|-resisted|p1a: Melmetal
|-damage|p1a: Melmetal|49/100
|-hitcount|p1a: Melmetal|3
|
|upkeep
|turn|26
|l| SL21CC XIAOBAO
|l|♚aro nova
|
|t:|1641737844
|switch|p2a: Landorus|Landorus-Therian, M|96/100
|-ability|p2a: Landorus|Intimidate|boost
|-unboost|p1a: Melmetal|atk|1
|move|p1a: Melmetal|Double Iron Bash|p2a: Landorus
|-damage|p2a: Landorus|67/100
|-damage|p2a: Landorus|40/100
|-hitcount|p2a: Landorus|2
|
|-heal|p2a: Landorus|46/100|[from] item: Leftovers
|upkeep
|turn|27
|
|t:|1641737849
|move|p2a: Landorus|Earthquake|p1a: Melmetal
|-supereffective|p1a: Melmetal
|-damage|p1a: Melmetal|0 fnt
|faint|p1a: Melmetal
|
|-heal|p2a: Landorus|52/100|[from] item: Leftovers
|upkeep
|j| tianyutulongwu
|
|t:|1641737855
|switch|p1a: Mew|Mew|100/100
|-damage|p1a: Mew|88/100|[from] Spikes
|turn|28
|
|t:|1641737865
|switch|p2a: Weavile|Weavile, F|79/100
|-ability|p2a: Weavile|Pressure
|move|p1a: Mew|Dragon Dance|p1a: Mew
|-boost|p1a: Mew|atk|1
|-boost|p1a: Mew|spe|1
|
|-heal|p1a: Mew|94/100|[from] item: Leftovers
|upkeep
|turn|29
|
|t:|1641737870
|switch|p2a: Slowbro|Slowbro, F|53/100 par
|move|p1a: Mew|Close Combat|p2a: Slowbro
|-resisted|p2a: Slowbro
|-damage|p2a: Slowbro|34/100 par
|-unboost|p1a: Mew|def|1
|-unboost|p1a: Mew|spd|1
|
|-heal|p1a: Mew|100/100|[from] item: Leftovers
|upkeep
|turn|30
|
|t:|1641737876
|move|p1a: Mew|Psychic Fangs|p2a: Slowbro
|-resisted|p2a: Slowbro
|-damage|p2a: Slowbro|15/100 par
|move|p2a: Slowbro|Slack Off|p2a: Slowbro
|-heal|p2a: Slowbro|65/100 par
|
|upkeep
|turn|31
|
|t:|1641737884
|switch|p1a: Slowbro|Slowbro-Galar, F|100/100
|-damage|p1a: Slowbro|88/100|[from] Spikes
|move|p2a: Slowbro|Future Sight|p1a: Slowbro
|-start|p2a: Slowbro|move: Future Sight
|
|upkeep
|turn|32
|
|t:|1641737896
|switch|p2a: Landorus|Landorus-Therian, M|52/100
|-ability|p2a: Landorus|Intimidate|boost
|-unboost|p1a: Slowbro|atk|1
|move|p1a: Slowbro|Nasty Plot|p1a: Slowbro
|-boost|p1a: Slowbro|spa|2
|
|-heal|p2a: Landorus|58/100|[from] item: Leftovers
|upkeep
|turn|33
|
|t:|1641737898
|move|p2a: Landorus|Earthquake|p1a: Slowbro
|-supereffective|p1a: Slowbro
|-damage|p1a: Slowbro|0 fnt
|faint|p1a: Slowbro
|
|-hint|Future Sight did not hit because the target is fainted.
|-heal|p2a: Landorus|64/100|[from] item: Leftovers
|upkeep
|
|t:|1641737904
|switch|p1a: Clefable|Clefable, F|55/100
|turn|34
|j| SL21CCJqlove
|
|t:|1641737934
|switch|p2a: Buzzwole|Buzzwole|100/100
|move|p1a: Clefable|Ice Beam|p2a: Buzzwole
|-damage|p2a: Buzzwole|48/100
|
|upkeep
|turn|35
|j| sl21cc enfalleba
|
|t:|1641737945
|switch|p1a: Zapdos|Zapdos|53/100 tox
|move|p2a: Buzzwole|Ice Punch|p1a: Zapdos
|-supereffective|p1a: Zapdos
|-damage|p1a: Zapdos|0 fnt
|faint|p1a: Zapdos
|-ability|p2a: Buzzwole|Beast Boost|boost
|-boost|p2a: Buzzwole|atk|1
|
|upkeep
|
|t:|1641737948
|switch|p1a: Mew|Mew|100/100
|-damage|p1a: Mew|88/100|[from] Spikes
|turn|36
|
|t:|1641737956
|switch|p2a: Slowbro|Slowbro, F|98/100 par
|move|p1a: Mew|Psychic Fangs|p2a: Slowbro
|-resisted|p2a: Slowbro
|-damage|p2a: Slowbro|84/100 par
|
|-heal|p1a: Mew|94/100|[from] item: Leftovers
|upkeep
|turn|37
|
|t:|1641737964
|switch|p1a: Clefable|Clefable, F|55/100
|move|p2a: Slowbro|Scald|p1a: Clefable
|-damage|p1a: Clefable|27/100
|
|upkeep
|turn|38
|
|t:|1641737971
|switch|p2a: Landorus|Landorus-Therian, M|64/100
|-ability|p2a: Landorus|Intimidate|boost
|-unboost|p1a: Clefable|atk|1
|move|p1a: Clefable|Thunder|p2a: Landorus
|-immune|p2a: Landorus
|
|-heal|p2a: Landorus|70/100|[from] item: Leftovers
|upkeep
|turn|39
|l| SL21CCJqlove
|
|t:|1641737983
|move|p1a: Clefable|Ice Beam|p2a: Landorus
|-supereffective|p2a: Landorus
|-damage|p2a: Landorus|0 fnt
|faint|p2a: Landorus
|
|upkeep
|
|t:|1641737986
|switch|p2a: Weavile|Weavile, F|79/100
|-ability|p2a: Weavile|Pressure
|turn|40
|
|t:|1641738012
|switch|p1a: Seismitoad|Seismitoad, F|100/100
|-damage|p1a: Seismitoad|88/100|[from] Spikes
|move|p2a: Weavile|Knock Off|p1a: Seismitoad
|-damage|p1a: Seismitoad|43/100
|-enditem|p1a: Seismitoad|Leftovers|[from] move: Knock Off|[of] p2a: Weavile
|
|upkeep
|turn|41
|inactive|SL21CCCHINESENGEIL has 120 seconds left.
|
|t:|1641738033
|switch|p2a: Buzzwole|Buzzwole|48/100
|move|p1a: Seismitoad|Scald|p2a: Buzzwole
|-damage|p2a: Buzzwole|12/100
|-status|p2a: Buzzwole|brn
|
|-damage|p2a: Buzzwole|6/100 brn|[from] brn
|upkeep
|turn|42
|
|t:|1641738043
|switch|p1a: Clefable|Clefable, F|27/100
|move|p2a: Buzzwole|Close Combat|p1a: Clefable
|-resisted|p1a: Clefable
|-damage|p1a: Clefable|1/100
|-unboost|p2a: Buzzwole|def|1
|-unboost|p2a: Buzzwole|spd|1
|
|-damage|p2a: Buzzwole|0 fnt|[from] brn
|faint|p2a: Buzzwole
|upkeep
|
|t:|1641738045
|switch|p2a: Weavile|Weavile, F|79/100
|-ability|p2a: Weavile|Pressure
|turn|43
|
|t:|1641738050
|move|p2a: Weavile|Knock Off|p1a: Clefable
|-resisted|p1a: Clefable
|-damage|p1a: Clefable|0 fnt
|-enditem|p1a: Clefable|Life Orb|[from] move: Knock Off|[of] p2a: Weavile
|faint|p1a: Clefable
|
|upkeep
|
|t:|1641738055
|switch|p1a: Seismitoad|Seismitoad, F|43/100
|-damage|p1a: Seismitoad|31/100|[from] Spikes
|turn|44
|inactive|SL21CCCHINESENGEIL has 120 seconds left.
|l| water GH0ST
|
|t:|1641738095
|move|p2a: Weavile|Knock Off|p1a: Seismitoad
|-damage|p1a: Seismitoad|0 fnt
|faint|p1a: Seismitoad
|
|upkeep
|
|t:|1641738098
|switch|p1a: Mew|Mew|94/100
|-damage|p1a: Mew|82/100|[from] Spikes
|turn|45
|l| SL21CC姐ISthequeen
|
|t:|1641738102
|move|p2a: Weavile|Knock Off|p1a: Mew
|-supereffective|p1a: Mew
|-damage|p1a: Mew|0 fnt
|-enditem|p1a: Mew|Leftovers|[from] move: Knock Off|[of] p2a: Weavile
|faint|p1a: Mew
|
|win|SL21CCCHINESENGEIL
|raw|9skythunderouskick's rating: 1287 &rarr; <strong>1274</strong><br />(-13 for losing)
|raw|SL21CCCHINESENGEIL's rating: 1357 &rarr; <strong>1373</strong><br />(+16 for winning)
|l| sl21cckhl
|l| SL21CCxiaomiaomiao
|l| irgendwasmitmeeem
