|raw|<div class="broadcast-blue"><strong>This battle is required to be public due to a player having a name starting with 'sl21cc'.</div>
|j|☆9skythunderouskick
|j|☆sl21cc jialing
|t:|1641740935
|gametype|singles
|player|p1|9skythunderouskick|101|1284
|player|p2|sl21cc jialing|bellelba|1270
|teamsize|p1|6
|teamsize|p2|6
|gen|8
|tier|[Gen 8] OU
|rated|
|rule|Sleep Clause Mod: Limit one foe put to sleep
|rule|Species Clause: Limit one of each Pokémon
|rule|OHKO Clause: OHKO moves are banned
|rule|Evasion Moves Clause: Evasion moves are banned
|rule|Endless Battle Clause: Forcing endless battles is banned
|rule|HP Percentage Mod: HP is shown in percentages
|rule|Dynamax Clause: You cannot dynamax
|clearpoke
|poke|p1|Omastar, M|
|poke|p1|Magnezone|
|poke|p1|Tapu Koko|
|poke|p1|Landorus-Therian, M|
|poke|p1|Kartana|
|poke|p1|Tapu Fini|
|poke|p2|Ninetales-Alola, M|
|poke|p2|Arctozolt|
|poke|p2|Urshifu-*, F|
|poke|p2|Landorus-Therian, M|
|poke|p2|Slowking, M|
|poke|p2|Tornadus-Therian, M|
|teampreview
|j| water GH0ST
|j| tianyutulongwu
|j| sdaui
|j| jingtianlangtaosha
|l| sdaui
|j| adreamew
|inactive|Battle timer is ON: inactive players will automatically lose when time's up. (requested by 9skythunderouskick)
|
|t:|1641740972
|start
|switch|p1a: Kartana|Kartana|100/100
|switch|p2a: Ninetales|Ninetales-Alola, M|100/100
|-weather|Hail|[from] ability: Snow Warning|[of] p2a: Ninetales
|turn|1
|
|t:|1641740981
|switch|p2a: Tornadus|Tornadus-Therian, M|100/100
|move|p1a: Kartana|Knock Off|p2a: Tornadus
|-damage|p2a: Tornadus|36/100
|-enditem|p2a: Tornadus|Assault Vest|[from] move: Knock Off|[of] p1a: Kartana
|
|-weather|Hail|[upkeep]
|-damage|p2a: Tornadus|30/100|[from] Hail
|-damage|p1a: Kartana|94/100|[from] Hail
|upkeep
|turn|2
|l| water GH0ST
|j| water GH0ST
|
|t:|1641740991
|switch|p1a: Tapu Koko|Tapu Koko|100/100
|-fieldstart|move: Electric Terrain|[from] ability: Electric Surge|[of] p1a: Tapu Koko
|move|p2a: Tornadus|Heat Wave|p1a: Tapu Koko
|-damage|p1a: Tapu Koko|62/100
|
|-weather|Hail|[upkeep]
|-damage|p1a: Tapu Koko|56/100|[from] Hail
|-damage|p2a: Tornadus|24/100|[from] Hail
|upkeep
|turn|3
|
|t:|1641740995
|switch|p2a: Landorus|Landorus-Therian, M|100/100
|-ability|p2a: Landorus|Intimidate|boost
|-unboost|p1a: Tapu Koko|atk|1
|move|p1a: Tapu Koko|U-turn|p2a: Landorus
|-resisted|p2a: Landorus
|-damage|p2a: Landorus|95/100
|
|t:|1641740997
|switch|p1a: Kartana|Kartana|94/100|[from]move: U-turn
|
|-weather|Hail|[upkeep]
|-damage|p1a: Kartana|88/100|[from] Hail
|-damage|p2a: Landorus|89/100|[from] Hail
|-heal|p2a: Landorus|95/100|[from] item: Leftovers
|upkeep
|turn|4
|
|t:|1641741003
|move|p1a: Kartana|Leaf Blade|p2a: Landorus
|-damage|p2a: Landorus|2/100
|move|p2a: Landorus|U-turn|p1a: Kartana
|-damage|p1a: Kartana|63/100
|j|♚aro nova
|
|t:|1641741010
|switch|p2a: Arctozolt|Arctozolt|100/100|[from]move: U-turn
|
|-weather|Hail|[upkeep]
|-damage|p1a: Kartana|57/100|[from] Hail
|upkeep
|turn|5
|
|t:|1641741017
|switch|p1a: Tapu Fini|Tapu Fini|100/100
|-fieldstart|move: Misty Terrain|[from] ability: Misty Surge|[of] p1a: Tapu Fini
|move|p2a: Arctozolt|Low Kick|p1a: Tapu Fini
|-resisted|p1a: Tapu Fini
|-damage|p1a: Tapu Fini|97/100
|
|-weather|Hail|[upkeep]
|-damage|p1a: Tapu Fini|91/100|[from] Hail
|-heal|p1a: Tapu Fini|97/100|[from] item: Leftovers
|upkeep
|turn|6
|j|♚The Steel Shadow
|
|t:|1641741026
|switch|p1a: Magnezone|Magnezone|100/100
|move|p2a: Arctozolt|Blizzard|p1a: Magnezone
|-resisted|p1a: Magnezone
|-damage|p1a: Magnezone|76/100
|
|-weather|Hail|[upkeep]
|-damage|p1a: Magnezone|70/100|[from] Hail
|upkeep
|turn|7
|
|t:|1641741037
|move|p2a: Arctozolt|Low Kick|p1a: Magnezone
|-supereffective|p1a: Magnezone
|-damage|p1a: Magnezone|25/100
|-damage|p2a: Arctozolt|84/100|[from] item: Rocky Helmet|[of] p1a: Magnezone
|move|p1a: Magnezone|Body Press|p2a: Arctozolt
|-supereffective|p2a: Arctozolt
|-damage|p2a: Arctozolt|17/100
|
|-weather|Hail|[upkeep]
|-damage|p1a: Magnezone|19/100|[from] Hail
|upkeep
|turn|8
|
|t:|1641741049
|switch|p1a: Tapu Koko|Tapu Koko|56/100
|-fieldstart|move: Electric Terrain|[from] ability: Electric Surge|[of] p1a: Tapu Koko
|move|p2a: Arctozolt|Blizzard|p1a: Tapu Koko
|-damage|p1a: Tapu Koko|0 fnt
|faint|p1a: Tapu Koko
|
|-weather|none
|upkeep
|
|t:|1641741052
|switch|p1a: Kartana|Kartana|57/100
|turn|9
|
|t:|1641741060
|switch|p2a: Landorus|Landorus-Therian, M|2/100
|-ability|p2a: Landorus|Intimidate|boost
|-unboost|p1a: Kartana|atk|1
|move|p1a: Kartana|Smart Strike|p2a: Landorus
|-damage|p2a: Landorus|0 fnt
|faint|p2a: Landorus
|-ability|p1a: Kartana|Beast Boost|boost
|-boost|p1a: Kartana|atk|1
|
|upkeep
|
|t:|1641741067
|switch|p2a: Tornadus|Tornadus-Therian, M|57/100
|turn|10
|
|t:|1641741074
|switch|p1a: Landorus|Landorus-Therian, M|100/100
|-ability|p1a: Landorus|Intimidate|boost
|-unboost|p2a: Tornadus|atk|1
|move|p2a: Tornadus|Heat Wave|p1a: Landorus
|-damage|p1a: Landorus|84/100
|
|-heal|p1a: Landorus|90/100|[from] item: Leftovers
|upkeep
|turn|11
|
|t:|1641741078
|move|p2a: Tornadus|U-turn|p1a: Landorus
|-resisted|p1a: Landorus
|-damage|p1a: Landorus|85/100
|
|t:|1641741081
|switch|p2a: Ninetales|Ninetales-Alola, M|100/100|[from]move: U-turn
|-weather|Hail|[from] ability: Snow Warning|[of] p2a: Ninetales
|move|p1a: Landorus|U-turn|p2a: Ninetales
|-resisted|p2a: Ninetales
|-damage|p2a: Ninetales|83/100
|
|t:|1641741084
|switch|p1a: Kartana|Kartana|57/100|[from]move: U-turn
|
|-weather|Hail|[upkeep]
|-damage|p1a: Kartana|51/100|[from] Hail
|upkeep
|turn|12
|
|t:|1641741088
|move|p2a: Ninetales|Freeze-Dry|p1a: Kartana
|-damage|p1a: Kartana|0 fnt
|faint|p1a: Kartana
|
|-weather|Hail|[upkeep]
|-fieldend|move: Electric Terrain
|upkeep
|
|t:|1641741098
|switch|p1a: Tapu Fini|Tapu Fini|97/100
|-fieldstart|move: Misty Terrain|[from] ability: Misty Surge|[of] p1a: Tapu Fini
|turn|13
|
|t:|1641741106
|move|p2a: Ninetales|Nasty Plot|p2a: Ninetales
|-boost|p2a: Ninetales|spa|2
|move|p1a: Tapu Fini|Nature's Madness|p2a: Ninetales
|-damage|p2a: Ninetales|42/100
|
|-weather|Hail|[upkeep]
|-damage|p1a: Tapu Fini|91/100|[from] Hail
|-heal|p1a: Tapu Fini|97/100|[from] item: Leftovers
|upkeep
|turn|14
|
|t:|1641741110
|move|p2a: Ninetales|Freeze-Dry|p1a: Tapu Fini
|-supereffective|p1a: Tapu Fini
|-damage|p1a: Tapu Fini|14/100
|move|p1a: Tapu Fini|Moonblast|p2a: Ninetales
|-damage|p2a: Ninetales|7/100
|
|-weather|Hail|[upkeep]
|-damage|p1a: Tapu Fini|8/100|[from] Hail
|-heal|p1a: Tapu Fini|14/100|[from] item: Leftovers
|upkeep
|turn|15
|
|t:|1641741117
|move|p2a: Ninetales|Freeze-Dry|p1a: Tapu Fini
|-supereffective|p1a: Tapu Fini
|-damage|p1a: Tapu Fini|0 fnt
|faint|p1a: Tapu Fini
|
|-weather|Hail|[upkeep]
|upkeep
|-message|9skythunderouskick forfeited.
|
|win|sl21cc jialing
|raw|9skythunderouskick's rating: 1284 &rarr; <strong>1268</strong><br />(-16 for losing)
|raw|sl21cc jialing's rating: 1270 &rarr; <strong>1286</strong><br />(+16 for winning)
|l|☆9skythunderouskick
|l| water GH0ST
|l|☆sl21cc jialing
|l| jingtianlangtaosha
|l| tianyutulongwu
|l|♚The Steel Shadow
