|raw|<div class="broadcast-blue"><strong>This battle is required to be public due to a player having a name starting with 'sl21cc'.</div>
|j|☆SL21CC ginko
|j|☆water GH0ST
|t:|1641738458
|gametype|singles
|player|p1|SL21CC ginko|line38324.png|1281
|player|p2|water GH0ST|picnicker|1269
|teamsize|p1|6
|teamsize|p2|6
|gen|8
|tier|[Gen 8] OU
|rated|
|rule|Sleep Clause Mod: Limit one foe put to sleep
|rule|Species Clause: Limit one of each Pokémon
|rule|OHKO Clause: OHKO moves are banned
|rule|Evasion Moves Clause: Evasion moves are banned
|rule|Endless Battle Clause: Forcing endless battles is banned
|rule|HP Percentage Mod: HP is shown in percentages
|rule|Dynamax Clause: You cannot dynamax
|clearpoke
|poke|p1|Heatran, M|
|poke|p1|Moltres-Galar|
|poke|p1|Dragapult, M|
|poke|p1|Garchomp, M|
|poke|p1|Cloyster, M|
|poke|p1|Kartana|
|poke|p2|Ninetales-Alola, M|
|poke|p2|Dragapult, M|
|poke|p2|Heatran, M|
|poke|p2|Garchomp, M|
|poke|p2|Cloyster, F|
|poke|p2|Scizor, F|
|teampreview
|j| pokonghanbingkan
|j| SL21CC tangkeke
|j| 9skythunderouskick
|j|♚aro nova
|j| tianyutulongwu
|inactive|Battle timer is ON: inactive players will automatically lose when time's up. (requested by water GH0ST)
|j| SL21CCxiaomiaomiao
|
|t:|1641738481
|start
|switch|p1a: Dragapult|Dragapult, M|100/100
|switch|p2a: Ninetales|Ninetales-Alola, M|100/100
|-weather|Hail|[from] ability: Snow Warning|[of] p2a: Ninetales
|turn|1
|
|t:|1641738488
|move|p1a: Dragapult|Steel Wing|p2a: Ninetales
|-supereffective|p2a: Ninetales
|-damage|p2a: Ninetales|0 fnt
|faint|p2a: Ninetales
|
|-weather|Hail|[upkeep]
|-damage|p1a: Dragapult|95/100|[from] Hail
|upkeep
|j| irgendwasmitmeeem
|l| irgendwasmitmeeem
|
|t:|1641738496
|switch|p2a: Heatran|Heatran, M|100/100
|-item|p2a: Heatran|Air Balloon
|turn|2
|
|t:|1641738501
|switch|p1a: Heatran|Heatran, M|100/100
|-item|p1a: Heatran|Air Balloon
|move|p2a: Heatran|Stealth Rock|p1a: Heatran
|-sidestart|p1: SL21CC ginko|move: Stealth Rock
|
|-weather|Hail|[upkeep]
|-damage|p1a: Heatran|94/100|[from] Hail
|-damage|p2a: Heatran|94/100|[from] Hail
|upkeep
|turn|3
|j| SL21CC91影先生
|
|t:|1641738505
|move|p2a: Heatran|Magma Storm|p1a: Heatran
|-damage|p1a: Heatran|45/100
|-activate|p1a: Heatran|move: Magma Storm|[of] p2a: Heatran
|-enditem|p1a: Heatran|Air Balloon
|move|p1a: Heatran|Stealth Rock|p2a: Heatran
|-sidestart|p2: water GH0ST|move: Stealth Rock
|
|-weather|Hail|[upkeep]
|-damage|p2a: Heatran|88/100|[from] Hail
|-damage|p1a: Heatran|39/100|[from] Hail
|-damage|p1a: Heatran|27/100|[from] move: Magma Storm|[partiallytrapped]
|upkeep
|turn|4
|j| SL21CCCHINESENGEIL
|
|t:|1641738509
|move|p1a: Heatran|Magma Storm|p2a: Heatran
|-damage|p2a: Heatran|41/100
|-activate|p2a: Heatran|move: Magma Storm|[of] p1a: Heatran
|-enditem|p2a: Heatran|Air Balloon
|move|p2a: Heatran|Earth Power|p1a: Heatran
|-supereffective|p1a: Heatran
|-damage|p1a: Heatran|0 fnt
|faint|p1a: Heatran
|
|-weather|Hail|[upkeep]
|-damage|p2a: Heatran|35/100|[from] Hail
|-end|p2a: Heatran|Magma Storm|[partiallytrapped]|[silent]
|upkeep
|j| adreamew
|
|t:|1641738527
|switch|p1a: Garchomp|Garchomp, M|100/100
|-damage|p1a: Garchomp|94/100|[from] Stealth Rock
|turn|5
|
|t:|1641738535
|move|p1a: Garchomp|Swords Dance|p1a: Garchomp
|-boost|p1a: Garchomp|atk|2
|move|p2a: Heatran|Earth Power|p1a: Garchomp
|-damage|p1a: Garchomp|59/100
|
|-weather|none
|-heal|p1a: Garchomp|65/100|[from] item: Leftovers
|upkeep
|turn|6
|
|t:|1641738540
|move|p1a: Garchomp|Scale Shot|p2a: Heatran
|-resisted|p2a: Heatran
|-damage|p2a: Heatran|23/100
|-resisted|p2a: Heatran
|-damage|p2a: Heatran|11/100
|-resisted|p2a: Heatran
|-damage|p2a: Heatran|0 fnt
|faint|p2a: Heatran
|-hitcount|p2: Heatran|3
|-unboost|p1a: Garchomp|def|1
|-boost|p1a: Garchomp|spe|1
|
|-heal|p1a: Garchomp|72/100|[from] item: Leftovers
|upkeep
|
|t:|1641738543
|switch|p2a: Cloyster|Cloyster, F|100/100
|turn|7
|
|t:|1641738549
|move|p1a: Garchomp|Scale Shot|p2a: Cloyster
|-damage|p2a: Cloyster|77/100
|-damage|p2a: Cloyster|55/100
|-damage|p2a: Cloyster|34/100
|-damage|p2a: Cloyster|11/100
|-damage|p2a: Cloyster|0 fnt
|faint|p2a: Cloyster
|-hitcount|p2: Cloyster|5
|-unboost|p1a: Garchomp|def|1
|-boost|p1a: Garchomp|spe|1
|
|-heal|p1a: Garchomp|78/100|[from] item: Leftovers
|upkeep
|c|☆water GH0ST|牛
|-message|water GH0ST forfeited.
|
|win|SL21CC ginko
|raw|SL21CC ginko's rating: 1281 &rarr; <strong>1297</strong><br />(+16 for winning)
|raw|water GH0ST's rating: 1269 &rarr; <strong>1254</strong><br />(-15 for losing)
|l|☆water GH0ST
|l|☆SL21CC ginko
|l| SL21CCxiaomiaomiao
|l| SL21CC tangkeke
|l| pokonghanbingkan
|l| SL21CC91影先生
|l| tianyutulongwu
