|raw|<div class="broadcast-blue"><strong>This battle is required to be public due to a player having a name starting with 'sl21cc'.</div>
|j|☆SL21CC Leviathan
|j|☆SL21CC N1Daye
|t:|1641824834
|gametype|singles
|player|p1|SL21CC Leviathan|guitarist|1204
|player|p2|SL21CC N1Daye|265|1192
|teamsize|p1|6
|teamsize|p2|6
|gen|8
|tier|[Gen 8] OU
|rated|
|rule|Sleep Clause Mod: Limit one foe put to sleep
|rule|Species Clause: Limit one of each Pokémon
|rule|OHKO Clause: OHKO moves are banned
|rule|Evasion Moves Clause: Evasion moves are banned
|rule|Endless Battle Clause: Forcing endless battles is banned
|rule|HP Percentage Mod: HP is shown in percentages
|rule|Dynamax Clause: You cannot dynamax
|clearpoke
|poke|p1|Tapu Fini|
|poke|p1|Corviknight, F|
|poke|p1|Heatran, M|
|poke|p1|Dragapult, M|
|poke|p1|Garchomp, F|
|poke|p1|Tapu Lele|
|poke|p2|Slurpuff, F|
|poke|p2|Mew|
|poke|p2|Urshifu-*, M|
|poke|p2|Kartana|
|poke|p2|Weavile, M|
|poke|p2|Zapdos-Galar|
|teampreview
|
|t:|1641824855
|start
|switch|p1a: Dragapult|Dragapult, M|100/100
|switch|p2a: Slurpuff|Slurpuff, F|100/100
|turn|1
|j| adreamew
|
|t:|1641824867
|move|p1a: Dragapult|Shadow Ball|p2a: Slurpuff
|-damage|p2a: Slurpuff|43/100
|move|p2a: Slurpuff|Sticky Web|p1a: Dragapult
|-sidestart|p1: SL21CC Leviathan|move: Sticky Web
|
|upkeep
|turn|2
|
|t:|1641824874
|switch|p2a: Weavile|Weavile, M|100/100
|-ability|p2a: Weavile|Pressure
|move|p1a: Dragapult|Shadow Ball|p2a: Weavile
|-resisted|p2a: Weavile
|-damage|p2a: Weavile|63/100
|
|upkeep
|turn|3
|
|t:|1641824885
|switch|p1a: Tapu Fini|Tapu Fini|100/100
|-activate|p1a: Tapu Fini|move: Sticky Web
|-unboost|p1a: Tapu Fini|spe|1
|-fieldstart|move: Misty Terrain|[from] ability: Misty Surge|[of] p1a: Tapu Fini
|move|p2a: Weavile|Knock Off|p1a: Tapu Fini
|-resisted|p1a: Tapu Fini
|-damage|p1a: Tapu Fini|84/100
|-enditem|p1a: Tapu Fini|Leftovers|[from] move: Knock Off|[of] p2a: Weavile
|
|upkeep
|turn|4
|
|t:|1641824888
|switch|p2a: Zapdos|Zapdos-Galar|100/100
|move|p1a: Tapu Fini|Knock Off|p2a: Zapdos
|-resisted|p2a: Zapdos
|-damage|p2a: Zapdos|91/100
|-enditem|p2a: Zapdos|Choice Band|[from] move: Knock Off|[of] p1a: Tapu Fini
|
|upkeep
|turn|5
|
|t:|1641824903
|move|p2a: Zapdos|Brave Bird|p1a: Tapu Fini
|-damage|p1a: Tapu Fini|43/100
|-damage|p2a: Zapdos|77/100|[from] Recoil
|move|p1a: Tapu Fini|Nature's Madness|p2a: Zapdos
|-damage|p2a: Zapdos|39/100
|
|upkeep
|turn|6
|
|t:|1641824907
|move|p2a: Zapdos|Brave Bird|p1a: Tapu Fini
|-damage|p1a: Tapu Fini|3/100
|-damage|p2a: Zapdos|24/100|[from] Recoil
|move|p1a: Tapu Fini|Moonblast|p2a: Zapdos
|-supereffective|p2a: Zapdos
|-damage|p2a: Zapdos|0 fnt
|faint|p2a: Zapdos
|
|upkeep
|
|t:|1641824913
|switch|p2a: Kartana|Kartana|100/100
|turn|7
|
|t:|1641824917
|switch|p1a: Corviknight|Corviknight, F|100/100
|-ability|p1a: Corviknight|Pressure
|move|p2a: Kartana|Leaf Blade|p1a: Corviknight
|-resisted|p1a: Corviknight
|-damage|p1a: Corviknight|88/100
|-damage|p2a: Kartana|91/100|[from] item: Life Orb
|
|-heal|p1a: Corviknight|94/100|[from] item: Leftovers
|-fieldend|Misty Terrain
|upkeep
|turn|8
|
|t:|1641824928
|move|p2a: Kartana|Swords Dance|p2a: Kartana
|-boost|p2a: Kartana|atk|2
|move|p1a: Corviknight|Defog|p2a: Kartana
|-unboost|p2a: Kartana|evasion|1
|-sideend|p1: SL21CC Leviathan|Sticky Web|[from] move: Defog|[of] p1a: Corviknight
|
|-heal|p1a: Corviknight|100/100|[from] item: Leftovers
|upkeep
|turn|9
|
|t:|1641824934
|move|p2a: Kartana|Sacred Sword|p1a: Corviknight
|-damage|p1a: Corviknight|37/100
|-damage|p2a: Kartana|81/100|[from] item: Life Orb
|move|p1a: Corviknight|Body Press|p2a: Kartana
|-supereffective|p2a: Kartana
|-damage|p2a: Kartana|24/100
|
|-heal|p1a: Corviknight|43/100|[from] item: Leftovers
|upkeep
|turn|10
|
|t:|1641824951
|switch|p1a: Tapu Fini|Tapu Fini|3/100
|-fieldstart|move: Misty Terrain|[from] ability: Misty Surge|[of] p1a: Tapu Fini
|move|p2a: Kartana|Smart Strike|p1a: Tapu Fini
|-damage|p1a: Tapu Fini|0 fnt
|faint|p1a: Tapu Fini
|-ability|p2a: Kartana|Beast Boost|boost
|-boost|p2a: Kartana|atk|1
|-damage|p2a: Kartana|14/100|[from] item: Life Orb
|
|upkeep
|
|t:|1641824953
|switch|p1a: Dragapult|Dragapult, M|100/100
|turn|11
|
|t:|1641824959
|move|p1a: Dragapult|Shadow Ball|p2a: Kartana
|-damage|p2a: Kartana|0 fnt
|faint|p2a: Kartana
|
|upkeep
|
|t:|1641824961
|switch|p2a: Weavile|Weavile, M|63/100
|-ability|p2a: Weavile|Pressure
|turn|12
|
|t:|1641824974
|switch|p1a: Heatran|Heatran, M|100/100
|move|p2a: Weavile|Knock Off|p1a: Heatran
|-damage|p1a: Heatran|63/100
|-enditem|p1a: Heatran|Leftovers|[from] move: Knock Off|[of] p2a: Weavile
|
|upkeep
|turn|13
|
|t:|1641824980
|switch|p2a: Urshifu|Urshifu-Rapid-Strike, M|100/100
|move|p1a: Heatran|Magma Storm|p2a: Urshifu|[miss]
|-miss|p1a: Heatran|p2a: Urshifu
|
|upkeep
|turn|14
|
|t:|1641824985
|move|p2a: Urshifu|Surging Strikes|p1a: Heatran
|-supereffective|p1a: Heatran
|-crit|p1a: Heatran
|-damage|p1a: Heatran|32/100
|-supereffective|p1a: Heatran
|-crit|p1a: Heatran
|-damage|p1a: Heatran|1/100
|-supereffective|p1a: Heatran
|-crit|p1a: Heatran
|-damage|p1a: Heatran|0 fnt
|faint|p1a: Heatran
|-hitcount|p1: Heatran|3
|
|-fieldend|Misty Terrain
|upkeep
|
|t:|1641824989
|switch|p1a: Dragapult|Dragapult, M|100/100
|turn|15
|
|t:|1641824993
|move|p1a: Dragapult|U-turn|p2a: Urshifu
|-resisted|p2a: Urshifu
|-damage|p2a: Urshifu|92/100
|
|t:|1641824996
|switch|p1a: Garchomp|Garchomp, F|100/100|[from]move: U-turn
|move|p2a: Urshifu|Surging Strikes|p1a: Garchomp
|-crit|p1a: Garchomp
|-damage|p1a: Garchomp|81/100
|-activate|p1a: Garchomp|ability: Rough Skin
|-activate|p2a: Urshifu|item: Protective Pads
|-crit|p1a: Garchomp
|-damage|p1a: Garchomp|61/100
|-activate|p1a: Garchomp|ability: Rough Skin
|-activate|p2a: Urshifu|item: Protective Pads
|-crit|p1a: Garchomp
|-damage|p1a: Garchomp|41/100
|-activate|p1a: Garchomp|ability: Rough Skin
|-activate|p2a: Urshifu|item: Protective Pads
|-hitcount|p1a: Garchomp|3
|
|-heal|p1a: Garchomp|47/100|[from] item: Leftovers
|upkeep
|turn|16
|
|t:|1641825002
|move|p1a: Garchomp|Earthquake|p2a: Urshifu
|-damage|p2a: Urshifu|40/100
|move|p2a: Urshifu|Surging Strikes|p1a: Garchomp
|-crit|p1a: Garchomp
|-damage|p1a: Garchomp|25/100
|-activate|p1a: Garchomp|ability: Rough Skin
|-activate|p2a: Urshifu|item: Protective Pads
|-crit|p1a: Garchomp
|-damage|p1a: Garchomp|4/100
|-activate|p1a: Garchomp|ability: Rough Skin
|-activate|p2a: Urshifu|item: Protective Pads
|-crit|p1a: Garchomp
|-damage|p1a: Garchomp|0 fnt
|-activate|p1a: Garchomp|ability: Rough Skin
|-activate|p2a: Urshifu|item: Protective Pads
|faint|p1a: Garchomp
|-hitcount|p1: Garchomp|3
|
|upkeep
|
|t:|1641825016
|switch|p1a: Corviknight|Corviknight, F|43/100
|-ability|p1a: Corviknight|Pressure
|turn|17
|
|t:|1641825018
|move|p2a: Urshifu|Surging Strikes|p1a: Corviknight
|-crit|p1a: Corviknight
|-damage|p1a: Corviknight|31/100
|-crit|p1a: Corviknight
|-damage|p1a: Corviknight|18/100
|-crit|p1a: Corviknight
|-damage|p1a: Corviknight|6/100
|-hitcount|p1a: Corviknight|3
|move|p1a: Corviknight|Roost|p1a: Corviknight
|-heal|p1a: Corviknight|56/100
|-singleturn|p1a: Corviknight|move: Roost
|
|-heal|p1a: Corviknight|62/100|[from] item: Leftovers
|upkeep
|turn|18
|
|t:|1641825021
|move|p2a: Urshifu|Bulk Up|p2a: Urshifu
|-boost|p2a: Urshifu|atk|1
|-boost|p2a: Urshifu|def|1
|move|p1a: Corviknight|Roost|p1a: Corviknight
|-heal|p1a: Corviknight|100/100
|-singleturn|p1a: Corviknight|move: Roost
|
|upkeep
|turn|19
|
|t:|1641825023
|move|p2a: Urshifu|Surging Strikes|p1a: Corviknight
|-crit|p1a: Corviknight
|-damage|p1a: Corviknight|83/100
|-crit|p1a: Corviknight
|-damage|p1a: Corviknight|66/100
|-crit|p1a: Corviknight
|-damage|p1a: Corviknight|47/100
|-hitcount|p1a: Corviknight|3
|move|p1a: Corviknight|U-turn|p2a: Urshifu
|-resisted|p2a: Urshifu
|-damage|p2a: Urshifu|36/100
|
|t:|1641825025
|switch|p1a: Dragapult|Dragapult, M|100/100|[from]move: U-turn
|
|upkeep
|turn|20
|
|t:|1641825031
|move|p2a: Urshifu|Aqua Jet|p1a: Dragapult
|-resisted|p1a: Dragapult
|-damage|p1a: Dragapult|78/100
|move|p1a: Dragapult|Shadow Ball|p2a: Urshifu
|-damage|p2a: Urshifu|0 fnt
|faint|p2a: Urshifu
|
|upkeep
|
|t:|1641825035
|switch|p2a: Weavile|Weavile, M|63/100
|-ability|p2a: Weavile|Pressure
|turn|21
|
|t:|1641825041
|switch|p1a: Tapu Lele|Tapu Lele|100/100
|-fieldstart|move: Psychic Terrain|[from] ability: Psychic Surge|[of] p1a: Tapu Lele
|move|p2a: Weavile|Knock Off|p1a: Tapu Lele
|-damage|p1a: Tapu Lele|33/100
|-enditem|p1a: Tapu Lele|Choice Specs|[from] move: Knock Off|[of] p2a: Weavile
|
|upkeep
|turn|22
|
|t:|1641825046
|move|p2a: Weavile|Knock Off|p1a: Tapu Lele
|-damage|p1a: Tapu Lele|0 fnt
|faint|p1a: Tapu Lele
|
|upkeep
|
|t:|1641825050
|switch|p1a: Corviknight|Corviknight, F|47/100
|-ability|p1a: Corviknight|Pressure
|turn|23
|
|t:|1641825056
|move|p2a: Weavile|Triple Axel|p1a: Corviknight
|-damage|p1a: Corviknight|40/100
|-damage|p1a: Corviknight|29/100
|-hitcount|p1a: Corviknight|2
|move|p1a: Corviknight|Roost|p1a: Corviknight
|-heal|p1a: Corviknight|79/100
|-singleturn|p1a: Corviknight|move: Roost
|
|-heal|p1a: Corviknight|85/100|[from] item: Leftovers
|upkeep
|turn|24
|
|t:|1641825068
|switch|p2a: Slurpuff|Slurpuff, F|43/100
|move|p1a: Corviknight|Body Press|p2a: Slurpuff
|-resisted|p2a: Slurpuff
|-damage|p2a: Slurpuff|29/100
|
|-heal|p1a: Corviknight|91/100|[from] item: Leftovers
|upkeep
|turn|25
|
|t:|1641825075
|switch|p1a: Dragapult|Dragapult, M|78/100
|move|p2a: Slurpuff|Endure||[still]
|-fail|p2a: Slurpuff
|
|-fieldend|move: Psychic Terrain
|upkeep
|turn|26
|
|t:|1641825082
|move|p2a: Slurpuff|Endure|p2a: Slurpuff
|-singleturn|p2a: Slurpuff|move: Endure
|move|p1a: Dragapult|Shadow Ball|p2a: Slurpuff
|-activate|p2a: Slurpuff|move: Endure
|-damage|p2a: Slurpuff|1/100
|
|upkeep
|turn|27
|-enditem|p2a: Slurpuff|Custap Berry|[eat]
|-activate|p2a: Slurpuff|item: Custap Berry|[consumed]
|
|t:|1641825089
|switch|p1a: Corviknight|Corviknight, F|91/100
|-ability|p1a: Corviknight|Pressure
|move|p2a: Slurpuff|Sticky Web|p1a: Corviknight
|-sidestart|p1: SL21CC Leviathan|move: Sticky Web
|
|-heal|p1a: Corviknight|97/100|[from] item: Leftovers
|upkeep
|turn|28
|
|t:|1641825093
|move|p2a: Slurpuff|Endeavor|p1a: Corviknight
|-damage|p1a: Corviknight|1/100
|move|p1a: Corviknight|Defog|p2a: Slurpuff
|-unboost|p2a: Slurpuff|evasion|1
|-sideend|p1: SL21CC Leviathan|Sticky Web|[from] move: Defog|[of] p1a: Corviknight
|
|-heal|p1a: Corviknight|7/100|[from] item: Leftovers
|upkeep
|turn|29
|
|t:|1641825101
|switch|p2a: Mew|Mew|100/100
|move|p1a: Corviknight|Roost|p1a: Corviknight
|-heal|p1a: Corviknight|57/100
|-singleturn|p1a: Corviknight|move: Roost
|
|-heal|p1a: Corviknight|63/100|[from] item: Leftovers
|upkeep
|turn|30
|
|t:|1641825114
|move|p2a: Mew|Imprison|p2a: Mew
|-start|p2a: Mew|move: Imprison
|move|p1a: Corviknight|U-turn|p2a: Mew
|-supereffective|p2a: Mew
|-damage|p2a: Mew|76/100
|
|t:|1641825115
|switch|p1a: Dragapult|Dragapult, M|78/100|[from]move: U-turn
|
|-heal|p2a: Mew|82/100|[from] item: Leftovers
|upkeep
|turn|31
|
|t:|1641825119
|switch|p2a: Slurpuff|Slurpuff, F|1/100
|move|p1a: Dragapult|Shadow Ball|p2a: Slurpuff
|-damage|p2a: Slurpuff|0 fnt
|faint|p2a: Slurpuff
|
|upkeep
|
|t:|1641825123
|switch|p2a: Weavile|Weavile, M|63/100
|-ability|p2a: Weavile|Pressure
|turn|32
|
|t:|1641825127
|switch|p1a: Corviknight|Corviknight, F|63/100
|-ability|p1a: Corviknight|Pressure
|switch|p2a: Mew|Mew|82/100
|
|-heal|p2a: Mew|89/100|[from] item: Leftovers
|-heal|p1a: Corviknight|69/100|[from] item: Leftovers
|upkeep
|turn|33
|
|t:|1641825139
|switch|p1a: Dragapult|Dragapult, M|78/100
|move|p2a: Mew|Imprison|p2a: Mew
|-start|p2a: Mew|move: Imprison
|
|-heal|p2a: Mew|95/100|[from] item: Leftovers
|upkeep
|turn|34
|
|t:|1641825144
|move|p1a: Dragapult|Shadow Ball|p2a: Mew
|-supereffective|p2a: Mew
|-damage|p2a: Mew|2/100
|move|p2a: Mew|Transform|p1a: Dragapult
|-transform|p2a: Mew|p1a: Dragapult
|
|-heal|p2a: Mew|8/100|[from] item: Leftovers
|upkeep
|turn|35
|
|t:|1641825151
|move|p2a: Mew|Shadow Ball|p1a: Dragapult
|-supereffective|p1a: Dragapult
|-damage|p1a: Dragapult|0 fnt
|faint|p1a: Dragapult
|
|-heal|p2a: Mew|15/100|[from] item: Leftovers
|upkeep
|
|t:|1641825154
|switch|p1a: Corviknight|Corviknight, F|69/100
|-ability|p1a: Corviknight|Pressure
|turn|36
|
|t:|1641825159
|switch|p2a: Weavile|Weavile, M|63/100
|-ability|p2a: Weavile|Pressure
|move|p1a: Corviknight|Roost|p1a: Corviknight
|-heal|p1a: Corviknight|100/100
|-singleturn|p1a: Corviknight|move: Roost
|
|upkeep
|turn|37
|
|t:|1641825162
|move|p2a: Weavile|Swords Dance|p2a: Weavile
|-boost|p2a: Weavile|atk|2
|move|p1a: Corviknight|Body Press|p2a: Weavile
|-supereffective|p2a: Weavile
|-damage|p2a: Weavile|0 fnt
|faint|p2a: Weavile
|
|upkeep
|
|t:|1641825163
|switch|p2a: Mew|Mew|15/100
|turn|38
|
|t:|1641825165
|move|p2a: Mew|Soft-Boiled|p2a: Mew
|-heal|p2a: Mew|65/100
|move|p1a: Corviknight|U-turn|p2a: Mew
|-supereffective|p2a: Mew
|-damage|p2a: Mew|41/100
|
|-heal|p2a: Mew|48/100|[from] item: Leftovers
|upkeep
|turn|39
|
|t:|1641825167
|move|p2a: Mew|Imprison|p2a: Mew
|-start|p2a: Mew|move: Imprison
|move|p1a: Corviknight|U-turn|p2a: Mew
|-supereffective|p2a: Mew
|-damage|p2a: Mew|23/100
|
|-heal|p2a: Mew|29/100|[from] item: Leftovers
|upkeep
|turn|40
|
|t:|1641825171
|move|p2a: Mew|Soft-Boiled|p2a: Mew
|-heal|p2a: Mew|79/100
|move|p1a: Corviknight|U-turn|p2a: Mew
|-supereffective|p2a: Mew
|-damage|p2a: Mew|56/100
|
|-heal|p2a: Mew|62/100|[from] item: Leftovers
|upkeep
|turn|41
|
|t:|1641825173
|move|p2a: Mew|Transform|p1a: Corviknight
|-transform|p2a: Mew|p1a: Corviknight
|-ability|p2a: Mew|Pressure
|cant|p1a: Corviknight|move: Imprison|U-turn
|
|-heal|p2a: Mew|69/100|[from] item: Leftovers
|upkeep
|turn|42
|
|t:|1641825177
|-activate|p1a: Corviknight|move: Struggle
|move|p1a: Corviknight|Struggle|p2a: Mew
|-damage|p2a: Mew|62/100
|-damage|p1a: Corviknight|75/100|[from] recoil
|move|p2a: Mew|Roost|p2a: Mew
|-heal|p2a: Mew|100/100
|-singleturn|p2a: Mew|move: Roost
|
|-heal|p1a: Corviknight|81/100|[from] item: Leftovers
|upkeep
|turn|43
|-message|SL21CC Leviathan forfeited.
|
|win|SL21CC N1Daye
|raw|SL21CC Leviathan's rating: 1204 &rarr; <strong>1188</strong><br />(-16 for losing)
|raw|SL21CC N1Daye's rating: 1192 &rarr; <strong>1219</strong><br />(+27 for winning)
|l|☆SL21CC Leviathan
