|raw|<div class="broadcast-blue"><strong>This battle is required to be public due to a player having a name starting with 'sl21cc'.</div>
|j|☆sl21cc jialing
|j|☆water GH0ST
|t:|1641732966
|gametype|singles
|player|p1|sl21cc jialing|bellelba|1323
|player|p2|water GH0ST|picnicker|1246
|teamsize|p1|6
|teamsize|p2|6
|gen|8
|tier|[Gen 8] OU
|rated|
|rule|Sleep Clause Mod: Limit one foe put to sleep
|rule|Species Clause: Limit one of each Pokémon
|rule|OHKO Clause: OHKO moves are banned
|rule|Evasion Moves Clause: Evasion moves are banned
|rule|Endless Battle Clause: Forcing endless battles is banned
|rule|HP Percentage Mod: HP is shown in percentages
|rule|Dynamax Clause: You cannot dynamax
|clearpoke
|poke|p1|Ninetales-Alola, M|
|poke|p1|Arctozolt|
|poke|p1|Urshifu-*, F|
|poke|p1|Landorus-Therian, M|
|poke|p1|Slowking, M|
|poke|p1|Tornadus-Therian, M|
|poke|p2|Ninetales-Alola, F|
|poke|p2|Dragapult, M|
|poke|p2|Heatran, M|
|poke|p2|Garchomp, M|
|poke|p2|Cloyster, M|
|poke|p2|Scizor, F|
|teampreview
|j| tianyutulongwu
|j|&starmind
|j| Rame10
|j| SL21CC tangkeke
|j| sl21cc ryekie
|j| SL21CC Pichiu
|
|t:|1641732983
|start
|switch|p1a: Arctozolt|Arctozolt|100/100
|switch|p2a: Ninetales|Ninetales-Alola, F|100/100
|-weather|Hail|[from] ability: Snow Warning|[of] p2a: Ninetales
|turn|1
|
|t:|1641732991
|move|p1a: Arctozolt|Bolt Beak|p2a: Ninetales
|-damage|p2a: Ninetales|13/100
|move|p2a: Ninetales|Aurora Veil|p2a: Ninetales
|-sidestart|p2: water GH0ST|move: Aurora Veil
|
|-weather|Hail|[upkeep]
|upkeep
|turn|2
|inactive|Battle timer is ON: inactive players will automatically lose when time's up. (requested by water GH0ST)
|
|t:|1641733001
|switch|p2a: Heatran|Heatran, M|100/100
|-item|p2a: Heatran|Air Balloon
|move|p1a: Arctozolt|Bolt Beak|p2a: Heatran
|-damage|p2a: Heatran|66/100
|-enditem|p2a: Heatran|Air Balloon
|
|-weather|Hail|[upkeep]
|-damage|p2a: Heatran|59/100|[from] Hail
|upkeep
|turn|3
|j| sl21cckhl
|
|t:|1641733008
|switch|p1a: Landorus|Landorus-Therian, M|100/100
|-ability|p1a: Landorus|Intimidate|boost
|-unboost|p2a: Heatran|atk|1
|move|p2a: Heatran|Stealth Rock|p1a: Landorus
|-sidestart|p1: sl21cc jialing|move: Stealth Rock
|
|-weather|Hail|[upkeep]
|-damage|p2a: Heatran|53/100|[from] Hail
|-damage|p1a: Landorus|94/100|[from] Hail
|-heal|p1a: Landorus|100/100|[from] item: Leftovers
|upkeep
|turn|4
|
|t:|1641733011
|move|p2a: Heatran|Taunt|p1a: Landorus
|-start|p1a: Landorus|move: Taunt
|cant|p1a: Landorus|move: Taunt|Defog
|
|-weather|Hail|[upkeep]
|-damage|p2a: Heatran|47/100|[from] Hail
|-damage|p1a: Landorus|94/100|[from] Hail
|-heal|p1a: Landorus|100/100|[from] item: Leftovers
|upkeep
|turn|5
|j| Suta Pulachina
|j|♚cscl
|
|t:|1641733019
|move|p2a: Heatran|Magma Storm|p1a: Landorus
|-crit|p1a: Landorus
|-damage|p1a: Landorus|40/100
|-activate|p1a: Landorus|move: Magma Storm|[of] p2a: Heatran
|move|p1a: Landorus|Earthquake|p2a: Heatran
|-supereffective|p2a: Heatran
|-damage|p2a: Heatran|0 fnt
|faint|p2a: Heatran
|
|-weather|none
|-heal|p1a: Landorus|46/100|[from] item: Leftovers
|-end|p1a: Landorus|Magma Storm|[partiallytrapped]|[silent]
|upkeep
|
|t:|1641733035
|switch|p2a: Dragapult|Dragapult, M|100/100
|turn|6
|
|t:|1641733040
|move|p2a: Dragapult|Dragon Dance|p2a: Dragapult
|-boost|p2a: Dragapult|atk|1
|-boost|p2a: Dragapult|spe|1
|move|p1a: Landorus|U-turn|p2a: Dragapult
|-resisted|p2a: Dragapult
|-damage|p2a: Dragapult|93/100
|j| SL21CCxiaomiaomiao
|l| sl21cckhl
|
|t:|1641733063
|switch|p1a: Ninetales|Ninetales-Alola, M|100/100|[from]move: U-turn
|-damage|p1a: Ninetales|76/100|[from] Stealth Rock
|-weather|Hail|[from] ability: Snow Warning|[of] p1a: Ninetales
|
|-weather|Hail|[upkeep]
|-damage|p2a: Dragapult|87/100|[from] Hail
|upkeep
|turn|7
|
|t:|1641733080
|move|p2a: Dragapult|Dragon Dance|p2a: Dragapult
|-boost|p2a: Dragapult|atk|1
|-boost|p2a: Dragapult|spe|1
|move|p1a: Ninetales|Blizzard|p2a: Dragapult
|-supereffective|p2a: Dragapult
|-damage|p2a: Dragapult|27/100
|-enditem|p2a: Dragapult|Weakness Policy
|-boost|p2a: Dragapult|atk|2|[from] item: Weakness Policy
|-boost|p2a: Dragapult|spa|2|[from] item: Weakness Policy
|
|-weather|Hail|[upkeep]
|-damage|p2a: Dragapult|21/100|[from] Hail
|upkeep
|turn|8
|
|t:|1641733092
|move|p2a: Dragapult|Phantom Force||[still]
|-prepare|p2a: Dragapult|Phantom Force
|move|p1a: Ninetales|Blizzard|p2a: Dragapult|[miss]
|-miss|p1a: Ninetales|p2a: Dragapult
|
|-weather|Hail|[upkeep]
|-damage|p2a: Dragapult|15/100|[from] Hail
|-sideend|p2: water GH0ST|move: Aurora Veil
|upkeep
|turn|9
|
|t:|1641733099
|switch|p1a: Landorus|Landorus-Therian, M|46/100
|-damage|p1a: Landorus|34/100|[from] Stealth Rock
|-ability|p1a: Landorus|Intimidate|boost
|-fail|p2a: Dragapult|unboost|[from] ability: Clear Body|[of] p2a: Dragapult
|move|p2a: Dragapult|Phantom Force|p1a: Landorus|[from]lockedmove
|-damage|p1a: Landorus|0 fnt
|faint|p1a: Landorus
|
|-weather|Hail|[upkeep]
|-damage|p2a: Dragapult|9/100|[from] Hail
|upkeep
|
|t:|1641733103
|switch|p1a: Urshifu|Urshifu-Rapid-Strike, F|100/100
|-damage|p1a: Urshifu|94/100|[from] Stealth Rock
|turn|10
|l| SL21CC tangkeke
|
|t:|1641733128
|move|p1a: Urshifu|Aqua Jet|p2a: Dragapult
|-resisted|p2a: Dragapult
|-damage|p2a: Dragapult|0 fnt
|faint|p2a: Dragapult
|
|-weather|Hail|[upkeep]
|-damage|p1a: Urshifu|88/100|[from] Hail
|upkeep
|
|t:|1641733130
|switch|p2a: Cloyster|Cloyster, M|100/100
|turn|11
|
|t:|1641733137
|switch|p1a: Slowking|Slowking, M|100/100
|move|p2a: Cloyster|Shell Smash|p2a: Cloyster
|-unboost|p2a: Cloyster|def|1
|-unboost|p2a: Cloyster|spd|1
|-boost|p2a: Cloyster|atk|2
|-boost|p2a: Cloyster|spa|2
|-boost|p2a: Cloyster|spe|2
|
|-weather|Hail|[upkeep]
|-damage|p1a: Slowking|94/100|[from] Hail
|upkeep
|turn|12
|
|t:|1641733142
|move|p2a: Cloyster|Pin Missile|p1a: Slowking
|-supereffective|p1a: Slowking
|-damage|p1a: Slowking|73/100
|-supereffective|p1a: Slowking
|-damage|p1a: Slowking|49/100
|-supereffective|p1a: Slowking
|-damage|p1a: Slowking|24/100
|-supereffective|p1a: Slowking
|-damage|p1a: Slowking|3/100
|-supereffective|p1a: Slowking
|-crit|p1a: Slowking
|-damage|p1a: Slowking|0 fnt
|faint|p1a: Slowking
|-hitcount|p1: Slowking|5
|
|-weather|Hail|[upkeep]
|upkeep
|j| adreamew
|
|t:|1641733152
|switch|p1a: Urshifu|Urshifu-Rapid-Strike, F|88/100
|-damage|p1a: Urshifu|82/100|[from] Stealth Rock
|turn|13
|
|t:|1641733158
|move|p2a: Cloyster|Icicle Spear|p1a: Urshifu
|-resisted|p1a: Urshifu
|-crit|p1a: Urshifu
|-damage|p1a: Urshifu|63/100
|-resisted|p1a: Urshifu
|-damage|p1a: Urshifu|52/100
|-resisted|p1a: Urshifu
|-damage|p1a: Urshifu|41/100
|-resisted|p1a: Urshifu
|-damage|p1a: Urshifu|29/100
|-resisted|p1a: Urshifu
|-damage|p1a: Urshifu|18/100
|-hitcount|p1a: Urshifu|5
|move|p1a: Urshifu|Close Combat|p2a: Cloyster
|-supereffective|p2a: Cloyster
|-damage|p2a: Cloyster|0 fnt
|-unboost|p1a: Urshifu|def|1
|-unboost|p1a: Urshifu|spd|1
|faint|p2a: Cloyster
|
|-weather|none
|upkeep
|
|t:|1641733175
|switch|p2a: Ninetales|Ninetales-Alola, F|13/100
|-weather|Hail|[from] ability: Snow Warning|[of] p2a: Ninetales
|turn|14
|
|t:|1641733181
|switch|p1a: Arctozolt|Arctozolt|100/100
|move|p2a: Ninetales|Aurora Veil|p2a: Ninetales
|-sidestart|p2: water GH0ST|move: Aurora Veil
|
|-weather|Hail|[upkeep]
|upkeep
|turn|15
|
|t:|1641733183
|move|p1a: Arctozolt|Substitute|p1a: Arctozolt
|-start|p1a: Arctozolt|Substitute
|-damage|p1a: Arctozolt|76/100
|move|p2a: Ninetales|Encore|p1a: Arctozolt
|-start|p1a: Arctozolt|Encore
|
|-weather|Hail|[upkeep]
|upkeep
|turn|16
|j| over mountains
|
|t:|1641733200
|switch|p1a: Tornadus|Tornadus-Therian, M|100/100
|-damage|p1a: Tornadus|76/100|[from] Stealth Rock
|switch|p2a: Scizor|Scizor, F|100/100
|
|-weather|Hail|[upkeep]
|-damage|p1a: Tornadus|70/100|[from] Hail
|-damage|p2a: Scizor|94/100|[from] Hail
|-heal|p2a: Scizor|100/100|[from] item: Leftovers
|upkeep
|turn|17
|
|t:|1641733211
|move|p1a: Tornadus|Heat Wave|p2a: Scizor
|-supereffective|p2a: Scizor
|-damage|p2a: Scizor|48/100
|move|p2a: Scizor|Swords Dance|p2a: Scizor
|-boost|p2a: Scizor|atk|2
|
|-weather|Hail|[upkeep]
|-damage|p1a: Tornadus|63/100|[from] Hail
|-damage|p2a: Scizor|42/100|[from] Hail
|-heal|p2a: Scizor|48/100|[from] item: Leftovers
|upkeep
|turn|18
|
|t:|1641733220
|move|p2a: Scizor|Bullet Punch|p1a: Tornadus
|-damage|p1a: Tornadus|0 fnt
|faint|p1a: Tornadus
|
|-weather|none
|-heal|p2a: Scizor|54/100|[from] item: Leftovers
|upkeep
|
|t:|1641733232
|switch|p1a: Arctozolt|Arctozolt|76/100
|turn|19
|
|t:|1641733235
|move|p2a: Scizor|Bullet Punch|p1a: Arctozolt
|-crit|p1a: Arctozolt
|-damage|p1a: Arctozolt|0 fnt
|faint|p1a: Arctozolt
|
|-heal|p2a: Scizor|60/100|[from] item: Leftovers
|upkeep
|-message|sl21cc jialing forfeited.
|
|win|water GH0ST
|raw|sl21cc jialing's rating: 1323 &rarr; <strong>1304</strong><br />(-19 for losing)
|raw|water GH0ST's rating: 1246 &rarr; <strong>1265</strong><br />(+19 for winning)
|l|☆sl21cc jialing
|l| Suta Pulachina
|l|♚cscl
|l| SL21CC Pichiu
|l| SL21CCxiaomiaomiao
|l|☆water GH0ST
