|raw|<div class="broadcast-blue"><strong>This battle is required to be public due to a player having a name starting with 'sl21cc'.</div>
|j|☆SL21CC ginko
|j|☆sl21cc jialing
|t:|1641741768
|gametype|singles
|player|p1|SL21CC ginko|line38324.png|1302
|player|p2|sl21cc jialing|bellelba|1252
|teamsize|p1|6
|teamsize|p2|6
|gen|8
|tier|[Gen 8] OU
|rated|
|rule|Sleep Clause Mod: Limit one foe put to sleep
|rule|Species Clause: Limit one of each Pokémon
|rule|OHKO Clause: OHKO moves are banned
|rule|Evasion Moves Clause: Evasion moves are banned
|rule|Endless Battle Clause: Forcing endless battles is banned
|rule|HP Percentage Mod: HP is shown in percentages
|rule|Dynamax Clause: You cannot dynamax
|clearpoke
|poke|p1|Heatran, M|
|poke|p1|Moltres-Galar|
|poke|p1|Dragapult, F|
|poke|p1|Garchomp, M|
|poke|p1|Cloyster, F|
|poke|p1|Kartana|
|poke|p2|Blacephalon|
|poke|p2|Tapu Lele|
|poke|p2|Tapu Fini|
|poke|p2|Dragonite, F|
|poke|p2|Heatran, F|
|poke|p2|Landorus-Therian, M|
|teampreview
|j| adreamew
|j|♚aro nova
|j| water GH0ST
|j|♚The Steel Shadow
|
|t:|1641741790
|start
|switch|p1a: Kartana|Kartana|100/100
|switch|p2a: Tapu Lele|Tapu Lele|100/100
|-fieldstart|move: Psychic Terrain|[from] ability: Psychic Surge|[of] p2a: Tapu Lele
|turn|1
|j| 9skythunderouskick
|l| 9skythunderouskick
|inactive|Battle timer is ON: inactive players will automatically lose when time's up. (requested by SL21CC ginko)
|
|t:|1641741801
|switch|p2a: Heatran|Heatran, F|100/100
|move|p1a: Kartana|Smart Strike|p2a: Heatran
|-resisted|p2a: Heatran
|-damage|p2a: Heatran|94/100
|
|-heal|p2a: Heatran|99/100|[from] item: Leftovers
|upkeep
|turn|2
|
|t:|1641741807
|switch|p1a: Heatran|Heatran, M|100/100
|-item|p1a: Heatran|Air Balloon
|move|p2a: Heatran|Stealth Rock|p1a: Heatran
|-sidestart|p1: SL21CC ginko|move: Stealth Rock
|
|-heal|p2a: Heatran|100/100|[from] item: Leftovers
|upkeep
|turn|3
|
|t:|1641741819
|switch|p2a: Landorus|Landorus-Therian, M|100/100
|-ability|p2a: Landorus|Intimidate|boost
|-unboost|p1a: Heatran|atk|1
|move|p1a: Heatran|Stealth Rock|p2a: Landorus
|-sidestart|p2: sl21cc jialing|move: Stealth Rock
|
|upkeep
|turn|4
|
|t:|1641741823
|move|p1a: Heatran|Eruption|p2a: Landorus
|-damage|p2a: Landorus|32/100
|move|p2a: Landorus|Knock Off|p1a: Heatran
|-damage|p1a: Heatran|71/100
|-enditem|p1a: Heatran|Air Balloon
|
|-heal|p2a: Landorus|38/100|[from] item: Leftovers
|upkeep
|turn|5
|
|t:|1641741835
|move|p1a: Heatran|Magma Storm|p2a: Landorus
|-damage|p2a: Landorus|0 fnt
|faint|p2a: Landorus
|
|-fieldend|move: Psychic Terrain
|upkeep
|
|t:|1641741839
|switch|p2a: Dragonite|Dragonite, F|100/100
|turn|6
|
|t:|1641741843
|switch|p1a: Cloyster|Cloyster, F|100/100
|move|p2a: Dragonite|Dragon Dance|p2a: Dragonite
|-boost|p2a: Dragonite|atk|1
|-boost|p2a: Dragonite|spe|1
|
|upkeep
|turn|7
|j| 9skythunderouskick
|j| eastnovel
|
|t:|1641741852
|switch|p2a: Tapu Fini|Tapu Fini|100/100
|-damage|p2a: Tapu Fini|88/100|[from] Stealth Rock
|-fieldstart|move: Misty Terrain|[from] ability: Misty Surge|[of] p2a: Tapu Fini
|move|p1a: Cloyster|Icicle Spear|p2a: Tapu Fini
|-resisted|p2a: Tapu Fini
|-damage|p2a: Tapu Fini|84/100
|-resisted|p2a: Tapu Fini
|-damage|p2a: Tapu Fini|79/100
|-resisted|p2a: Tapu Fini
|-damage|p2a: Tapu Fini|75/100
|-resisted|p2a: Tapu Fini
|-damage|p2a: Tapu Fini|70/100
|-resisted|p2a: Tapu Fini
|-damage|p2a: Tapu Fini|65/100
|-hitcount|p2a: Tapu Fini|5
|
|-heal|p2a: Tapu Fini|71/100|[from] item: Leftovers
|upkeep
|turn|8
|l| eastnovel
|j|+dragonitenb
|j| jingtianlangtaosha
|
|t:|1641741881
|move|p2a: Tapu Fini|Calm Mind|p2a: Tapu Fini
|-boost|p2a: Tapu Fini|spa|1
|-boost|p2a: Tapu Fini|spd|1
|move|p1a: Cloyster|Shell Smash|p1a: Cloyster
|-unboost|p1a: Cloyster|def|1
|-unboost|p1a: Cloyster|spd|1
|-boost|p1a: Cloyster|atk|2
|-boost|p1a: Cloyster|spa|2
|-boost|p1a: Cloyster|spe|2
|
|-heal|p2a: Tapu Fini|77/100|[from] item: Leftovers
|upkeep
|turn|9
|
|t:|1641741885
|move|p1a: Cloyster|Explosion|p2a: Tapu Fini
|-damage|p2a: Tapu Fini|0 fnt
|faint|p1a: Cloyster
|faint|p2a: Tapu Fini
|
|upkeep
|
|t:|1641741895
|switch|p2a: Tapu Lele|Tapu Lele|100/100
|switch|p1a: Dragapult|Dragapult, F|100/100
|-damage|p2a: Tapu Lele|88/100|[from] Stealth Rock
|-fieldstart|move: Psychic Terrain|[from] ability: Psychic Surge|[of] p2a: Tapu Lele
|-damage|p1a: Dragapult|88/100|[from] Stealth Rock
|turn|10
|
|t:|1641741903
|switch|p1a: Heatran|Heatran, M|71/100
|-damage|p1a: Heatran|59/100|[from] Stealth Rock
|move|p2a: Tapu Lele|Moonblast|p1a: Heatran
|-resisted|p1a: Heatran
|-damage|p1a: Heatran|47/100
|
|upkeep
|turn|11
|
|t:|1641741912
|switch|p2a: Dragonite|Dragonite, F|100/100
|move|p1a: Heatran|Eruption|p2a: Dragonite
|-resisted|p2a: Dragonite
|-damage|p2a: Dragonite|91/100
|
|upkeep
|turn|12
|
|t:|1641741925
|switch|p1a: Kartana|Kartana|100/100
|-damage|p1a: Kartana|94/100|[from] Stealth Rock
|move|p2a: Dragonite|Dragon Dance|p2a: Dragonite
|-boost|p2a: Dragonite|atk|1
|-boost|p2a: Dragonite|spe|1
|
|upkeep
|turn|13
|
|t:|1641741940
|move|p1a: Kartana|Smart Strike|p2a: Dragonite
|-damage|p2a: Dragonite|41/100
|move|p2a: Dragonite|Fire Punch|p1a: Kartana
|-supereffective|p1a: Kartana
|-damage|p1a: Kartana|0 fnt
|faint|p1a: Kartana
|
|upkeep
|
|t:|1641741947
|switch|p1a: Moltres|Moltres-Galar|100/100
|turn|14
|
|t:|1641741964
|move|p2a: Dragonite|Roost|p2a: Dragonite
|-heal|p2a: Dragonite|92/100
|-singleturn|p2a: Dragonite|move: Roost
|move|p1a: Moltres|Fiery Wrath|p2a: Dragonite
|-damage|p2a: Dragonite|44/100
|
|-fieldend|move: Psychic Terrain
|upkeep
|turn|15
|
|t:|1641741977
|move|p2a: Dragonite|Roost|p2a: Dragonite
|-heal|p2a: Dragonite|94/100
|-singleturn|p2a: Dragonite|move: Roost
|move|p1a: Moltres|Agility|p1a: Moltres
|-boost|p1a: Moltres|spe|2
|
|upkeep
|turn|16
|
|t:|1641741998
|move|p1a: Moltres|Nasty Plot|p1a: Moltres
|-boost|p1a: Moltres|spa|2
|move|p2a: Dragonite|Dragon Dance|p2a: Dragonite
|-boost|p2a: Dragonite|atk|1
|-boost|p2a: Dragonite|spe|1
|
|upkeep
|turn|17
|
|t:|1641742006
|move|p1a: Moltres|Fiery Wrath|p2a: Dragonite
|-damage|p2a: Dragonite|0 fnt
|faint|p2a: Dragonite
|
|upkeep
|-message|sl21cc jialing forfeited.
|
|win|SL21CC ginko
|raw|SL21CC ginko's rating: 1302 &rarr; <strong>1315</strong><br />(+13 for winning)
|raw|sl21cc jialing's rating: 1252 &rarr; <strong>1239</strong><br />(-13 for losing)
|l|☆sl21cc jialing
|l|+dragonitenb
|l| 9skythunderouskick
|l|☆SL21CC ginko
|l| water GH0ST
|l|♚The Steel Shadow
|l| jingtianlangtaosha
