|j|☆rffydsdhh
|j|☆SL21CC 东方不败
|t:|1641813724
|gametype|singles
|player|p1|rffydsdhh|liza|1231
|player|p2|SL21CC 东方不败|101|1232
|teamsize|p1|6
|teamsize|p2|6
|gen|8
|tier|[Gen 8] OU
|rated|
|rule|Sleep Clause Mod: Limit one foe put to sleep
|rule|Species Clause: Limit one of each Pokémon
|rule|OHKO Clause: OHKO moves are banned
|rule|Evasion Moves Clause: Evasion moves are banned
|rule|Endless Battle Clause: Forcing endless battles is banned
|rule|HP Percentage Mod: HP is shown in percentages
|rule|Dynamax Clause: You cannot dynamax
|clearpoke
|poke|p1|Nihilego|
|poke|p1|Zapdos-Galar|
|poke|p1|Kartana|
|poke|p1|Celesteela|
|poke|p1|Garchomp, M|
|poke|p1|Tapu Fini|
|poke|p2|Aegislash, F|
|poke|p2|Urshifu-*, M|
|poke|p2|Landorus-Therian, M|
|poke|p2|Tapu Lele|
|poke|p2|Toxapex, M|
|poke|p2|Weavile, F|
|teampreview
|
|t:|1641813734
|start
|switch|p1a: Zapdos|Zapdos-Galar|100/100
|switch|p2a: Aegislash|Aegislash, F|100/100
|turn|1
|
|t:|1641813739
|move|p1a: Zapdos|Stomping Tantrum|p2a: Aegislash
|-supereffective|p2a: Aegislash
|-damage|p2a: Aegislash|25/100
|-formechange|p2a: Aegislash|Aegislash-Blade||[from] ability: Stance Change
|move|p2a: Aegislash|Shadow Ball|p1a: Zapdos
|-damage|p1a: Zapdos|19/100
|
|upkeep
|turn|2
|
|t:|1641813746
|switch|p1a: Garchomp|Garchomp, M, shiny|100/100
|switch|p2a: Landorus|Landorus-Therian, M|100/100
|-ability|p2a: Landorus|Intimidate|boost
|-unboost|p1a: Garchomp|atk|1
|
|upkeep
|turn|3
|
|t:|1641813749
|move|p1a: Garchomp|Stealth Rock|p2a: Landorus
|-sidestart|p2: SL21CC 东方不败|move: Stealth Rock
|move|p2a: Landorus|Stealth Rock|p1a: Garchomp
|-sidestart|p1: rffydsdhh|move: Stealth Rock
|
|upkeep
|turn|4
|
|t:|1641813754
|move|p1a: Garchomp|Toxic|p2a: Landorus|[miss]
|-miss|p1a: Garchomp|p2a: Landorus
|move|p2a: Landorus|U-turn|p1a: Garchomp
|-damage|p1a: Garchomp|83/100
|-damage|p2a: Landorus|88/100|[from] ability: Rough Skin|[of] p1a: Garchomp
|-damage|p2a: Landorus|72/100|[from] item: Rocky Helmet|[of] p1a: Garchomp
|
|t:|1641813757
|switch|p2a: Weavile|Weavile, F|100/100|[from]move: U-turn
|-ability|p2a: Weavile|Pressure
|
|upkeep
|turn|5
|
|t:|1641813771
|move|p2a: Weavile|Triple Axel|p1a: Garchomp
|-supereffective|p1a: Garchomp
|-damage|p1a: Garchomp|51/100
|-damage|p2a: Weavile|88/100|[from] ability: Rough Skin|[of] p1a: Garchomp
|-damage|p2a: Weavile|72/100|[from] item: Rocky Helmet|[of] p1a: Garchomp
|-supereffective|p1a: Garchomp
|-damage|p1a: Garchomp|0 fnt
|-damage|p2a: Weavile|59/100|[from] ability: Rough Skin|[of] p1a: Garchomp
|-damage|p2a: Weavile|43/100|[from] item: Rocky Helmet|[of] p1a: Garchomp
|faint|p1a: Garchomp
|-hitcount|p1: Garchomp|2
|
|upkeep
|
|t:|1641813775
|switch|p1a: Kartana|Kartana, shiny|100/100
|-damage|p1a: Kartana|94/100|[from] Stealth Rock
|turn|6
|
|t:|1641813779
|switch|p2a: Toxapex|Toxapex, M|100/100
|-damage|p2a: Toxapex|88/100|[from] Stealth Rock
|move|p1a: Kartana|Leaf Blade|p2a: Toxapex
|-damage|p2a: Toxapex|48/100
|-enditem|p2a: Toxapex|Eject Button
|
|t:|1641813789
|switch|p2a: Landorus|Landorus-Therian, M|72/100
|-damage|p2a: Landorus|59/100|[from] Stealth Rock
|-ability|p2a: Landorus|Intimidate|boost
|-unboost|p1a: Kartana|atk|1
|
|-heal|p2a: Landorus|65/100|[from] item: Leftovers
|upkeep
|turn|7
|
|t:|1641813799
|move|p1a: Kartana|Leaf Blade|p2a: Landorus
|-damage|p2a: Landorus|24/100
|move|p2a: Landorus|Knock Off|p1a: Kartana
|-damage|p1a: Kartana|62/100
|-enditem|p1a: Kartana|Choice Scarf|[from] move: Knock Off|[of] p2a: Landorus
|
|-heal|p2a: Landorus|30/100|[from] item: Leftovers
|upkeep
|turn|8
|j|+Chaos23333
|
|t:|1641813810
|switch|p1a: Zapdos|Zapdos-Galar|19/100
|-damage|p1a: Zapdos|6/100|[from] Stealth Rock
|switch|p2a: Aegislash|Aegislash, F|25/100
|-damage|p2a: Aegislash|19/100|[from] Stealth Rock
|
|upkeep
|turn|9
|
|t:|1641813813
|-formechange|p2a: Aegislash|Aegislash-Blade||[from] ability: Stance Change
|move|p2a: Aegislash|Shadow Sneak|p1a: Zapdos
|-damage|p1a: Zapdos|0 fnt
|faint|p1a: Zapdos
|
|upkeep
|
|t:|1641813818
|switch|p1a: Celesteela|Celesteela, shiny|100/100
|-damage|p1a: Celesteela|88/100|[from] Stealth Rock
|turn|10
|
|t:|1641813826
|move|p2a: Aegislash|Shadow Sneak|p1a: Celesteela
|-damage|p1a: Celesteela|71/100
|move|p1a: Celesteela|Autotomize|p1a: Celesteela
|-boost|p1a: Celesteela|spe|2
|-start|p1a: Celesteela|Autotomize
|
|upkeep
|turn|11
|
|t:|1641813832
|move|p2a: Aegislash|Shadow Sneak|p1a: Celesteela
|-damage|p1a: Celesteela|56/100
|move|p1a: Celesteela|Air Slash|p2a: Aegislash
|-resisted|p2a: Aegislash
|-damage|p2a: Aegislash|0 fnt
|faint|p2a: Aegislash
|-ability|p1a: Celesteela|Beast Boost|boost
|-boost|p1a: Celesteela|spa|1
|
|upkeep
|
|t:|1641813838
|switch|p2a: Toxapex|Toxapex, M|81/100
|-damage|p2a: Toxapex|68/100|[from] Stealth Rock
|turn|12
|
|t:|1641813842
|move|p1a: Celesteela|Meteor Beam||[still]
|-prepare|p1a: Celesteela|Meteor Beam
|-boost|p1a: Celesteela|spa|1
|-enditem|p1a: Celesteela|Power Herb
|-anim|p1a: Celesteela|Meteor Beam|p2a: Toxapex
|-damage|p2a: Toxapex|12/100
|move|p2a: Toxapex|Haze|p2a: Toxapex
|-clearallboost
|
|upkeep
|turn|13
|j| SL21CC CatF
|
|t:|1641813851
|switch|p2a: Tapu Lele|Tapu Lele|100/100
|-damage|p2a: Tapu Lele|88/100|[from] Stealth Rock
|-fieldstart|move: Psychic Terrain|[from] ability: Psychic Surge|[of] p2a: Tapu Lele
|move|p1a: Celesteela|Air Slash|p2a: Tapu Lele
|-damage|p2a: Tapu Lele|49/100
|
|upkeep
|turn|14
|l| SL21CC CatF
|
|t:|1641813857
|move|p2a: Tapu Lele|Psyshock|p1a: Celesteela
|-resisted|p1a: Celesteela
|-damage|p1a: Celesteela|25/100
|move|p1a: Celesteela|Air Slash|p2a: Tapu Lele|[miss]
|-miss|p1a: Celesteela|p2a: Tapu Lele
|
|upkeep
|turn|15
|
|t:|1641813863
|move|p2a: Tapu Lele|Psyshock|p1a: Celesteela
|-resisted|p1a: Celesteela
|-damage|p1a: Celesteela|0 fnt
|faint|p1a: Celesteela
|
|upkeep
|
|t:|1641813869
|switch|p1a: Kartana|Kartana, shiny|62/100
|-damage|p1a: Kartana|56/100|[from] Stealth Rock
|turn|16
|inactive|Battle timer is ON: inactive players will automatically lose when time's up. (requested by rffydsdhh)
|
|t:|1641813880
|switch|p2a: Landorus|Landorus-Therian, M|30/100
|-damage|p2a: Landorus|18/100|[from] Stealth Rock
|-ability|p2a: Landorus|Intimidate|boost
|-unboost|p1a: Kartana|atk|1
|move|p1a: Kartana|Leaf Blade|p2a: Landorus
|-damage|p2a: Landorus|0 fnt
|faint|p2a: Landorus
|-ability|p1a: Kartana|Beast Boost|boost
|-boost|p1a: Kartana|atk|1
|
|upkeep
|
|t:|1641813889
|switch|p2a: Tapu Lele|Tapu Lele|49/100
|-damage|p2a: Tapu Lele|37/100|[from] Stealth Rock
|turn|17
|
|t:|1641813892
|move|p2a: Tapu Lele|Future Sight|p1a: Kartana
|-start|p2a: Tapu Lele|move: Future Sight
|move|p1a: Kartana|Leaf Blade|p2a: Tapu Lele
|-crit|p2a: Tapu Lele
|-damage|p2a: Tapu Lele|0 fnt
|faint|p2a: Tapu Lele
|-ability|p1a: Kartana|Beast Boost|boost
|-boost|p1a: Kartana|atk|1
|
|-fieldend|move: Psychic Terrain
|upkeep
|j| suicidu
|
|t:|1641813901
|switch|p2a: Weavile|Weavile, F|43/100
|-ability|p2a: Weavile|Pressure
|turn|18
|
|t:|1641813911
|move|p2a: Weavile|Triple Axel|p1a: Kartana
|-damage|p1a: Kartana|44/100
|-damage|p1a: Kartana|23/100
|-damage|p1a: Kartana|0 fnt
|faint|p1a: Kartana
|-hitcount|p1: Kartana|3
|
|upkeep
|
|t:|1641813927
|switch|p1a: Nihilego|Nihilego, shiny|100/100
|-damage|p1a: Nihilego|88/100|[from] Stealth Rock
|turn|19
|l|+Chaos23333
|
|t:|1641813943
|move|p2a: Weavile|Knock Off|p1a: Nihilego
|-damage|p1a: Nihilego|16/100
|-enditem|p1a: Nihilego|Power Herb|[from] move: Knock Off|[of] p2a: Weavile
|move|p1a: Nihilego|Meteor Beam||[still]
|-prepare|p1a: Nihilego|Meteor Beam
|-boost|p1a: Nihilego|spa|1
|
|-end|p1a: Nihilego|move: Future Sight
|-supereffective|p1a: Nihilego
|-damage|p1a: Nihilego|0 fnt
|faint|p1a: Nihilego
|upkeep
|
|t:|1641813968
|switch|p1a: Tapu Fini|Tapu Fini, shiny|100/100
|-damage|p1a: Tapu Fini|88/100|[from] Stealth Rock
|-fieldstart|move: Misty Terrain|[from] ability: Misty Surge|[of] p1a: Tapu Fini
|turn|20
|
|t:|1641813972
|move|p2a: Weavile|Knock Off|p1a: Tapu Fini
|-resisted|p1a: Tapu Fini
|-damage|p1a: Tapu Fini|72/100
|-enditem|p1a: Tapu Fini|Leftovers|[from] move: Knock Off|[of] p2a: Weavile
|move|p1a: Tapu Fini|Draining Kiss|p2a: Weavile
|-supereffective|p2a: Weavile
|-crit|p2a: Weavile
|-damage|p2a: Weavile|0 fnt
|-heal|p1a: Tapu Fini|98/100|[from] drain|[of] p2a: Weavile
|faint|p2a: Weavile
|
|upkeep
|
|t:|1641813976
|switch|p2a: Toxapex|Toxapex, M|45/100
|-damage|p2a: Toxapex|32/100|[from] Stealth Rock
|turn|21
|
|t:|1641813982
|switch|p2a: Urshifu|Urshifu-Rapid-Strike, M|100/100
|-damage|p2a: Urshifu|94/100|[from] Stealth Rock
|move|p1a: Tapu Fini|Taunt|p2a: Urshifu
|-start|p2a: Urshifu|move: Taunt
|
|upkeep
|turn|22
|
|t:|1641813986
|move|p2a: Urshifu|U-turn|p1a: Tapu Fini
|-resisted|p1a: Tapu Fini
|-damage|p1a: Tapu Fini|89/100
|
|t:|1641813988
|switch|p2a: Toxapex|Toxapex, M|66/100|[from]move: U-turn
|-damage|p2a: Toxapex|53/100|[from] Stealth Rock
|move|p1a: Tapu Fini|Calm Mind|p1a: Tapu Fini
|-boost|p1a: Tapu Fini|spa|1
|-boost|p1a: Tapu Fini|spd|1
|
|upkeep
|turn|23
|
|t:|1641813991
|move|p1a: Tapu Fini|Taunt|p2a: Toxapex
|-start|p2a: Toxapex|move: Taunt
|move|p2a: Toxapex|Poison Jab|p1a: Tapu Fini
|-supereffective|p1a: Tapu Fini
|-damage|p1a: Tapu Fini|64/100
|
|upkeep
|turn|24
|
|t:|1641814001
|move|p1a: Tapu Fini|Calm Mind|p1a: Tapu Fini
|-boost|p1a: Tapu Fini|spa|1
|-boost|p1a: Tapu Fini|spd|1
|move|p2a: Toxapex|Poison Jab|p1a: Tapu Fini
|-supereffective|p1a: Tapu Fini
|-damage|p1a: Tapu Fini|38/100
|
|-fieldend|Misty Terrain
|upkeep
|turn|25
|
|t:|1641814005
|move|p1a: Tapu Fini|Draining Kiss|p2a: Toxapex
|-resisted|p2a: Toxapex
|-damage|p2a: Toxapex|40/100
|-heal|p1a: Tapu Fini|47/100|[from] drain|[of] p2a: Toxapex
|move|p2a: Toxapex|Poison Jab|p1a: Tapu Fini
|-supereffective|p1a: Tapu Fini
|-damage|p1a: Tapu Fini|21/100
|
|-end|p2a: Toxapex|move: Taunt
|upkeep
|turn|26
|
|t:|1641814009
|move|p1a: Tapu Fini|Draining Kiss|p2a: Toxapex
|-resisted|p2a: Toxapex
|-damage|p2a: Toxapex|25/100
|-heal|p1a: Tapu Fini|31/100|[from] drain|[of] p2a: Toxapex
|move|p2a: Toxapex|Poison Jab|p1a: Tapu Fini
|-supereffective|p1a: Tapu Fini
|-damage|p1a: Tapu Fini|6/100
|
|upkeep
|turn|27
|j| adreamew
|
|t:|1641814015
|move|p1a: Tapu Fini|Scald|p2a: Toxapex
|-resisted|p2a: Toxapex
|-damage|p2a: Toxapex|5/100
|move|p2a: Toxapex|Poison Jab|p1a: Tapu Fini
|-supereffective|p1a: Tapu Fini
|-damage|p1a: Tapu Fini|0 fnt
|faint|p1a: Tapu Fini
|
|win|SL21CC 东方不败
|raw|rffydsdhh's rating: 1231 &rarr; <strong>1215</strong><br />(-16 for losing)
|raw|SL21CC 东方不败's rating: 1232 &rarr; <strong>1248</strong><br />(+16 for winning)
|l|☆rffydsdhh
|l|☆SL21CC 东方不败
|l| suicidu
