|raw|<div class="broadcast-blue"><strong>This battle is required to be public due to a player having a name starting with 'sl21cc'.</div>
|j|☆SL21CC Leviathan
|j|☆SL21CC姐ISthequeen
|t:|1641820948
|gametype|singles
|player|p1|SL21CC Leviathan|guitarist|1210
|player|p2|SL21CC姐ISthequeen|cynthia|1310
|teamsize|p1|6
|teamsize|p2|6
|gen|8
|tier|[Gen 8] OU
|rated|
|rule|Sleep Clause Mod: Limit one foe put to sleep
|rule|Species Clause: Limit one of each Pokémon
|rule|OHKO Clause: OHKO moves are banned
|rule|Evasion Moves Clause: Evasion moves are banned
|rule|Endless Battle Clause: Forcing endless battles is banned
|rule|HP Percentage Mod: HP is shown in percentages
|rule|Dynamax Clause: You cannot dynamax
|clearpoke
|poke|p1|Tapu Lele|
|poke|p1|Dragonite, F|
|poke|p1|Landorus-Therian, M|
|poke|p1|Magnezone|
|poke|p1|Kartana|
|poke|p1|Blissey, F|
|poke|p2|Thundurus, M|
|poke|p2|Ferrothorn, F|
|poke|p2|Garchomp, M|
|poke|p2|Scizor, F|
|poke|p2|Heatran, M|
|poke|p2|Dragapult, M|
|teampreview
|j| adreamew
|
|t:|1641820960
|start
|switch|p1a: Tapu Lele|Tapu Lele|100/100
|switch|p2a: Garchomp|Garchomp, M|100/100
|-fieldstart|move: Psychic Terrain|[from] ability: Psychic Surge|[of] p1a: Tapu Lele
|turn|1
|
|t:|1641820966
|move|p2a: Garchomp|Protect|p2a: Garchomp
|-singleturn|p2a: Garchomp|Protect
|move|p1a: Tapu Lele|Focus Blast|p2a: Garchomp
|-activate|p2a: Garchomp|move: Protect
|
|upkeep
|turn|2
|
|t:|1641820971
|switch|p1a: Landorus|Landorus-Therian, M|100/100
|-ability|p1a: Landorus|Intimidate|boost
|-unboost|p2a: Garchomp|atk|1
|move|p2a: Garchomp|Stealth Rock|p1a: Landorus
|-sidestart|p1: SL21CC Leviathan|move: Stealth Rock
|
|upkeep
|turn|3
|j| SL21CC Burger King
|
|t:|1641820983
|move|p2a: Garchomp|Toxic|p1a: Landorus
|-status|p1a: Landorus|tox
|move|p1a: Landorus|Toxic|p2a: Garchomp
|-status|p2a: Garchomp|tox
|
|-damage|p2a: Garchomp|94/100 tox|[from] psn
|-damage|p1a: Landorus|94/100 tox|[from] psn
|upkeep
|turn|4
|
|t:|1641820986
|switch|p2a: Ferrothorn|Ferrothorn, F|100/100
|move|p1a: Landorus|Stealth Rock|p2a: Ferrothorn
|-sidestart|p2: SL21CC姐ISthequeen|move: Stealth Rock
|
|-damage|p1a: Landorus|82/100 tox|[from] psn
|upkeep
|turn|5
|j| sl21cc ryekie
|l| SL21CC Burger King
|
|t:|1641820998
|move|p1a: Landorus|U-turn|p2a: Ferrothorn
|-crit|p2a: Ferrothorn
|-damage|p2a: Ferrothorn|83/100
|-damage|p1a: Landorus|70/100 tox|[from] ability: Iron Barbs|[of] p2a: Ferrothorn
|-damage|p1a: Landorus|54/100 tox|[from] item: Rocky Helmet|[of] p2a: Ferrothorn
|
|t:|1641821000
|switch|p1a: Magnezone|Magnezone|100/100|[from]move: U-turn
|-damage|p1a: Magnezone|94/100|[from] Stealth Rock
|move|p2a: Ferrothorn|Leech Seed|p1a: Magnezone
|-start|p1a: Magnezone|move: Leech Seed
|
|-heal|p1a: Magnezone|100/100|[from] item: Leftovers
|-damage|p1a: Magnezone|88/100|[from] Leech Seed|[of] p2a: Ferrothorn
|-heal|p2a: Ferrothorn|94/100|[silent]
|-fieldend|move: Psychic Terrain
|upkeep
|turn|6
|
|t:|1641821004
|move|p1a: Magnezone|Iron Defense|p1a: Magnezone
|-boost|p1a: Magnezone|def|2
|move|p2a: Ferrothorn|Spikes|p1a: Magnezone
|-sidestart|p1: SL21CC Leviathan|Spikes
|
|-heal|p1a: Magnezone|94/100|[from] item: Leftovers
|-damage|p1a: Magnezone|82/100|[from] Leech Seed|[of] p2a: Ferrothorn
|-heal|p2a: Ferrothorn|100/100|[silent]
|upkeep
|turn|7
|
|t:|1641821007
|move|p1a: Magnezone|Iron Defense|p1a: Magnezone
|-boost|p1a: Magnezone|def|2
|move|p2a: Ferrothorn|Spikes|p1a: Magnezone
|-sidestart|p1: SL21CC Leviathan|Spikes
|
|-heal|p1a: Magnezone|88/100|[from] item: Leftovers
|-damage|p1a: Magnezone|75/100|[from] Leech Seed|[of] p2a: Ferrothorn
|upkeep
|turn|8
|
|t:|1641821008
|move|p1a: Magnezone|Iron Defense|p1a: Magnezone
|-boost|p1a: Magnezone|def|2
|move|p2a: Ferrothorn|Body Press|p1a: Magnezone
|-supereffective|p1a: Magnezone
|-damage|p1a: Magnezone|63/100
|
|-heal|p1a: Magnezone|69/100|[from] item: Leftovers
|-damage|p1a: Magnezone|56/100|[from] Leech Seed|[of] p2a: Ferrothorn
|upkeep
|turn|9
|
|t:|1641821011
|move|p1a: Magnezone|Body Press|p2a: Ferrothorn
|-supereffective|p2a: Ferrothorn
|-damage|p2a: Ferrothorn|0 fnt
|-damage|p1a: Magnezone|44/100|[from] ability: Iron Barbs|[of] p2a: Ferrothorn
|-damage|p1a: Magnezone|27/100|[from] item: Rocky Helmet|[of] p2a: Ferrothorn
|faint|p2a: Ferrothorn
|
|-heal|p1a: Magnezone|33/100|[from] item: Leftovers
|upkeep
|j| sl21cckhl
|
|t:|1641821015
|switch|p2a: Dragapult|Dragapult, M|100/100
|-damage|p2a: Dragapult|88/100|[from] Stealth Rock
|turn|10
|
|t:|1641821019
|move|p2a: Dragapult|U-turn|p1a: Magnezone
|-resisted|p1a: Magnezone
|-damage|p1a: Magnezone|31/100
|
|t:|1641821027
|switch|p2a: Garchomp|Garchomp, M|94/100 tox|[from]move: U-turn
|-damage|p2a: Garchomp|88/100 tox|[from] Stealth Rock
|move|p1a: Magnezone|Toxic|p2a: Garchomp
|-fail|p2a: Garchomp|tox
|
|-heal|p2a: Garchomp|94/100 tox|[from] item: Leftovers
|-heal|p1a: Magnezone|37/100|[from] item: Leftovers
|-damage|p1a: Magnezone|25/100|[from] Leech Seed|[of] p2a: Garchomp
|-heal|p2a: Garchomp|100/100 tox|[silent]
|-damage|p2a: Garchomp|94/100 tox|[from] psn
|upkeep
|turn|11
|
|t:|1641821037
|move|p2a: Garchomp|Earthquake|p1a: Magnezone
|-supereffective|p1a: Magnezone
|-damage|p1a: Magnezone|0 fnt
|faint|p1a: Magnezone
|
|-heal|p2a: Garchomp|100/100 tox|[from] item: Leftovers
|-damage|p2a: Garchomp|88/100 tox|[from] psn
|upkeep
|
|t:|1641821042
|switch|p1a: Dragonite|Dragonite, F|100/100
|turn|12
|
|t:|1641821044
|move|p2a: Garchomp|Toxic|p1a: Dragonite
|-status|p1a: Dragonite|tox
|move|p1a: Dragonite|Defog|p2a: Garchomp
|-unboost|p2a: Garchomp|evasion|1
|-sideend|p2: SL21CC姐ISthequeen|Stealth Rock|[from] move: Defog|[of] p1a: Dragonite
|-sideend|p1: SL21CC Leviathan|Spikes|[from] move: Defog|[of] p1a: Dragonite
|-sideend|p1: SL21CC Leviathan|Stealth Rock|[from] move: Defog|[of] p1a: Dragonite
|
|-heal|p2a: Garchomp|94/100 tox|[from] item: Leftovers
|-damage|p2a: Garchomp|76/100 tox|[from] psn
|-damage|p1a: Dragonite|94/100 tox|[from] psn
|upkeep
|turn|13
|
|t:|1641821058
|switch|p1a: Landorus|Landorus-Therian, M|54/100 tox
|-ability|p1a: Landorus|Intimidate|boost
|-unboost|p2a: Garchomp|atk|1
|move|p2a: Garchomp|Stealth Rock|p1a: Landorus
|-sidestart|p1: SL21CC Leviathan|move: Stealth Rock
|
|-heal|p2a: Garchomp|82/100 tox|[from] item: Leftovers
|-damage|p2a: Garchomp|57/100 tox|[from] psn
|-damage|p1a: Landorus|47/100 tox|[from] psn
|upkeep
|turn|14
|
|t:|1641821062
|switch|p2a: Heatran|Heatran, M|100/100
|-item|p2a: Heatran|Air Balloon
|move|p1a: Landorus|Stealth Rock|p2a: Heatran
|-sidestart|p2: SL21CC姐ISthequeen|move: Stealth Rock
|
|-damage|p1a: Landorus|35/100 tox|[from] psn
|upkeep
|turn|15
|
|t:|1641821065
|move|p2a: Heatran|Eruption|p1a: Landorus
|-damage|p1a: Landorus|0 fnt
|faint|p1a: Landorus
|
|upkeep
|
|t:|1641821073
|switch|p1a: Blissey|Blissey, F|100/100
|turn|16
|
|t:|1641821076
|move|p2a: Heatran|Magma Storm|p1a: Blissey
|-damage|p1a: Blissey|78/100
|-activate|p1a: Blissey|move: Magma Storm|[of] p2a: Heatran
|move|p1a: Blissey|Thunder Wave|p2a: Heatran
|-status|p2a: Heatran|par
|
|-damage|p1a: Blissey|66/100|[from] move: Magma Storm|[partiallytrapped]
|upkeep
|turn|17
|
|t:|1641821079
|move|p2a: Heatran|Taunt|p1a: Blissey
|-start|p1a: Blissey|move: Taunt
|move|p1a: Blissey|Seismic Toss|p2a: Heatran
|-damage|p2a: Heatran|70/100 par
|-enditem|p2a: Heatran|Air Balloon
|
|-damage|p1a: Blissey|53/100|[from] move: Magma Storm|[partiallytrapped]
|upkeep
|turn|18
|
|t:|1641821081
|move|p2a: Heatran|Eruption|p1a: Blissey
|-damage|p1a: Blissey|31/100
|move|p1a: Blissey|Seismic Toss|p2a: Heatran
|-damage|p2a: Heatran|39/100 par
|
|-damage|p1a: Blissey|19/100|[from] move: Magma Storm|[partiallytrapped]
|upkeep
|turn|19
|
|t:|1641821084
|cant|p2a: Heatran|par
|move|p1a: Blissey|Seismic Toss|p2a: Heatran
|-damage|p2a: Heatran|8/100 par
|
|-damage|p1a: Blissey|6/100|[from] move: Magma Storm|[partiallytrapped]
|-end|p1a: Blissey|move: Taunt
|upkeep
|turn|20
|j| rffydsdhh
|
|t:|1641821090
|move|p2a: Heatran|Earth Power|p1a: Blissey
|-damage|p1a: Blissey|0 fnt
|faint|p1a: Blissey
|
|upkeep
|l| rffydsdhh
|j| xxxxxxs
|
|t:|1641821097
|switch|p1a: Kartana|Kartana|100/100
|-damage|p1a: Kartana|94/100|[from] Stealth Rock
|turn|21
|l| xxxxxxs
|
|t:|1641821104
|switch|p2a: Scizor|Scizor, F|100/100
|move|p1a: Kartana|Knock Off|p2a: Scizor
|-damage|p2a: Scizor|54/100
|-enditem|p2a: Scizor|Heavy-Duty Boots|[from] move: Knock Off|[of] p1a: Kartana
|
|upkeep
|turn|22
|
|t:|1641821118
|move|p1a: Kartana|Knock Off|p2a: Scizor
|-damage|p2a: Scizor|23/100
|move|p2a: Scizor|Roost|p2a: Scizor
|-heal|p2a: Scizor|73/100
|-singleturn|p2a: Scizor|move: Roost
|
|upkeep
|turn|23
|
|t:|1641821123
|move|p1a: Kartana|Knock Off|p2a: Scizor
|-damage|p2a: Scizor|43/100
|move|p2a: Scizor|Roost|p2a: Scizor
|-heal|p2a: Scizor|93/100
|-singleturn|p2a: Scizor|move: Roost
|
|upkeep
|turn|24
|
|t:|1641821125
|switch|p1a: Dragonite|Dragonite, F|94/100 tox
|move|p2a: Scizor|Roost|p2a: Scizor
|-heal|p2a: Scizor|100/100
|-singleturn|p2a: Scizor|move: Roost
|
|-damage|p1a: Dragonite|88/100 tox|[from] psn
|upkeep
|turn|25
|
|t:|1641821136
|switch|p2a: Heatran|Heatran, M|8/100 par
|-damage|p2a: Heatran|0 fnt|[from] Stealth Rock
|faint|p2a: Heatran
|move|p1a: Dragonite|Dual Wingbeat|p2: Heatran|[notarget]
|-fail|p1a: Dragonite
|
|-damage|p1a: Dragonite|76/100 tox|[from] psn
|upkeep
|
|t:|1641821141
|switch|p2a: Thundurus|Thundurus, M|100/100
|turn|26
|
|t:|1641821147
|move|p2a: Thundurus|Knock Off|p1a: Dragonite
|-damage|p1a: Dragonite|42/100 tox
|-enditem|p1a: Dragonite|Heavy-Duty Boots|[from] move: Knock Off|[of] p2a: Thundurus
|move|p1a: Dragonite|Dual Wingbeat|p2a: Thundurus
|-resisted|p2a: Thundurus
|-damage|p2a: Thundurus|83/100
|-resisted|p2a: Thundurus
|-damage|p2a: Thundurus|68/100
|-hitcount|p2a: Thundurus|2
|
|-damage|p1a: Dragonite|24/100 tox|[from] psn
|upkeep
|turn|27
|
|t:|1641821152
|move|p2a: Thundurus|Wild Charge|p1a: Dragonite
|-damage|p1a: Dragonite|0 fnt
|faint|p1a: Dragonite
|-damage|p2a: Thundurus|61/100|[from] Recoil
|
|upkeep
|
|t:|1641821160
|switch|p1a: Tapu Lele|Tapu Lele|100/100
|-damage|p1a: Tapu Lele|88/100|[from] Stealth Rock
|-fieldstart|move: Psychic Terrain|[from] ability: Psychic Surge|[of] p1a: Tapu Lele
|turn|28
|
|t:|1641821163
|move|p2a: Thundurus|Knock Off|p1a: Tapu Lele
|-crit|p1a: Tapu Lele
|-damage|p1a: Tapu Lele|21/100
|-enditem|p1a: Tapu Lele|Choice Specs|[from] move: Knock Off|[of] p2a: Thundurus
|move|p1a: Tapu Lele|Psychic|p2a: Thundurus
|-damage|p2a: Thundurus|0 fnt
|faint|p2a: Thundurus
|
|upkeep
|
|t:|1641821166
|switch|p2a: Dragapult|Dragapult, M|88/100
|-damage|p2a: Dragapult|76/100|[from] Stealth Rock
|turn|29
|
|t:|1641821169
|move|p2a: Dragapult|Shadow Ball|p1a: Tapu Lele
|-supereffective|p1a: Tapu Lele
|-damage|p1a: Tapu Lele|0 fnt
|faint|p1a: Tapu Lele
|
|upkeep
|
|t:|1641821170
|switch|p1a: Kartana|Kartana|94/100
|-damage|p1a: Kartana|88/100|[from] Stealth Rock
|turn|30
|
|t:|1641821179
|switch|p2a: Scizor|Scizor, F|100/100
|-damage|p2a: Scizor|88/100|[from] Stealth Rock
|move|p1a: Kartana|Knock Off|p2a: Scizor
|-damage|p2a: Scizor|62/100
|
|upkeep
|turn|31
|
|t:|1641821182
|move|p1a: Kartana|Knock Off|p2a: Scizor
|-damage|p2a: Scizor|35/100
|move|p2a: Scizor|Roost|p2a: Scizor
|-heal|p2a: Scizor|85/100
|-singleturn|p2a: Scizor|move: Roost
|
|upkeep
|turn|32
|
|t:|1641821184
|move|p1a: Kartana|Knock Off|p2a: Scizor
|-damage|p2a: Scizor|55/100
|move|p2a: Scizor|Roost|p2a: Scizor
|-heal|p2a: Scizor|100/100
|-singleturn|p2a: Scizor|move: Roost
|
|-fieldend|move: Psychic Terrain
|upkeep
|turn|33
|
|t:|1641821187
|move|p1a: Kartana|Knock Off|p2a: Scizor
|-damage|p2a: Scizor|73/100
|move|p2a: Scizor|U-turn|p1a: Kartana
|-damage|p1a: Kartana|55/100
|
|t:|1641821190
|switch|p2a: Garchomp|Garchomp, M|57/100 tox|[from]move: U-turn
|-damage|p2a: Garchomp|51/100 tox|[from] Stealth Rock
|
|-heal|p2a: Garchomp|57/100 tox|[from] item: Leftovers
|-damage|p2a: Garchomp|51/100 tox|[from] psn
|upkeep
|turn|34
|
|t:|1641821192
|move|p1a: Kartana|Knock Off|p2a: Garchomp
|-damage|p2a: Garchomp|14/100 tox
|-damage|p1a: Kartana|42/100|[from] ability: Rough Skin|[of] p2a: Garchomp
|-enditem|p2a: Garchomp|Leftovers|[from] move: Knock Off|[of] p1a: Kartana
|move|p2a: Garchomp|Earthquake|p1a: Kartana
|-damage|p1a: Kartana|0 fnt
|faint|p1a: Kartana
|
|win|SL21CC姐ISthequeen
|raw|SL21CC Leviathan's rating: 1210 &rarr; <strong>1199</strong><br />(-11 for losing)
|raw|SL21CC姐ISthequeen's rating: 1310 &rarr; <strong>1321</strong><br />(+11 for winning)
|l|☆SL21CC Leviathan
|l|☆SL21CC姐ISthequeen
|l| sl21cckhl
|l| sl21cc ryekie
