|raw|<div class="broadcast-blue"><strong>This battle is required to be public due to a player having a name starting with 'sl21cc'.</div>
|j|☆SL21CC ginko
|j|☆sl21cc enfalleba
|t:|1641737095
|gametype|singles
|player|p1|SL21CC ginko|line38324.png|1320
|player|p2|sl21cc enfalleba|102|1248
|teamsize|p1|6
|teamsize|p2|6
|gen|8
|tier|[Gen 8] OU
|rated|
|rule|Sleep Clause Mod: Limit one foe put to sleep
|rule|Species Clause: Limit one of each Pokémon
|rule|OHKO Clause: OHKO moves are banned
|rule|Evasion Moves Clause: Evasion moves are banned
|rule|Endless Battle Clause: Forcing endless battles is banned
|rule|HP Percentage Mod: HP is shown in percentages
|rule|Dynamax Clause: You cannot dynamax
|clearpoke
|poke|p1|Blissey, F|
|poke|p1|Rotom-Heat|
|poke|p1|Landorus-Therian, M|
|poke|p1|Weavile, M|
|poke|p1|Toxapex, M|
|poke|p1|Corviknight, F|
|poke|p2|Tornadus-Therian, M|
|poke|p2|Garchomp, F|
|poke|p2|Landorus-Therian, M|
|poke|p2|Magnezone|
|poke|p2|Toxapex, F|
|poke|p2|Melmetal|
|teampreview
|j| adreamew
|inactive|Battle timer is ON: inactive players will automatically lose when time's up. (requested by SL21CC ginko)
|j| sl21cckhl
|
|t:|1641737130
|start
|switch|p1a: Rotom|Rotom-Heat|100/100
|switch|p2a: Toxapex|Toxapex, F|100/100
|turn|1
|
|t:|1641737143
|move|p1a: Rotom|Thunderbolt|p2a: Toxapex
|-supereffective|p2a: Toxapex
|-damage|p2a: Toxapex|37/100
|move|p2a: Toxapex|Toxic|p1a: Rotom
|-status|p1a: Rotom|tox
|
|-heal|p2a: Toxapex|43/100|[from] item: Black Sludge
|-damage|p1a: Rotom|94/100 tox|[from] psn
|upkeep
|turn|2
|
|t:|1641737148
|switch|p1a: Weavile|Weavile, M|100/100
|-ability|p1a: Weavile|Pressure
|switch|p2a: Garchomp|Garchomp, F|100/100
|
|upkeep
|turn|3
|
|t:|1641737155
|switch|p2a: Magnezone|Magnezone|100/100
|move|p1a: Weavile|Knock Off|p2a: Magnezone
|-damage|p2a: Magnezone|64/100
|-damage|p1a: Weavile|84/100|[from] item: Rocky Helmet|[of] p2a: Magnezone
|-enditem|p2a: Magnezone|Rocky Helmet|[from] move: Knock Off|[of] p1a: Weavile
|
|upkeep
|turn|4
|
|t:|1641737162
|switch|p1a: Landorus|Landorus-Therian, M|100/100
|-ability|p1a: Landorus|Intimidate|boost
|-unboost|p2a: Magnezone|atk|1
|switch|p2a: Toxapex|Toxapex, F|76/100
|
|-heal|p2a: Toxapex|82/100|[from] item: Black Sludge
|upkeep
|turn|5
|
|t:|1641737165
|switch|p2a: Tornadus|Tornadus-Therian, M|100/100
|move|p1a: Landorus|Earthquake|p2a: Tornadus
|-immune|p2a: Tornadus
|
|upkeep
|turn|6
|
|t:|1641737168
|move|p2a: Tornadus|Knock Off|p1a: Landorus
|-damage|p1a: Landorus|86/100
|-enditem|p1a: Landorus|Leftovers|[from] move: Knock Off|[of] p2a: Tornadus
|move|p1a: Landorus|Toxic|p2a: Tornadus
|-status|p2a: Tornadus|tox
|
|-damage|p2a: Tornadus|94/100 tox|[from] psn
|upkeep
|turn|7
|j| SL21CCCHINESENGEIL
|
|t:|1641737170
|move|p2a: Tornadus|Hurricane|p1a: Landorus|[miss]
|-miss|p2a: Tornadus|p1a: Landorus
|move|p1a: Landorus|Stealth Rock|p2a: Tornadus
|-sidestart|p2: sl21cc enfalleba|move: Stealth Rock
|
|-damage|p2a: Tornadus|82/100 tox|[from] psn
|upkeep
|turn|8
|
|t:|1641737174
|switch|p1a: Blissey|Blissey, F|100/100
|move|p2a: Tornadus|Defog|p1a: Blissey
|-unboost|p1a: Blissey|evasion|1
|-sideend|p2: sl21cc enfalleba|Stealth Rock|[from] move: Defog|[of] p2a: Tornadus
|
|-damage|p2a: Tornadus|64/100 tox|[from] psn
|upkeep
|turn|9
|
|t:|1641737179
|move|p2a: Tornadus|U-turn|p1a: Blissey
|-damage|p1a: Blissey|87/100
|
|t:|1641737181
|switch|p2a: Melmetal|Melmetal|100/100|[from]move: U-turn
|move|p1a: Blissey|Teleport|p1a: Blissey
|
|t:|1641737183
|switch|p1a: Rotom|Rotom-Heat|94/100 tox|[from]move: Teleport
|
|-damage|p1a: Rotom|88/100 tox|[from] psn
|upkeep
|turn|10
|
|t:|1641737189
|switch|p1a: Landorus|Landorus-Therian, M|86/100
|-ability|p1a: Landorus|Intimidate|boost
|-unboost|p2a: Melmetal|atk|1
|move|p2a: Melmetal|Protect||[still]
|-fail|p2a: Melmetal
|
|upkeep
|turn|11
|
|t:|1641737195
|move|p1a: Landorus|Stealth Rock|p2a: Melmetal
|-sidestart|p2: sl21cc enfalleba|move: Stealth Rock
|move|p2a: Melmetal|Toxic|p1a: Landorus|[miss]
|-miss|p2a: Melmetal|p1a: Landorus
|
|upkeep
|turn|12
|j| Suta Pulachina
|
|t:|1641737204
|switch|p1a: Toxapex|Toxapex, M|100/100
|switch|p2a: Tornadus|Tornadus-Therian, M|97/100 tox
|
|-damage|p2a: Tornadus|91/100 tox|[from] psn
|upkeep
|turn|13
|
|t:|1641737211
|switch|p1a: Corviknight|Corviknight, F|100/100
|-ability|p1a: Corviknight|Pressure
|move|p2a: Tornadus|Defog|p1a: Corviknight
|-unboost|p1a: Corviknight|evasion|1
|-sideend|p2: sl21cc enfalleba|Stealth Rock|[from] move: Defog|[of] p2a: Tornadus
|
|-damage|p2a: Tornadus|79/100 tox|[from] psn
|upkeep
|turn|14
|
|t:|1641737215
|switch|p1a: Toxapex|Toxapex, M|100/100
|move|p2a: Tornadus|U-turn|p1a: Toxapex
|-resisted|p1a: Toxapex
|-damage|p1a: Toxapex|96/100
|
|t:|1641737219
|switch|p2a: Toxapex|Toxapex, F|100/100|[from]move: U-turn
|
|-heal|p1a: Toxapex|100/100|[from] item: Black Sludge
|upkeep
|turn|15
|
|t:|1641737224
|move|p2a: Toxapex|Knock Off|p1a: Toxapex
|-damage|p1a: Toxapex|89/100
|-enditem|p1a: Toxapex|Black Sludge|[from] move: Knock Off|[of] p2a: Toxapex
|move|p1a: Toxapex|Scald|p2a: Toxapex
|-resisted|p2a: Toxapex
|-damage|p2a: Toxapex|95/100
|
|-heal|p2a: Toxapex|100/100|[from] item: Black Sludge
|upkeep
|turn|16
|
|t:|1641737228
|switch|p2a: Tornadus|Tornadus-Therian, M|100/100 tox
|move|p1a: Toxapex|Scald|p2a: Tornadus
|-damage|p2a: Tornadus|84/100 tox
|
|-damage|p2a: Tornadus|78/100 tox|[from] psn
|upkeep
|turn|17
|
|t:|1641737232
|move|p2a: Tornadus|U-turn|p1a: Toxapex
|-resisted|p1a: Toxapex
|-damage|p1a: Toxapex|85/100
|
|t:|1641737234
|switch|p2a: Toxapex|Toxapex, F|100/100|[from]move: U-turn
|move|p1a: Toxapex|Scald|p2a: Toxapex
|-resisted|p2a: Toxapex
|-damage|p2a: Toxapex|95/100
|-status|p2a: Toxapex|brn
|
|-heal|p2a: Toxapex|100/100 brn|[from] item: Black Sludge
|-damage|p2a: Toxapex|95/100 brn|[from] brn
|upkeep
|turn|18
|
|t:|1641737238
|switch|p1a: Weavile|Weavile, M|84/100
|-ability|p1a: Weavile|Pressure
|move|p2a: Toxapex|Knock Off|p1a: Weavile
|-resisted|p1a: Weavile
|-damage|p1a: Weavile|77/100
|-enditem|p1a: Weavile|Heavy-Duty Boots|[from] move: Knock Off|[of] p2a: Toxapex
|
|-heal|p2a: Toxapex|100/100 brn|[from] item: Black Sludge
|-damage|p2a: Toxapex|95/100 brn|[from] brn
|upkeep
|turn|19
|
|t:|1641737245
|switch|p1a: Landorus|Landorus-Therian, M|86/100
|-ability|p1a: Landorus|Intimidate|boost
|-unboost|p2a: Toxapex|atk|1
|move|p2a: Toxapex|Toxic|p1a: Landorus
|-status|p1a: Landorus|tox
|
|-heal|p2a: Toxapex|100/100 brn|[from] item: Black Sludge
|-damage|p1a: Landorus|80/100 tox|[from] psn
|-damage|p2a: Toxapex|95/100 brn|[from] brn
|upkeep
|turn|20
|
|t:|1641737249
|switch|p2a: Landorus|Landorus-Therian, M|100/100
|-ability|p2a: Landorus|Intimidate|boost
|-unboost|p1a: Landorus|atk|1
|move|p1a: Landorus|Stealth Rock|p2a: Landorus
|-sidestart|p2: sl21cc enfalleba|move: Stealth Rock
|
|-damage|p1a: Landorus|68/100 tox|[from] psn
|upkeep
|turn|21
|
|t:|1641737251
|move|p1a: Landorus|Toxic|p2a: Landorus
|-status|p2a: Landorus|tox
|move|p2a: Landorus|Stealth Rock|p1a: Landorus
|-sidestart|p1: SL21CC ginko|move: Stealth Rock
|
|-damage|p1a: Landorus|50/100 tox|[from] psn
|-damage|p2a: Landorus|94/100 tox|[from] psn
|upkeep
|turn|22
|
|t:|1641737253
|move|p1a: Landorus|Rest|p1a: Landorus
|-status|p1a: Landorus|slp|[from] move: Rest
|-heal|p1a: Landorus|100/100 slp|[silent]
|move|p2a: Landorus|U-turn|p1a: Landorus
|-resisted|p1a: Landorus
|-damage|p1a: Landorus|92/100 slp
|j| SL21CC Mcdonald's
|
|t:|1641737257
|switch|p2a: Garchomp|Garchomp, F|100/100|[from]move: U-turn
|-damage|p2a: Garchomp|94/100|[from] Stealth Rock
|
|-heal|p2a: Garchomp|100/100|[from] item: Leftovers
|upkeep
|turn|23
|
|t:|1641737263
|switch|p1a: Weavile|Weavile, M|77/100
|-damage|p1a: Weavile|52/100|[from] Stealth Rock
|-ability|p1a: Weavile|Pressure
|move|p2a: Garchomp|Swords Dance|p2a: Garchomp
|-boost|p2a: Garchomp|atk|2
|
|upkeep
|turn|24
|
|t:|1641737267
|switch|p2a: Toxapex|Toxapex, F|100/100 brn
|-damage|p2a: Toxapex|88/100 brn|[from] Stealth Rock
|move|p1a: Weavile|Triple Axel|p2a: Toxapex
|-resisted|p2a: Toxapex
|-damage|p2a: Toxapex|84/100 brn
|-resisted|p2a: Toxapex
|-damage|p2a: Toxapex|77/100 brn
|-resisted|p2a: Toxapex
|-damage|p2a: Toxapex|67/100 brn
|-hitcount|p2a: Toxapex|3
|
|-heal|p2a: Toxapex|73/100 brn|[from] item: Black Sludge
|-damage|p2a: Toxapex|67/100 brn|[from] brn
|upkeep
|turn|25
|
|t:|1641737271
|switch|p1a: Corviknight|Corviknight, F|100/100
|-damage|p1a: Corviknight|88/100|[from] Stealth Rock
|-ability|p1a: Corviknight|Pressure
|move|p2a: Toxapex|Recover|p2a: Toxapex
|-heal|p2a: Toxapex|100/100 brn
|
|-damage|p2a: Toxapex|95/100 brn|[from] brn
|upkeep
|turn|26
|
|t:|1641737273
|switch|p2a: Magnezone|Magnezone|64/100
|-damage|p2a: Magnezone|58/100|[from] Stealth Rock
|move|p1a: Corviknight|Defog|p2a: Magnezone
|-unboost|p2a: Magnezone|evasion|1
|-sideend|p2: sl21cc enfalleba|Stealth Rock|[from] move: Defog|[of] p1a: Corviknight
|-sideend|p1: SL21CC ginko|Stealth Rock|[from] move: Defog|[of] p1a: Corviknight
|
|upkeep
|turn|27
|
|t:|1641737276
|switch|p1a: Landorus|Landorus-Therian, M|92/100 slp
|-ability|p1a: Landorus|Intimidate|boost
|-unboost|p2a: Magnezone|atk|1
|move|p2a: Magnezone|Discharge|p1a: Landorus
|-immune|p1a: Landorus
|
|upkeep
|turn|28
|
|t:|1641737280
|switch|p2a: Garchomp|Garchomp, F|100/100
|cant|p1a: Landorus|slp
|
|upkeep
|turn|29
|
|t:|1641737282
|move|p2a: Garchomp|Swords Dance|p2a: Garchomp
|-boost|p2a: Garchomp|atk|2
|cant|p1a: Landorus|slp
|
|upkeep
|turn|30
|
|t:|1641737285
|move|p2a: Garchomp|Aqua Tail|p1a: Landorus
|-supereffective|p1a: Landorus
|-damage|p1a: Landorus|1/100 slp
|-curestatus|p1a: Landorus|slp|[msg]
|move|p1a: Landorus|Toxic|p2a: Garchomp
|-status|p2a: Garchomp|tox
|
|-damage|p2a: Garchomp|94/100 tox|[from] psn
|upkeep
|turn|31
|
|t:|1641737291
|switch|p1a: Corviknight|Corviknight, F|88/100
|-ability|p1a: Corviknight|Pressure
|move|p2a: Garchomp|Aqua Tail|p1a: Corviknight
|-damage|p1a: Corviknight|53/100
|
|-heal|p2a: Garchomp|100/100 tox|[from] item: Leftovers
|-damage|p2a: Garchomp|88/100 tox|[from] psn
|upkeep
|turn|32
|
|t:|1641737298
|switch|p2a: Magnezone|Magnezone|58/100
|move|p1a: Corviknight|Roost|p1a: Corviknight
|-heal|p1a: Corviknight|100/100
|-singleturn|p1a: Corviknight|move: Roost
|
|upkeep
|turn|33
|
|t:|1641737302
|switch|p2a: Tornadus|Tornadus-Therian, M|100/100 tox
|switch|p1a: Rotom|Rotom-Heat|88/100 tox
|
|-damage|p2a: Tornadus|94/100 tox|[from] psn
|-damage|p1a: Rotom|82/100 tox|[from] psn
|upkeep
|turn|34
|
|t:|1641737309
|move|p2a: Tornadus|U-turn|p1a: Rotom
|-resisted|p1a: Rotom
|-damage|p1a: Rotom|73/100 tox
|
|t:|1641737311
|switch|p2a: Landorus|Landorus-Therian, M|94/100 tox|[from]move: U-turn
|-ability|p2a: Landorus|Intimidate|boost
|-unboost|p1a: Rotom|atk|1
|move|p1a: Rotom|Pain Split|p2a: Landorus
|-sethp|p2a: Landorus|71/100 tox|[from] move: Pain Split|[silent]
|-sethp|p1a: Rotom|100/100 tox|[from] move: Pain Split
|
|-heal|p2a: Landorus|77/100 tox|[from] item: Leftovers
|-damage|p1a: Rotom|88/100 tox|[from] psn
|-damage|p2a: Landorus|71/100 tox|[from] psn
|upkeep
|turn|35
|
|t:|1641737317
|switch|p1a: Corviknight|Corviknight, F|100/100
|-ability|p1a: Corviknight|Pressure
|move|p2a: Landorus|Stealth Rock|p1a: Corviknight
|-sidestart|p1: SL21CC ginko|move: Stealth Rock
|
|-heal|p2a: Landorus|77/100 tox|[from] item: Leftovers
|-damage|p2a: Landorus|65/100 tox|[from] psn
|upkeep
|turn|36
|
|t:|1641737319
|move|p2a: Landorus|U-turn|p1a: Corviknight
|-resisted|p1a: Corviknight
|-damage|p1a: Corviknight|97/100
|
|t:|1641737330
|switch|p2a: Tornadus|Tornadus-Therian, M|100/100 tox|[from]move: U-turn
|move|p1a: Corviknight|Defog|p2a: Tornadus
|-unboost|p2a: Tornadus|evasion|1
|-sideend|p1: SL21CC ginko|Stealth Rock|[from] move: Defog|[of] p1a: Corviknight
|
|-damage|p2a: Tornadus|94/100 tox|[from] psn
|upkeep
|turn|37
|
|t:|1641737336
|switch|p1a: Blissey|Blissey, F|87/100
|move|p2a: Tornadus|Knock Off|p1a: Blissey
|-damage|p1a: Blissey|69/100
|-enditem|p1a: Blissey|Heavy-Duty Boots|[from] move: Knock Off|[of] p2a: Tornadus
|
|-damage|p2a: Tornadus|82/100 tox|[from] psn
|upkeep
|turn|38
|
|t:|1641737340
|move|p2a: Tornadus|U-turn|p1a: Blissey
|-damage|p1a: Blissey|56/100
|
|t:|1641737343
|switch|p2a: Melmetal|Melmetal|100/100|[from]move: U-turn
|move|p1a: Blissey|Aromatherapy|p1a: Blissey
|-activate|p1a: Blissey|move: Aromatherapy
|-curestatus|p1: Rotom|tox|[msg]
|
|upkeep
|turn|39
|
|t:|1641737352
|switch|p2a: Magnezone|Magnezone|58/100
|switch|p1a: Toxapex|Toxapex, M|100/100
|
|upkeep
|turn|40
|
|t:|1641737355
|switch|p2a: Tornadus|Tornadus-Therian, M|100/100 tox
|switch|p1a: Rotom|Rotom-Heat|88/100
|
|-damage|p2a: Tornadus|94/100 tox|[from] psn
|upkeep
|turn|41
|
|t:|1641737362
|move|p2a: Tornadus|Knock Off|p1a: Rotom
|-damage|p1a: Rotom|63/100
|-enditem|p1a: Rotom|Heavy-Duty Boots|[from] move: Knock Off|[of] p2a: Tornadus
|move|p1a: Rotom|Thunderbolt|p2a: Tornadus
|-supereffective|p2a: Tornadus
|-damage|p2a: Tornadus|7/100 tox
|
|-damage|p2a: Tornadus|0 fnt|[from] psn
|faint|p2a: Tornadus
|upkeep
|
|t:|1641737374
|switch|p2a: Toxapex|Toxapex, F|100/100 brn
|turn|42
|
|t:|1641737379
|switch|p1a: Blissey|Blissey, F|56/100
|move|p2a: Toxapex|Toxic|p1a: Blissey
|-status|p1a: Blissey|tox
|
|-damage|p1a: Blissey|50/100 tox|[from] psn
|-damage|p2a: Toxapex|95/100 brn|[from] brn
|upkeep
|turn|43
|
|t:|1641737382
|switch|p2a: Garchomp|Garchomp, F|88/100 tox
|move|p1a: Blissey|Soft-Boiled|p1a: Blissey
|-heal|p1a: Blissey|99/100 tox
|
|-heal|p2a: Garchomp|94/100 tox|[from] item: Leftovers
|-damage|p2a: Garchomp|88/100 tox|[from] psn
|-damage|p1a: Blissey|87/100 tox|[from] psn
|upkeep
|turn|44
|
|t:|1641737392
|-curestatus|p1a: Blissey|tox|[from] ability: Natural Cure
|switch|p1a: Corviknight|Corviknight, F|97/100
|-ability|p1a: Corviknight|Pressure
|move|p2a: Garchomp|Swords Dance|p2a: Garchomp
|-boost|p2a: Garchomp|atk|2
|
|-heal|p2a: Garchomp|94/100 tox|[from] item: Leftovers
|-damage|p2a: Garchomp|82/100 tox|[from] psn
|upkeep
|turn|45
|
|t:|1641737399
|move|p2a: Garchomp|Aqua Tail|p1a: Corviknight
|-damage|p1a: Corviknight|63/100
|move|p1a: Corviknight|Iron Defense|p1a: Corviknight
|-boost|p1a: Corviknight|def|2
|
|-heal|p2a: Garchomp|88/100 tox|[from] item: Leftovers
|-damage|p2a: Garchomp|70/100 tox|[from] psn
|upkeep
|turn|46
|
|t:|1641737406
|switch|p2a: Toxapex|Toxapex, F|100/100 brn
|move|p1a: Corviknight|Roost|p1a: Corviknight
|-heal|p1a: Corviknight|100/100
|-singleturn|p1a: Corviknight|move: Roost
|
|-damage|p2a: Toxapex|95/100 brn|[from] brn
|upkeep
|turn|47
|
|t:|1641737409
|switch|p1a: Blissey|Blissey, F|87/100
|move|p2a: Toxapex|Haze|p2a: Toxapex
|-clearallboost
|
|-heal|p2a: Toxapex|100/100 brn|[from] item: Black Sludge
|-damage|p2a: Toxapex|95/100 brn|[from] brn
|upkeep
|turn|48
|
|t:|1641737413
|switch|p2a: Melmetal|Melmetal|100/100
|move|p1a: Blissey|Teleport|p1a: Blissey
|
|t:|1641737415
|switch|p1a: Landorus|Landorus-Therian, M|1/100|[from]move: Teleport
|-ability|p1a: Landorus|Intimidate|boost
|-unboost|p2a: Melmetal|atk|1
|
|upkeep
|turn|49
|
|t:|1641737418
|switch|p1a: Toxapex|Toxapex, M|100/100
|move|p2a: Melmetal|Double Iron Bash|p1a: Toxapex
|-resisted|p1a: Toxapex
|-damage|p1a: Toxapex|92/100
|-resisted|p1a: Toxapex
|-damage|p1a: Toxapex|83/100
|-hitcount|p1a: Toxapex|2
|
|upkeep
|turn|50
|
|t:|1641737425
|switch|p2a: Toxapex|Toxapex, F|100/100 brn
|switch|p1a: Blissey|Blissey, F|87/100
|
|-damage|p2a: Toxapex|95/100 brn|[from] brn
|upkeep
|turn|51
|-message|sl21cc enfalleba forfeited.
|
|win|SL21CC ginko
|raw|SL21CC ginko's rating: 1320 &rarr; <strong>1332</strong><br />(+12 for winning)
|raw|sl21cc enfalleba's rating: 1248 &rarr; <strong>1235</strong><br />(-13 for losing)
|l|☆sl21cc enfalleba
|l|☆SL21CC ginko
|l| Suta Pulachina
|l| SL21CC Mcdonald's
|l| SL21CCCHINESENGEIL
|l| sl21cckhl
