|raw|<div class="broadcast-blue"><strong>This battle is required to be public due to a player having a name starting with 'sl21cc'.</div>
|j|☆SL21CC Leviathan
|j|☆adreamew
|t:|1641732752
|gametype|singles
|player|p1|SL21CC Leviathan|guitarist|1217
|player|p2|adreamew|2|1238
|teamsize|p1|6
|teamsize|p2|6
|gen|8
|tier|[Gen 8] OU
|rated|
|rule|Sleep Clause Mod: Limit one foe put to sleep
|rule|Species Clause: Limit one of each Pokémon
|rule|OHKO Clause: OHKO moves are banned
|rule|Evasion Moves Clause: Evasion moves are banned
|rule|Endless Battle Clause: Forcing endless battles is banned
|rule|HP Percentage Mod: HP is shown in percentages
|rule|Dynamax Clause: You cannot dynamax
|clearpoke
|poke|p1|Zapdos-Galar|
|poke|p1|Weavile, M|
|poke|p1|Regieleki|
|poke|p1|Landorus-Therian, M|
|poke|p1|Ferrothorn, M|
|poke|p1|Slowking, F|
|poke|p2|Mew|
|poke|p2|Zeraora|
|poke|p2|Clefable, M|
|poke|p2|Toxapex, M|
|poke|p2|Dragonite, M|
|poke|p2|Corviknight, M|
|teampreview
|inactive|Battle timer is ON: inactive players will automatically lose when time's up. (requested by adreamew)
|j| Suta Pulachina
|
|t:|1641732776
|start
|switch|p1a: Slowking|Slowking, F|100/100
|switch|p2a: Mew|Mew|100/100
|turn|1
|
|t:|1641732781
|move|p2a: Mew|Will-O-Wisp|p1a: Slowking
|-status|p1a: Slowking|brn
|move|p1a: Slowking|Future Sight|p2a: Mew
|-start|p1a: Slowking|move: Future Sight
|
|-damage|p1a: Slowking|94/100 brn|[from] brn
|upkeep
|turn|2
|
|t:|1641732783
|move|p2a: Mew|Taunt|p1a: Slowking
|-start|p1a: Slowking|move: Taunt
|cant|p1a: Slowking|move: Taunt|Teleport
|
|-damage|p1a: Slowking|88/100 brn|[from] brn
|upkeep
|turn|3
|
|t:|1641732789
|move|p2a: Mew|Night Shade|p1a: Slowking
|-damage|p1a: Slowking|63/100 brn
|move|p1a: Slowking|Scald|p2a: Mew
|-damage|p2a: Mew|83/100
|-status|p2a: Mew|brn
|-activate|p2a: Mew|ability: Synchronize
|-fail|p1a: Slowking|brn
|
|-end|p2a: Mew|move: Future Sight
|-resisted|p2a: Mew
|-damage|p2a: Mew|70/100 brn
|-heal|p2a: Mew|76/100 brn|[from] item: Leftovers
|-damage|p2a: Mew|70/100 brn|[from] brn
|-damage|p1a: Slowking|57/100 brn|[from] brn
|upkeep
|turn|4
|
|t:|1641732794
|move|p2a: Mew|Roost|p2a: Mew
|-heal|p2a: Mew|100/100 brn
|-singleturn|p2a: Mew|move: Roost
|move|p1a: Slowking|Scald|p2a: Mew
|-damage|p2a: Mew|84/100 brn
|
|-heal|p2a: Mew|90/100 brn|[from] item: Leftovers
|-damage|p2a: Mew|84/100 brn|[from] brn
|-damage|p1a: Slowking|51/100 brn|[from] brn
|-end|p1a: Slowking|move: Taunt
|upkeep
|turn|5
|
|t:|1641732799
|switch|p1a: Weavile|Weavile, M|100/100
|-ability|p1a: Weavile|Pressure
|move|p2a: Mew|Will-O-Wisp|p1a: Weavile
|-status|p1a: Weavile|brn
|
|-heal|p2a: Mew|90/100 brn|[from] item: Leftovers
|-damage|p1a: Weavile|94/100 brn|[from] brn
|-damage|p2a: Mew|84/100 brn|[from] brn
|upkeep
|turn|6
|
|t:|1641732808
|switch|p2a: Toxapex|Toxapex, M|100/100
|move|p1a: Weavile|Knock Off|p2a: Toxapex
|-damage|p2a: Toxapex|84/100
|-enditem|p2a: Toxapex|Black Sludge|[from] move: Knock Off|[of] p1a: Weavile
|
|-damage|p1a: Weavile|88/100 brn|[from] brn
|upkeep
|turn|7
|
|t:|1641732812
|switch|p1a: Slowking|Slowking, F|84/100 brn
|move|p2a: Toxapex|Knock Off|p1a: Slowking
|-supereffective|p1a: Slowking
|-damage|p1a: Slowking|52/100 brn
|-enditem|p1a: Slowking|Heavy-Duty Boots|[from] move: Knock Off|[of] p2a: Toxapex
|
|-damage|p1a: Slowking|46/100 brn|[from] brn
|upkeep
|turn|8
|
|t:|1641732819
|switch|p2a: Mew|Mew|84/100 brn
|move|p1a: Slowking|Future Sight|p2a: Mew
|-start|p1a: Slowking|move: Future Sight
|
|-heal|p2a: Mew|90/100 brn|[from] item: Leftovers
|-damage|p2a: Mew|84/100 brn|[from] brn
|-damage|p1a: Slowking|40/100 brn|[from] brn
|upkeep
|turn|9
|
|t:|1641732827
|move|p2a: Mew|Will-O-Wisp|p1a: Slowking
|-fail|p1a: Slowking|brn
|move|p1a: Slowking|Scald|p2a: Mew
|-damage|p2a: Mew|67/100 brn
|
|-heal|p2a: Mew|74/100 brn|[from] item: Leftovers
|-damage|p2a: Mew|67/100 brn|[from] brn
|-damage|p1a: Slowking|34/100 brn|[from] brn
|upkeep
|turn|10
|
|t:|1641732831
|switch|p1a: Weavile|Weavile, M|88/100 brn
|-ability|p1a: Weavile|Pressure
|move|p2a: Mew|Roost|p2a: Mew
|-heal|p2a: Mew|100/100 brn
|-singleturn|p2a: Mew|move: Roost
|
|-end|p2a: Mew|move: Future Sight
|-resisted|p2a: Mew
|-damage|p2a: Mew|87/100 brn
|-heal|p2a: Mew|93/100 brn|[from] item: Leftovers
|-damage|p1a: Weavile|82/100 brn|[from] brn
|-damage|p2a: Mew|87/100 brn|[from] brn
|upkeep
|turn|11
|
|t:|1641732837
|switch|p1a: Ferrothorn|Ferrothorn, M|100/100
|switch|p2a: Toxapex|Toxapex, M|100/100
|
|upkeep
|turn|12
|
|t:|1641732840
|move|p2a: Toxapex|Knock Off|p1a: Ferrothorn
|-damage|p1a: Ferrothorn|92/100
|-damage|p2a: Toxapex|88/100|[from] ability: Iron Barbs|[of] p1a: Ferrothorn
|-damage|p2a: Toxapex|72/100|[from] item: Rocky Helmet|[of] p1a: Ferrothorn
|-enditem|p1a: Ferrothorn|Rocky Helmet|[from] move: Knock Off|[of] p2a: Toxapex
|move|p1a: Ferrothorn|Spikes|p2a: Toxapex
|-sidestart|p2: adreamew|Spikes
|
|upkeep
|turn|13
|
|t:|1641732847
|switch|p2a: Clefable|Clefable, M|100/100
|switch|p1a: Regieleki|Regieleki|100/100
|
|upkeep
|turn|14
|
|t:|1641732863
|switch|p1a: Landorus|Landorus-Therian, M|100/100
|-ability|p1a: Landorus|Intimidate|boost
|-unboost|p2a: Clefable|atk|1
|move|p2a: Clefable|Trick|p1a: Landorus
|-activate|p2a: Clefable|move: Trick|[of] p1a: Landorus
|-item|p1a: Landorus|Sticky Barb|[from] move: Trick
|-item|p2a: Clefable|Leftovers|[from] move: Trick
|
|-damage|p1a: Landorus|88/100|[from] item: Sticky Barb
|upkeep
|turn|15
|
|t:|1641732871
|move|p1a: Landorus|U-turn|p2a: Clefable
|-resisted|p2a: Clefable
|-damage|p2a: Clefable|91/100
|
|t:|1641732873
|switch|p1a: Slowking|Slowking, F|67/100 brn|[from]move: U-turn
|move|p2a: Clefable|Stealth Rock|p1a: Slowking
|-sidestart|p1: SL21CC Leviathan|move: Stealth Rock
|
|-heal|p2a: Clefable|97/100|[from] item: Leftovers
|-damage|p1a: Slowking|61/100 brn|[from] brn
|upkeep
|turn|16
|
|t:|1641732884
|switch|p2a: Zeraora|Zeraora|100/100
|-damage|p2a: Zeraora|88/100|[from] Spikes
|move|p1a: Slowking|Future Sight|p2a: Zeraora
|-start|p1a: Slowking|move: Future Sight
|
|-heal|p2a: Zeraora|94/100|[from] item: Leftovers
|-damage|p1a: Slowking|55/100 brn|[from] brn
|upkeep
|turn|17
|j| water GH0ST
|
|t:|1641732900
|switch|p1a: Landorus|Landorus-Therian, M|88/100
|-damage|p1a: Landorus|76/100|[from] Stealth Rock
|-ability|p1a: Landorus|Intimidate|boost
|-unboost|p2a: Zeraora|atk|1
|move|p2a: Zeraora|Plasma Fists|p1a: Landorus
|-immune|p1a: Landorus
|
|-heal|p2a: Zeraora|99/100|[from] item: Leftovers
|-damage|p1a: Landorus|63/100|[from] item: Sticky Barb
|upkeep
|turn|18
|
|t:|1641732904
|switch|p2a: Corviknight|Corviknight, M|100/100
|-ability|p2a: Corviknight|Pressure
|move|p1a: Landorus|U-turn|p2a: Corviknight
|-resisted|p2a: Corviknight
|-damage|p2a: Corviknight|97/100
|
|t:|1641732906
|switch|p1a: Regieleki|Regieleki|100/100|[from]move: U-turn
|
|-end|p2a: Corviknight|move: Future Sight
|-resisted|p2a: Corviknight
|-damage|p2a: Corviknight|77/100
|-heal|p2a: Corviknight|83/100|[from] item: Leftovers
|upkeep
|turn|19
|
|t:|1641732909
|switch|p2a: Zeraora|Zeraora|99/100
|-damage|p2a: Zeraora|88/100|[from] Spikes
|move|p1a: Regieleki|Rapid Spin|p2a: Zeraora
|-damage|p2a: Zeraora|75/100
|-boost|p1a: Regieleki|spe|1
|-sideend|p1: SL21CC Leviathan|Stealth Rock|[from] move: Rapid Spin|[of] p1a: Regieleki
|
|-heal|p2a: Zeraora|81/100|[from] item: Leftovers
|upkeep
|turn|20
|
|t:|1641732918
|switch|p1a: Ferrothorn|Ferrothorn, M|92/100
|move|p2a: Zeraora|Drain Punch|p1a: Ferrothorn
|-supereffective|p1a: Ferrothorn
|-damage|p1a: Ferrothorn|66/100
|-heal|p2a: Zeraora|95/100|[from] drain|[of] p1a: Ferrothorn
|-damage|p2a: Zeraora|83/100|[from] ability: Iron Barbs|[of] p1a: Ferrothorn
|
|-heal|p2a: Zeraora|89/100|[from] item: Leftovers
|upkeep
|turn|21
|
|t:|1641732924
|switch|p2a: Corviknight|Corviknight, M|83/100
|-ability|p2a: Corviknight|Pressure
|move|p1a: Ferrothorn|Leech Seed|p2a: Corviknight
|-start|p2a: Corviknight|move: Leech Seed
|
|-heal|p2a: Corviknight|90/100|[from] item: Leftovers
|-damage|p2a: Corviknight|77/100|[from] Leech Seed|[of] p1a: Ferrothorn
|-heal|p1a: Ferrothorn|80/100|[silent]
|upkeep
|turn|22
|
|t:|1641732928
|switch|p1a: Landorus|Landorus-Therian, M|63/100
|-ability|p1a: Landorus|Intimidate|boost
|-unboost|p2a: Corviknight|atk|1
|move|p2a: Corviknight|Defog|p1a: Landorus
|-unboost|p1a: Landorus|evasion|1
|-sideend|p2: adreamew|Spikes|[from] move: Defog|[of] p2a: Corviknight
|
|-heal|p2a: Corviknight|83/100|[from] item: Leftovers
|-damage|p2a: Corviknight|71/100|[from] Leech Seed|[of] p1a: Landorus
|-heal|p1a: Landorus|77/100|[silent]
|-damage|p1a: Landorus|64/100|[from] item: Sticky Barb
|upkeep
|turn|23
|
|t:|1641732932
|switch|p2a: Clefable|Clefable, M|97/100
|move|p1a: Landorus|Stealth Rock|p2a: Clefable
|-sidestart|p2: adreamew|move: Stealth Rock
|
|-heal|p2a: Clefable|100/100|[from] item: Leftovers
|-damage|p1a: Landorus|52/100|[from] item: Sticky Barb
|upkeep
|turn|24
|
|t:|1641732934
|move|p1a: Landorus|U-turn|p2a: Clefable
|-resisted|p2a: Clefable
|-damage|p2a: Clefable|90/100
|
|t:|1641732937
|switch|p1a: Ferrothorn|Ferrothorn, M|80/100|[from]move: U-turn
|move|p2a: Clefable|Stealth Rock|p1a: Ferrothorn
|-sidestart|p1: SL21CC Leviathan|move: Stealth Rock
|
|-heal|p2a: Clefable|96/100|[from] item: Leftovers
|upkeep
|turn|25
|j| SL21CC tangkeke
|
|t:|1641732948
|switch|p2a: Corviknight|Corviknight, M|71/100
|-damage|p2a: Corviknight|58/100|[from] Stealth Rock
|-ability|p2a: Corviknight|Pressure
|move|p1a: Ferrothorn|Leech Seed|p2a: Corviknight
|-start|p2a: Corviknight|move: Leech Seed
|
|-heal|p2a: Corviknight|65/100|[from] item: Leftovers
|-damage|p2a: Corviknight|52/100|[from] Leech Seed|[of] p1a: Ferrothorn
|-heal|p1a: Ferrothorn|95/100|[silent]
|upkeep
|turn|26
|
|t:|1641732950
|move|p2a: Corviknight|Roost|p2a: Corviknight
|-heal|p2a: Corviknight|100/100
|-singleturn|p2a: Corviknight|move: Roost
|move|p1a: Ferrothorn|Spikes|p2a: Corviknight
|-sidestart|p2: adreamew|Spikes
|
|-damage|p2a: Corviknight|88/100|[from] Leech Seed|[of] p1a: Ferrothorn
|-heal|p1a: Ferrothorn|100/100|[silent]
|upkeep
|turn|27
|
|t:|1641732958
|switch|p2a: Clefable|Clefable, M|96/100
|move|p1a: Ferrothorn|Knock Off|p2a: Clefable
|-resisted|p2a: Clefable
|-damage|p2a: Clefable|87/100
|-enditem|p2a: Clefable|Leftovers|[from] move: Knock Off|[of] p1a: Ferrothorn
|
|upkeep
|turn|28
|
|t:|1641732973
|switch|p2a: Mew|Mew|87/100 brn
|-damage|p2a: Mew|74/100 brn|[from] Stealth Rock
|-damage|p2a: Mew|62/100 brn|[from] Spikes
|switch|p1a: Regieleki|Regieleki|100/100
|
|-heal|p2a: Mew|68/100 brn|[from] item: Leftovers
|-damage|p2a: Mew|62/100 brn|[from] brn
|upkeep
|turn|29
|
|t:|1641732983
|move|p1a: Regieleki|Electro Ball|p2a: Mew
|-damage|p2a: Mew|30/100 brn
|move|p2a: Mew|Roost|p2a: Mew
|-heal|p2a: Mew|80/100 brn
|-singleturn|p2a: Mew|move: Roost
|
|-heal|p2a: Mew|87/100 brn|[from] item: Leftovers
|-damage|p2a: Mew|80/100 brn|[from] brn
|upkeep
|turn|30
|
|t:|1641732988
|move|p1a: Regieleki|Rapid Spin|p2a: Mew
|-damage|p2a: Mew|72/100 brn
|-boost|p1a: Regieleki|spe|1
|-sideend|p1: SL21CC Leviathan|Stealth Rock|[from] move: Rapid Spin|[of] p1a: Regieleki
|move|p2a: Mew|Will-O-Wisp|p1a: Regieleki
|-status|p1a: Regieleki|brn
|
|-heal|p2a: Mew|78/100 brn|[from] item: Leftovers
|-damage|p1a: Regieleki|94/100 brn|[from] brn
|-damage|p2a: Mew|72/100 brn|[from] brn
|upkeep
|turn|31
|
|t:|1641732991
|move|p1a: Regieleki|Electro Ball|p2a: Mew
|-damage|p2a: Mew|17/100 brn
|move|p2a: Mew|Roost|p2a: Mew
|-heal|p2a: Mew|67/100 brn
|-singleturn|p2a: Mew|move: Roost
|
|-heal|p2a: Mew|73/100 brn|[from] item: Leftovers
|-damage|p1a: Regieleki|88/100 brn|[from] brn
|-damage|p2a: Mew|67/100 brn|[from] brn
|upkeep
|turn|32
|
|t:|1641732995
|move|p1a: Regieleki|Rapid Spin|p2a: Mew
|-damage|p2a: Mew|63/100 brn
|-boost|p1a: Regieleki|spe|1
|move|p2a: Mew|Roost|p2a: Mew
|-heal|p2a: Mew|100/100 brn
|-singleturn|p2a: Mew|move: Roost
|
|-damage|p1a: Regieleki|82/100 brn|[from] brn
|-damage|p2a: Mew|94/100 brn|[from] brn
|upkeep
|turn|33
|
|t:|1641732998
|switch|p2a: Zeraora|Zeraora|89/100
|-damage|p2a: Zeraora|77/100|[from] Spikes
|-damage|p2a: Zeraora|64/100|[from] Stealth Rock
|move|p1a: Regieleki|Electro Ball|p2a: Zeraora
|-heal|p2a: Zeraora|89/100|[from] ability: Volt Absorb|[of] p1a: Regieleki
|
|-heal|p2a: Zeraora|95/100|[from] item: Leftovers
|-damage|p1a: Regieleki|76/100 brn|[from] brn
|upkeep
|turn|34
|
|t:|1641733014
|move|p1a: Regieleki|Volt Switch|p2a: Zeraora
|-heal|p2a: Zeraora|100/100|[from] ability: Volt Absorb|[of] p1a: Regieleki
|move|p2a: Zeraora|Drain Punch|p1a: Regieleki
|-damage|p1a: Regieleki|36/100 brn
|
|-damage|p1a: Regieleki|30/100 brn|[from] brn
|upkeep
|turn|35
|
|t:|1641733020
|switch|p1a: Ferrothorn|Ferrothorn, M|100/100
|move|p2a: Zeraora|Drain Punch|p1a: Ferrothorn
|-supereffective|p1a: Ferrothorn
|-damage|p1a: Ferrothorn|72/100
|-damage|p2a: Zeraora|88/100|[from] ability: Iron Barbs|[of] p1a: Ferrothorn
|
|-heal|p2a: Zeraora|94/100|[from] item: Leftovers
|upkeep
|turn|36
|
|t:|1641733029
|switch|p2a: Corviknight|Corviknight, M|88/100
|-damage|p2a: Corviknight|75/100|[from] Stealth Rock
|-ability|p2a: Corviknight|Pressure
|switch|p1a: Regieleki|Regieleki|30/100 brn
|
|-heal|p2a: Corviknight|82/100|[from] item: Leftovers
|-damage|p1a: Regieleki|24/100 brn|[from] brn
|upkeep
|turn|37
|
|t:|1641733035
|switch|p1a: Landorus|Landorus-Therian, M|52/100
|-ability|p1a: Landorus|Intimidate|boost
|-unboost|p2a: Corviknight|atk|1
|switch|p2a: Zeraora|Zeraora|94/100
|-damage|p2a: Zeraora|82/100|[from] Spikes
|-damage|p2a: Zeraora|70/100|[from] Stealth Rock
|
|-heal|p2a: Zeraora|76/100|[from] item: Leftovers
|-damage|p1a: Landorus|40/100|[from] item: Sticky Barb
|upkeep
|turn|38
|
|t:|1641733045
|switch|p2a: Clefable|Clefable, M|87/100
|move|p1a: Landorus|U-turn|p2a: Clefable
|-resisted|p2a: Clefable
|-damage|p2a: Clefable|77/100
|
|t:|1641733049
|switch|p1a: Slowking|Slowking, F|88/100 brn|[from]move: U-turn
|
|-damage|p1a: Slowking|82/100 brn|[from] brn
|upkeep
|turn|39
|
|t:|1641733053
|switch|p2a: Corviknight|Corviknight, M|82/100
|-damage|p2a: Corviknight|69/100|[from] Stealth Rock
|-ability|p2a: Corviknight|Pressure
|move|p1a: Slowking|Future Sight|p2a: Corviknight
|-start|p1a: Slowking|move: Future Sight
|
|-heal|p2a: Corviknight|75/100|[from] item: Leftovers
|-damage|p1a: Slowking|76/100 brn|[from] brn
|upkeep
|turn|40
|
|t:|1641733057
|move|p2a: Corviknight|Roost|p2a: Corviknight
|-heal|p2a: Corviknight|100/100
|-singleturn|p2a: Corviknight|move: Roost
|move|p1a: Slowking|Scald|p2a: Corviknight
|-damage|p2a: Corviknight|73/100
|-status|p2a: Corviknight|brn
|
|-heal|p2a: Corviknight|79/100 brn|[from] item: Leftovers
|-damage|p2a: Corviknight|73/100 brn|[from] brn
|-damage|p1a: Slowking|70/100 brn|[from] brn
|upkeep
|turn|41
|
|t:|1641733060
|move|p2a: Corviknight|Roost|p2a: Corviknight
|-heal|p2a: Corviknight|100/100 brn
|-singleturn|p2a: Corviknight|move: Roost
|move|p1a: Slowking|Teleport|p1a: Slowking
|
|t:|1641733065
|switch|p1a: Regieleki|Regieleki|24/100 brn|[from]move: Teleport
|
|-end|p2a: Corviknight|move: Future Sight
|-resisted|p2a: Corviknight
|-damage|p2a: Corviknight|82/100 brn
|-heal|p2a: Corviknight|88/100 brn|[from] item: Leftovers
|-damage|p1a: Regieleki|18/100 brn|[from] brn
|-damage|p2a: Corviknight|82/100 brn|[from] brn
|upkeep
|turn|42
|
|t:|1641733078
|switch|p1a: Slowking|Slowking, F|100/100 brn
|switch|p2a: Zeraora|Zeraora|76/100
|-damage|p2a: Zeraora|63/100|[from] Stealth Rock
|-damage|p2a: Zeraora|51/100|[from] Spikes
|
|-heal|p2a: Zeraora|57/100|[from] item: Leftovers
|-damage|p1a: Slowking|94/100 brn|[from] brn
|upkeep
|turn|43
|
|t:|1641733085
|move|p2a: Zeraora|Plasma Fists|p1a: Slowking
|-supereffective|p1a: Slowking
|-damage|p1a: Slowking|0 fnt
|-fieldactivate|move: Ion Deluge
|-hint|Normal-type moves become Electric-type after using Plasma Fists.
|faint|p1a: Slowking
|
|-heal|p2a: Zeraora|63/100|[from] item: Leftovers
|upkeep
|
|t:|1641733090
|switch|p1a: Landorus|Landorus-Therian, M|40/100
|-ability|p1a: Landorus|Intimidate|boost
|-unboost|p2a: Zeraora|atk|1
|turn|44
|
|t:|1641733096
|switch|p2a: Clefable|Clefable, M|77/100
|move|p1a: Landorus|U-turn|p2a: Clefable
|-resisted|p2a: Clefable
|-damage|p2a: Clefable|65/100
|
|t:|1641733101
|switch|p1a: Ferrothorn|Ferrothorn, M|72/100|[from]move: U-turn
|
|upkeep
|turn|45
|
|t:|1641733106
|switch|p1a: Regieleki|Regieleki|18/100 brn
|move|p2a: Clefable|Stealth Rock|p1a: Regieleki
|-sidestart|p1: SL21CC Leviathan|move: Stealth Rock
|
|-damage|p1a: Regieleki|12/100 brn|[from] brn
|upkeep
|turn|46
|
|t:|1641733116
|move|p1a: Regieleki|Electro Ball|p2a: Clefable
|-damage|p2a: Clefable|2/100
|move|p2a: Clefable|Soft-Boiled|p2a: Clefable
|-heal|p2a: Clefable|52/100
|
|-damage|p1a: Regieleki|6/100 brn|[from] brn
|upkeep
|turn|47
|-message|SL21CC Leviathan forfeited.
|
|win|adreamew
|raw|SL21CC Leviathan's rating: 1217 &rarr; <strong>1202</strong><br />(-15 for losing)
|raw|adreamew's rating: 1238 &rarr; <strong>1253</strong><br />(+15 for winning)
|l|☆SL21CC Leviathan
|l| SL21CC tangkeke
