|raw|<div class="broadcast-blue"><strong>This battle is required to be public due to a player having a name starting with 'sl21cc'.</div>
|j|☆dragonitenb
|j|☆SL21CC 91舒先生
|t:|1641824248
|gametype|singles
|player|p1|dragonitenb|feida.png|1347
|player|p2|SL21CC 91舒先生|chickwayne.gif|1433
|teamsize|p1|6
|teamsize|p2|6
|gen|8
|tier|[Gen 8] OU
|rated|
|rule|Sleep Clause Mod: Limit one foe put to sleep
|rule|Species Clause: Limit one of each Pokémon
|rule|OHKO Clause: OHKO moves are banned
|rule|Evasion Moves Clause: Evasion moves are banned
|rule|Endless Battle Clause: Forcing endless battles is banned
|rule|HP Percentage Mod: HP is shown in percentages
|rule|Dynamax Clause: You cannot dynamax
|clearpoke
|poke|p1|Nihilego|
|poke|p1|Celesteela|
|poke|p1|Garchomp, F|
|poke|p1|Zapdos-Galar|
|poke|p1|Tapu Fini|
|poke|p1|Kartana|
|poke|p2|Urshifu-*, F|
|poke|p2|Slowking-Galar, F|
|poke|p2|Ferrothorn, M|
|poke|p2|Landorus-Therian, M|
|poke|p2|Tornadus-Therian, M|
|poke|p2|Weavile, M|
|teampreview
|c|☆SL21CC 91舒先生|mua
|j| sl21cc vogut
|c|☆SL21CC 91舒先生|亲亲
|inactive|Battle timer is ON: inactive players will automatically lose when time's up. (requested by SL21CC 91舒先生)
|
|t:|1641824268
|start
|switch|p1a: Garchomp|Garchomp, F|100/100
|switch|p2a: Weavile|Weavile, M|100/100
|-ability|p2a: Weavile|Pressure
|turn|1
|j|♚Master Origami♕
|j| adreamew
|
|t:|1641824279
|switch|p1a: Tapu Fini|Tapu Fini|100/100
|-fieldstart|move: Misty Terrain|[from] ability: Misty Surge|[of] p1a: Tapu Fini
|move|p2a: Weavile|Triple Axel|p1a: Tapu Fini
|-resisted|p1a: Tapu Fini
|-damage|p1a: Tapu Fini|95/100
|-resisted|p1a: Tapu Fini
|-damage|p1a: Tapu Fini|85/100
|-resisted|p1a: Tapu Fini
|-damage|p1a: Tapu Fini|68/100
|-hitcount|p1a: Tapu Fini|3
|
|-heal|p1a: Tapu Fini|74/100|[from] item: Leftovers
|upkeep
|turn|2
|j| SL21CCC徐坤
|
|t:|1641824302
|switch|p2a: Tornadus|Tornadus-Therian, M|100/100
|move|p1a: Tapu Fini|Nature's Madness|p2a: Tornadus
|-damage|p2a: Tornadus|50/100
|
|-heal|p1a: Tapu Fini|80/100|[from] item: Leftovers
|upkeep
|turn|3
|c|♚Master Origami♕|先生
|
|t:|1641824309
|switch|p1a: Garchomp|Garchomp, F|100/100
|move|p2a: Tornadus|U-turn|p1a: Garchomp
|-damage|p1a: Garchomp|92/100
|-damage|p2a: Tornadus|38/100|[from] ability: Rough Skin|[of] p1a: Garchomp
|-damage|p2a: Tornadus|21/100|[from] item: Rocky Helmet|[of] p1a: Garchomp
|c|♚Master Origami♕|收手吧
|j| Tokyo EZ
|
|t:|1641824313
|switch|p2a: Weavile|Weavile, M|100/100|[from]move: U-turn
|-ability|p2a: Weavile|Pressure
|
|upkeep
|turn|4
|
|t:|1641824329
|switch|p1a: Tapu Fini|Tapu Fini|80/100
|move|p2a: Weavile|Triple Axel|p1a: Tapu Fini|[miss]
|-miss|p2a: Weavile|p1a: Tapu Fini
|
|-heal|p1a: Tapu Fini|86/100|[from] item: Leftovers
|upkeep
|turn|5
|
|t:|1641824342
|switch|p2a: Tornadus|Tornadus-Therian, M|55/100
|move|p1a: Tapu Fini|Nature's Madness|p2a: Tornadus
|-damage|p2a: Tornadus|28/100
|
|-heal|p1a: Tapu Fini|92/100|[from] item: Leftovers
|-fieldend|Misty Terrain
|upkeep
|turn|6
|
|t:|1641824356
|switch|p2a: Weavile|Weavile, M|100/100
|-ability|p2a: Weavile|Pressure
|move|p1a: Tapu Fini|Nature's Madness|p2a: Weavile
|-damage|p2a: Weavile|51/100
|
|-heal|p1a: Tapu Fini|98/100|[from] item: Leftovers
|upkeep
|turn|7
|
|t:|1641824364
|switch|p2a: Tornadus|Tornadus-Therian, M|61/100
|move|p1a: Tapu Fini|Moonblast|p2a: Tornadus
|-damage|p2a: Tornadus|30/100
|-unboost|p2a: Tornadus|spa|1
|
|-heal|p1a: Tapu Fini|100/100|[from] item: Leftovers
|upkeep
|turn|8
|
|t:|1641824370
|move|p2a: Tornadus|U-turn|p1a: Tapu Fini
|-resisted|p1a: Tapu Fini
|-damage|p1a: Tapu Fini|96/100
|
|t:|1641824372
|switch|p2a: Slowking|Slowking-Galar, F, shiny|100/100|[from]move: U-turn
|move|p1a: Tapu Fini|Nature's Madness|p2a: Slowking
|-damage|p2a: Slowking|51/100
|
|-heal|p1a: Tapu Fini|100/100|[from] item: Leftovers
|upkeep
|turn|9
|
|t:|1641824377
|switch|p1a: Garchomp|Garchomp, F|92/100
|switch|p2a: Weavile|Weavile, M|51/100
|-ability|p2a: Weavile|Pressure
|
|upkeep
|turn|10
|
|t:|1641824381
|switch|p1a: Tapu Fini|Tapu Fini|100/100
|-fieldstart|move: Misty Terrain|[from] ability: Misty Surge|[of] p1a: Tapu Fini
|move|p2a: Weavile|Knock Off|p1a: Tapu Fini
|-resisted|p1a: Tapu Fini
|-damage|p1a: Tapu Fini|74/100
|-enditem|p1a: Tapu Fini|Leftovers|[from] move: Knock Off|[of] p2a: Weavile
|
|upkeep
|turn|11
|j| sl21cc ap
|
|t:|1641824388
|switch|p2a: Slowking|Slowking-Galar, F, shiny|84/100
|switch|p1a: Garchomp|Garchomp, F|92/100
|
|upkeep
|turn|12
|j| sl21cckhl
|
|t:|1641824398
|switch|p2a: Tornadus|Tornadus-Therian, M|63/100
|move|p1a: Garchomp|Stealth Rock|p2a: Tornadus
|-sidestart|p2: SL21CC 91舒先生|move: Stealth Rock
|
|upkeep
|turn|13
|
|t:|1641824405
|switch|p2a: Ferrothorn|Ferrothorn, M|100/100
|-damage|p2a: Ferrothorn|94/100|[from] Stealth Rock
|move|p1a: Garchomp|Toxic|p2a: Ferrothorn
|-immune|p2a: Ferrothorn
|
|-heal|p2a: Ferrothorn|100/100|[from] item: Leftovers
|upkeep
|turn|14
|
|t:|1641824412
|switch|p1a: Zapdos|Zapdos-Galar|100/100
|move|p2a: Ferrothorn|Spikes|p1a: Zapdos
|-sidestart|p1: dragonitenb|Spikes
|
|-fieldend|Misty Terrain
|upkeep
|turn|15
|
|t:|1641824425
|move|p1a: Zapdos|Brave Bird|p2a: Ferrothorn
|-damage|p2a: Ferrothorn|40/100
|-damage|p1a: Zapdos|88/100|[from] ability: Iron Barbs|[of] p2a: Ferrothorn
|-damage|p1a: Zapdos|66/100|[from] Recoil
|move|p2a: Ferrothorn|Leech Seed|p1a: Zapdos
|-start|p1a: Zapdos|move: Leech Seed
|
|-heal|p2a: Ferrothorn|46/100|[from] item: Leftovers
|-damage|p1a: Zapdos|53/100|[from] Leech Seed|[of] p2a: Ferrothorn
|-heal|p2a: Ferrothorn|57/100|[silent]
|upkeep
|turn|16
|inactive|SL21CC 91舒先生 has 120 seconds left.
|
|t:|1641824483
|move|p1a: Zapdos|Brave Bird|p2a: Ferrothorn
|-damage|p2a: Ferrothorn|4/100
|-damage|p1a: Zapdos|41/100|[from] ability: Iron Barbs|[of] p2a: Ferrothorn
|-damage|p1a: Zapdos|22/100|[from] Recoil
|move|p2a: Ferrothorn|Spikes|p1a: Zapdos
|-sidestart|p1: dragonitenb|Spikes
|
|-heal|p2a: Ferrothorn|11/100|[from] item: Leftovers
|-damage|p1a: Zapdos|10/100|[from] Leech Seed|[of] p2a: Ferrothorn
|-heal|p2a: Ferrothorn|22/100|[silent]
|upkeep
|turn|17
|
|t:|1641824497
|move|p1a: Zapdos|Brave Bird|p2a: Ferrothorn
|-damage|p2a: Ferrothorn|0 fnt
|-damage|p1a: Zapdos|0 fnt|[from] ability: Iron Barbs|[of] p2a: Ferrothorn
|faint|p2a: Ferrothorn
|faint|p1a: Zapdos
|
|upkeep
|inactive|SL21CC 91舒先生 has 90 seconds left.
|
|t:|1641824523
|switch|p1a: Garchomp|Garchomp, F|92/100
|switch|p2a: Slowking|Slowking-Galar, F, shiny|100/100
|-damage|p1a: Garchomp|75/100|[from] Spikes
|-damage|p2a: Slowking|88/100|[from] Stealth Rock
|turn|18
|
|t:|1641824535
|switch|p2a: Tornadus|Tornadus-Therian, M|96/100
|move|p1a: Garchomp|Earthquake|p2a: Tornadus
|-immune|p2a: Tornadus
|
|upkeep
|turn|19
|
|t:|1641824539
|move|p2a: Tornadus|Toxic|p1a: Garchomp
|-status|p1a: Garchomp|tox
|move|p1a: Garchomp|Toxic|p2a: Tornadus
|-status|p2a: Tornadus|tox
|
|-damage|p2a: Tornadus|90/100 tox|[from] psn
|-damage|p1a: Garchomp|69/100 tox|[from] psn
|upkeep
|turn|20
|
|t:|1641824544
|move|p2a: Tornadus|U-turn|p1a: Garchomp
|-damage|p1a: Garchomp|61/100 tox
|-damage|p2a: Tornadus|78/100 tox|[from] ability: Rough Skin|[of] p1a: Garchomp
|-damage|p2a: Tornadus|61/100 tox|[from] item: Rocky Helmet|[of] p1a: Garchomp
|
|t:|1641824548
|switch|p2a: Slowking|Slowking-Galar, F, shiny|100/100|[from]move: U-turn
|-damage|p2a: Slowking|88/100|[from] Stealth Rock
|move|p1a: Garchomp|Earthquake|p2a: Slowking
|-supereffective|p2a: Slowking
|-damage|p2a: Slowking|18/100
|
|-damage|p1a: Garchomp|48/100 tox|[from] psn
|upkeep
|turn|21
|
|t:|1641824556
|switch|p1a: Nihilego|Nihilego|100/100
|-damage|p1a: Nihilego|84/100|[from] Spikes
|switch|p2a: Tornadus|Tornadus-Therian, M|94/100 tox
|
|-damage|p2a: Tornadus|88/100 tox|[from] psn
|upkeep
|turn|22
|inactive|SL21CC 91舒先生 has 120 seconds left.
|
|t:|1641824562
|move|p2a: Tornadus|U-turn|p1a: Nihilego
|-resisted|p1a: Nihilego
|-damage|p1a: Nihilego|73/100
|inactive|SL21CC 91舒先生 has 120 seconds left.
|
|t:|1641824570
|switch|p2a: Landorus|Landorus-Therian, M, shiny|100/100|[from]move: U-turn
|-damage|p2a: Landorus|88/100|[from] Stealth Rock
|-ability|p2a: Landorus|Intimidate|boost
|-unboost|p1a: Nihilego|atk|1
|move|p1a: Nihilego|Meteor Beam||[still]
|-prepare|p1a: Nihilego|Meteor Beam
|-boost|p1a: Nihilego|spa|1
|-enditem|p1a: Nihilego|Power Herb
|-anim|p1a: Nihilego|Meteor Beam|p2a: Landorus|[miss]
|-miss|p1a: Nihilego|p2a: Landorus
|
|-heal|p2a: Landorus|94/100|[from] item: Leftovers
|upkeep
|turn|23
|
|t:|1641824577
|move|p1a: Nihilego|Power Gem|p2a: Landorus
|-damage|p2a: Landorus|37/100
|move|p2a: Landorus|Earthquake|p1a: Nihilego
|-supereffective|p1a: Nihilego
|-damage|p1a: Nihilego|0 fnt
|faint|p1a: Nihilego
|
|-heal|p2a: Landorus|43/100|[from] item: Leftovers
|upkeep
|c|☆dragonitenb|煞笔？
|c|☆SL21CC 91舒先生|嗯嗯1
|j| SL21CC Leviathan
|inactive|dragonitenb has 120 seconds left.
|j| SL21CC姐ISthequeen
|inactive|dragonitenb has 90 seconds left.
|
|t:|1641824658
|switch|p1a: Celesteela|Celesteela|100/100
|turn|24
|
|t:|1641824668
|move|p2a: Landorus|Stone Edge|p1a: Celesteela
|-damage|p1a: Celesteela|65/100
|move|p1a: Celesteela|Autotomize|p1a: Celesteela
|-boost|p1a: Celesteela|spe|2
|-start|p1a: Celesteela|Autotomize
|
|-heal|p2a: Landorus|49/100|[from] item: Leftovers
|upkeep
|turn|25
|
|t:|1641824682
|switch|p2a: Urshifu|Urshifu-Rapid-Strike, F|100/100
|-damage|p2a: Urshifu|94/100|[from] Stealth Rock
|move|p1a: Celesteela|Meteor Beam||[still]
|-prepare|p1a: Celesteela|Meteor Beam
|-boost|p1a: Celesteela|spa|1
|-enditem|p1a: Celesteela|Power Herb
|-anim|p1a: Celesteela|Meteor Beam|p2a: Urshifu
|-resisted|p2a: Urshifu
|-damage|p2a: Urshifu|49/100
|
|upkeep
|turn|26
|
|t:|1641824685
|move|p2a: Urshifu|Aqua Jet|p1a: Celesteela
|-damage|p1a: Celesteela|31/100
|move|p1a: Celesteela|Air Slash|p2a: Urshifu
|-supereffective|p2a: Urshifu
|-damage|p2a: Urshifu|0 fnt
|faint|p2a: Urshifu
|-ability|p1a: Celesteela|Beast Boost|boost
|-boost|p1a: Celesteela|spa|1
|
|upkeep
|
|t:|1641824688
|switch|p2a: Weavile|Weavile, M|51/100
|-damage|p2a: Weavile|26/100|[from] Stealth Rock
|-ability|p2a: Weavile|Pressure
|turn|27
|
|t:|1641824691
|move|p2a: Weavile|Ice Shard|p1a: Celesteela
|-damage|p1a: Celesteela|0 fnt
|faint|p1a: Celesteela
|
|upkeep
|
|t:|1641824700
|switch|p1a: Kartana|Kartana|100/100
|-damage|p1a: Kartana|84/100|[from] Spikes
|turn|28
|
|t:|1641824702
|switch|p2a: Tornadus|Tornadus-Therian, M|100/100 tox
|move|p1a: Kartana|Knock Off|p2a: Tornadus
|-damage|p2a: Tornadus|51/100 tox
|-enditem|p2a: Tornadus|Heavy-Duty Boots|[from] move: Knock Off|[of] p1a: Kartana
|
|-damage|p2a: Tornadus|45/100 tox|[from] psn
|upkeep
|turn|29
|
|t:|1641824710
|switch|p1a: Garchomp|Garchomp, F|48/100 tox
|-damage|p1a: Garchomp|32/100 tox|[from] Spikes
|move|p2a: Tornadus|Heat Wave|p1a: Garchomp
|-resisted|p1a: Garchomp
|-damage|p1a: Garchomp|22/100 tox
|
|-damage|p2a: Tornadus|33/100 tox|[from] psn
|-damage|p1a: Garchomp|16/100 tox|[from] psn
|upkeep
|turn|30
|
|t:|1641824719
|switch|p2a: Landorus|Landorus-Therian, M, shiny|49/100
|-damage|p2a: Landorus|37/100|[from] Stealth Rock
|-ability|p2a: Landorus|Intimidate|boost
|-unboost|p1a: Garchomp|atk|1
|move|p1a: Garchomp|Toxic|p2a: Landorus
|-status|p2a: Landorus|tox
|
|-heal|p2a: Landorus|43/100 tox|[from] item: Leftovers
|-damage|p1a: Garchomp|3/100 tox|[from] psn
|-damage|p2a: Landorus|37/100 tox|[from] psn
|upkeep
|turn|31
|
|t:|1641824730
|move|p1a: Garchomp|Earthquake|p2a: Landorus
|-immune|p2a: Landorus
|move|p2a: Landorus|Earthquake|p1a: Garchomp
|-damage|p1a: Garchomp|0 fnt
|faint|p1a: Garchomp
|
|-heal|p2a: Landorus|43/100 tox|[from] item: Leftovers
|-damage|p2a: Landorus|31/100 tox|[from] psn
|upkeep
|
|t:|1641824734
|switch|p1a: Kartana|Kartana|84/100
|-damage|p1a: Kartana|67/100|[from] Spikes
|turn|32
|
|t:|1641824736
|move|p1a: Kartana|Smart Strike|p2a: Landorus
|-damage|p2a: Landorus|0 fnt
|faint|p2a: Landorus
|-ability|p1a: Kartana|Beast Boost|boost
|-boost|p1a: Kartana|atk|1
|
|upkeep
|
|t:|1641824739
|switch|p2a: Tornadus|Tornadus-Therian, M|66/100 tox
|-damage|p2a: Tornadus|41/100 tox|[from] Stealth Rock
|turn|33
|
|t:|1641824742
|move|p1a: Kartana|Smart Strike|p2a: Tornadus
|-damage|p2a: Tornadus|0 fnt
|faint|p2a: Tornadus
|-ability|p1a: Kartana|Beast Boost|boost
|-boost|p1a: Kartana|atk|1
|
|upkeep
|c|☆dragonitenb|不是
|
|t:|1641824746
|switch|p2a: Weavile|Weavile, M|26/100
|-damage|p2a: Weavile|1/100|[from] Stealth Rock
|-ability|p2a: Weavile|Pressure
|turn|34
|c|☆dragonitenb|你咋1433
|c|☆dragonitenb|了
|c|☆dragonitenb|= =
|c|☆dragonitenb|不是64吗
|
|t:|1641824753
|move|p2a: Weavile|Ice Shard|p1a: Kartana
|-damage|p1a: Kartana|34/100
|move|p1a: Kartana|Smart Strike|p2a: Weavile
|-supereffective|p2a: Weavile
|-damage|p2a: Weavile|0 fnt
|faint|p2a: Weavile
|-ability|p1a: Kartana|Beast Boost|boost
|-boost|p1a: Kartana|atk|1
|
|upkeep
|c|☆SL21CC 91舒先生|输给鱼鳞了
|
|t:|1641824760
|switch|p2a: Slowking|Slowking-Galar, F, shiny|51/100
|-damage|p2a: Slowking|39/100|[from] Stealth Rock
|turn|35
|
|t:|1641824771
|move|p1a: Kartana|Smart Strike|p2a: Slowking
|-damage|p2a: Slowking|0 fnt
|faint|p2a: Slowking
|
|win|dragonitenb
|raw|dragonitenb's rating: 1328 &rarr; <strong>1349</strong><br />(+21 for winning)
|raw|SL21CC 91舒先生's rating: 1433 &rarr; <strong>1407</strong><br />(-26 for losing)
|c|☆dragonitenb|鱼鳞恶心人我草
|l| SL21CC Leviathan
|c|☆SL21CC 91舒先生|鱼鳞恶心人我草
|l| SL21CCC徐坤
