|raw|<div class="broadcast-blue"><strong>This battle is required to be public due to a player having a name starting with 'sl21cc'.</div>
|j|☆dragonitenb
|j|☆SL21CC KFC嫩牛五方
|t:|1641825173
|gametype|singles
|player|p1|dragonitenb|feida.png|1349
|player|p2|SL21CC KFC嫩牛五方|baker|1302
|teamsize|p1|6
|teamsize|p2|6
|gen|8
|tier|[Gen 8] OU
|rated|
|rule|Sleep Clause Mod: Limit one foe put to sleep
|rule|Species Clause: Limit one of each Pokémon
|rule|OHKO Clause: OHKO moves are banned
|rule|Evasion Moves Clause: Evasion moves are banned
|rule|Endless Battle Clause: Forcing endless battles is banned
|rule|HP Percentage Mod: HP is shown in percentages
|rule|Dynamax Clause: You cannot dynamax
|clearpoke
|poke|p1|Nihilego|
|poke|p1|Celesteela|
|poke|p1|Garchomp, M|
|poke|p1|Zapdos-Galar|
|poke|p1|Tapu Fini|
|poke|p1|Kartana|
|poke|p2|Melmetal|
|poke|p2|Cresselia, F|
|poke|p2|Crawdaunt, M|
|poke|p2|Hatterene, F|
|poke|p2|Porygon2|
|poke|p2|Marowak-Alola, M|
|teampreview
|j|♚Jqlove
|j| SL21CC 91舒先生
|
|t:|1641825178
|start
|switch|p1a: Zapdos|Zapdos-Galar|100/100
|switch|p2a: Hatterene|Hatterene, F|100/100
|turn|1
|j| adreamew
|j| SL21CCC徐坤
|j| SL21CC Leviathan
|j| eastnovel
|j| Tokyo EZ
|
|t:|1641825199
|move|p1a: Zapdos|U-turn|p2a: Hatterene
|-damage|p2a: Hatterene|69/100
|j| sl21cc vogut
|
|t:|1641825218
|switch|p1a: Garchomp|Garchomp, M|100/100|[from]move: U-turn
|move|p2a: Hatterene|Trick Room|p2a: Hatterene
|-fieldstart|move: Trick Room|[of] p2a: Hatterene
|
|upkeep
|turn|2
|j| sl21cc ap
|
|t:|1641825225
|move|p2a: Hatterene|Psychic|p1a: Garchomp
|-damage|p1a: Garchomp|62/100
|move|p1a: Garchomp|Stealth Rock|p2a: Hatterene
|move|p2a: Hatterene|Stealth Rock|p1a: Garchomp|[from]ability: Magic Bounce
|-sidestart|p1: dragonitenb|move: Stealth Rock
|
|upkeep
|turn|3
|c| SL21CC 91舒先生|演员？
|
|t:|1641825237
|move|p2a: Hatterene|Healing Wish|p2a: Hatterene
|faint|p2a: Hatterene
|move|p1a: Garchomp|Stealth Rock|p2: Hatterene
|-sidestart|p2: SL21CC KFC嫩牛五方|move: Stealth Rock
|
|upkeep
|
|t:|1641825243
|switch|p2a: Knocked|Crawdaunt, M, shiny|100/100
|-damage|p2a: Knocked|88/100|[from] Stealth Rock
|turn|4
|
|t:|1641825252
|move|p2a: Knocked|Knock Off|p1a: Garchomp
|-damage|p1a: Garchomp|5/100
|-damage|p2a: Knocked|76/100|[from] ability: Rough Skin|[of] p1a: Garchomp
|-damage|p2a: Knocked|59/100|[from] item: Rocky Helmet|[of] p1a: Garchomp
|-enditem|p1a: Garchomp|Rocky Helmet|[from] move: Knock Off|[of] p2a: Knocked
|-damage|p2a: Knocked|49/100|[from] item: Life Orb
|move|p1a: Garchomp|Earthquake|p2a: Knocked
|-damage|p2a: Knocked|1/100
|
|upkeep
|turn|5
|
|t:|1641825255
|move|p2a: Knocked|Knock Off|p1a: Garchomp
|-damage|p1a: Garchomp|0 fnt
|-damage|p2a: Knocked|0 fnt|[from] ability: Rough Skin|[of] p1a: Garchomp
|faint|p1a: Garchomp
|faint|p2a: Knocked
|
|-fieldend|move: Trick Room
|upkeep
|
|t:|1641825268
|switch|p1a: Kartana|Kartana|100/100
|switch|p2a: Porygon2|Porygon2|100/100
|-damage|p1a: Kartana|94/100|[from] Stealth Rock
|-damage|p2a: Porygon2|88/100|[from] Stealth Rock
|-ability|p2a: Porygon2|Download|boost
|-boost|p2a: Porygon2|spa|1
|turn|6
|
|t:|1641825276
|move|p1a: Kartana|Knock Off|p2a: Porygon2
|-damage|p2a: Porygon2|58/100
|-enditem|p2a: Porygon2|Eviolite|[from] move: Knock Off|[of] p1a: Kartana
|move|p2a: Porygon2|Trick Room|p2a: Porygon2
|-fieldstart|move: Trick Room|[of] p2a: Porygon2
|
|upkeep
|turn|7
|j| jiokopg_fkok43
|
|t:|1641825293
|switch|p1a: Nihilego|Nihilego|100/100
|-damage|p1a: Nihilego|88/100|[from] Stealth Rock
|move|p2a: Porygon2|Teleport|p2a: Porygon2
|
|t:|1641825319
|switch|p2a: Melmetal|Melmetal|100/100|[from]move: Teleport
|-damage|p2a: Melmetal|94/100|[from] Stealth Rock
|
|upkeep
|turn|8
|
|t:|1641825349
|move|p2a: Melmetal|Double Iron Bash|p1a: Nihilego
|-supereffective|p1a: Nihilego
|-damage|p1a: Nihilego|0 fnt
|faint|p1a: Nihilego
|-hitcount|p1: Nihilego|1
|
|upkeep
|
|t:|1641825351
|switch|p1a: Kartana|Kartana|94/100
|-damage|p1a: Kartana|88/100|[from] Stealth Rock
|turn|9
|
|t:|1641825362
|move|p2a: Melmetal|Double Iron Bash|p1a: Kartana
|-resisted|p1a: Kartana
|-damage|p1a: Kartana|55/100
|-resisted|p1a: Kartana
|-damage|p1a: Kartana|21/100
|-hitcount|p1a: Kartana|2
|move|p1a: Kartana|Knock Off|p2a: Melmetal
|-damage|p2a: Melmetal|70/100
|-enditem|p2a: Melmetal|Choice Band|[from] move: Knock Off|[of] p1a: Kartana
|
|upkeep
|turn|10
|
|t:|1641825374
|move|p2a: Melmetal|Double Iron Bash|p1a: Kartana
|-resisted|p1a: Kartana
|-damage|p1a: Kartana|0 fnt
|faint|p1a: Kartana
|-hitcount|p1: Kartana|1
|
|-fieldend|move: Trick Room
|upkeep
|
|t:|1641825379
|switch|p1a: Celesteela|Celesteela|100/100
|-damage|p1a: Celesteela|88/100|[from] Stealth Rock
|turn|11
|
|t:|1641825387
|move|p1a: Celesteela|Fire Blast|p2a: Melmetal
|-supereffective|p2a: Melmetal
|-damage|p2a: Melmetal|0 fnt
|faint|p2a: Melmetal
|-ability|p1a: Celesteela|Beast Boost|boost
|-boost|p1a: Celesteela|spa|1
|
|upkeep
|
|t:|1641825393
|switch|p2a: Cresselia|Cresselia, F|100/100
|-damage|p2a: Cresselia|88/100|[from] Stealth Rock
|turn|12
|j| sl21cckhl
|
|t:|1641825418
|move|p1a: Celesteela|Meteor Beam||[still]
|-prepare|p1a: Celesteela|Meteor Beam
|-boost|p1a: Celesteela|spa|1
|-enditem|p1a: Celesteela|Power Herb
|-anim|p1a: Celesteela|Meteor Beam|p2a: Cresselia|[miss]
|-miss|p1a: Celesteela|p2a: Cresselia
|move|p2a: Cresselia|Trick Room|p2a: Cresselia
|-fieldstart|move: Trick Room|[of] p2a: Cresselia
|
|upkeep
|turn|13
|
|t:|1641825432
|move|p2a: Cresselia|Lunar Dance|p2a: Cresselia
|faint|p2a: Cresselia
|move|p1a: Celesteela|Meteor Beam||[still]
|-prepare|p1a: Celesteela|Meteor Beam
|-boost|p1a: Celesteela|spa|1
|
|upkeep
|
|t:|1641825433
|switch|p2a: Marowak|Marowak-Alola, M|100/100
|-damage|p2a: Marowak|76/100|[from] Stealth Rock
|turn|14
|
|t:|1641825436
|move|p2a: Marowak|Flare Blitz|p1a: Celesteela
|-supereffective|p1a: Celesteela
|-damage|p1a: Celesteela|0 fnt
|faint|p1a: Celesteela
|
|upkeep
|
|t:|1641825438
|switch|p1a: Tapu Fini|Tapu Fini|100/100
|-damage|p1a: Tapu Fini|88/100|[from] Stealth Rock
|-fieldstart|move: Misty Terrain|[from] ability: Misty Surge|[of] p1a: Tapu Fini
|turn|15
|
|t:|1641825450
|move|p2a: Marowak|Poltergeist|p1a: Tapu Fini
|-activate|p1a: Tapu Fini|move: Poltergeist|Leftovers
|-damage|p1a: Tapu Fini|28/100
|move|p1a: Tapu Fini|Whirlpool|p2a: Marowak
|-supereffective|p2a: Marowak
|-damage|p2a: Marowak|48/100
|-activate|p2a: Marowak|move: Whirlpool|[of] p1a: Tapu Fini
|
|-heal|p1a: Tapu Fini|34/100|[from] item: Leftovers
|-damage|p2a: Marowak|35/100|[from] move: Whirlpool|[partiallytrapped]
|upkeep
|turn|16
|
|t:|1641825471
|switch|p2a: Porygon2|Porygon2|58/100
|-heal|p2a: Porygon2|100/100|[from] move: Healing Wish
|-heal|p2a: Porygon2|100/100|[from] move: Lunar Dance
|-damage|p2a: Porygon2|88/100|[from] Stealth Rock
|-ability|p2a: Porygon2|Download|boost
|-boost|p2a: Porygon2|spa|1
|move|p1a: Tapu Fini|Moonblast|p2a: Porygon2
|-damage|p2a: Porygon2|60/100
|-unboost|p2a: Porygon2|spa|1
|
|-heal|p1a: Tapu Fini|40/100|[from] item: Leftovers
|-fieldend|move: Trick Room
|upkeep
|turn|17
|l|♚Jqlove
|
|t:|1641825524
|move|p1a: Tapu Fini|Moonblast|p2a: Porygon2
|-damage|p2a: Porygon2|28/100
|-unboost|p2a: Porygon2|spa|1
|move|p2a: Porygon2|Trick Room|p2a: Porygon2
|-fieldstart|move: Trick Room|[of] p2a: Porygon2
|
|-heal|p1a: Tapu Fini|46/100|[from] item: Leftovers
|upkeep
|turn|18
|
|t:|1641825533
|move|p2a: Porygon2|Thunderbolt|p1a: Tapu Fini
|-supereffective|p1a: Tapu Fini
|-damage|p1a: Tapu Fini|16/100
|move|p1a: Tapu Fini|Moonblast|p2a: Porygon2
|-damage|p2a: Porygon2|0 fnt
|faint|p2a: Porygon2
|
|-heal|p1a: Tapu Fini|23/100|[from] item: Leftovers
|upkeep
|
|t:|1641825570
|switch|p2a: Marowak|Marowak-Alola, M|35/100
|-damage|p2a: Marowak|11/100|[from] Stealth Rock
|turn|19
|
|t:|1641825578
|move|p2a: Marowak|Flare Blitz|p1a: Tapu Fini
|-resisted|p1a: Tapu Fini
|-damage|p1a: Tapu Fini|0 fnt
|faint|p1a: Tapu Fini
|
|-fieldend|Misty Terrain
|upkeep
|
|t:|1641825579
|switch|p1a: Zapdos|Zapdos-Galar|100/100
|-damage|p1a: Zapdos|88/100|[from] Stealth Rock
|turn|20
|l| SL21CC 91舒先生
|l| sl21cc vogut
|
|t:|1641825596
|move|p2a: Marowak|Flare Blitz|p1a: Zapdos
|-damage|p1a: Zapdos|0 fnt
|faint|p1a: Zapdos
|
|win|SL21CC KFC嫩牛五方
|raw|dragonitenb's rating: 1349 &rarr; <strong>1332</strong><br />(-17 for losing)
|raw|SL21CC KFC嫩牛五方's rating: 1326 &rarr; <strong>1343</strong><br />(+17 for winning)
|l| SL21CCC徐坤
|l| sl21cc ap
|l|☆SL21CC KFC嫩牛五方
|l| SL21CC Leviathan
