|raw|<div class="broadcast-blue"><strong>This battle is required to be public due to a player having a name starting with 'sl21cc'.</div>
|j|☆SL21CC KFC嫩牛五方
|j|☆SL21CC Leviathan
|t:|1641825609
|gametype|singles
|player|p1|SL21CC KFC嫩牛五方|baker|1343
|player|p2|SL21CC Leviathan|guitarist|1217
|teamsize|p1|6
|teamsize|p2|6
|gen|8
|tier|[Gen 8] OU
|rated|
|rule|Sleep Clause Mod: Limit one foe put to sleep
|rule|Species Clause: Limit one of each Pokémon
|rule|OHKO Clause: OHKO moves are banned
|rule|Evasion Moves Clause: Evasion moves are banned
|rule|Endless Battle Clause: Forcing endless battles is banned
|rule|HP Percentage Mod: HP is shown in percentages
|rule|Dynamax Clause: You cannot dynamax
|clearpoke
|poke|p1|Melmetal|
|poke|p1|Cresselia, F|
|poke|p1|Crawdaunt, M|
|poke|p1|Hatterene, F|
|poke|p1|Porygon2|
|poke|p1|Marowak-Alola, M|
|poke|p2|Tapu Fini|
|poke|p2|Corviknight, M|
|poke|p2|Heatran, F|
|poke|p2|Dragapult, F|
|poke|p2|Garchomp, F|
|poke|p2|Tapu Lele|
|teampreview
|
|t:|1641825620
|start
|switch|p1a: Hatterene|Hatterene, F|100/100
|switch|p2a: Heatran|Heatran, F|100/100
|turn|1
|
|t:|1641825623
|move|p2a: Heatran|Magma Storm|p1a: Hatterene
|-damage|p1a: Hatterene|57/100
|-activate|p1a: Hatterene|move: Magma Storm|[of] p2a: Heatran
|move|p1a: Hatterene|Trick Room|p1a: Hatterene
|-fieldstart|move: Trick Room|[of] p1a: Hatterene
|
|-damage|p1a: Hatterene|45/100|[from] move: Magma Storm|[partiallytrapped]
|upkeep
|turn|2
|j| eastnovel
|
|t:|1641825630
|move|p1a: Hatterene|Healing Wish|p1a: Hatterene
|faint|p1a: Hatterene
|move|p2a: Heatran|Toxic|p1: Hatterene|[notarget]
|-fail|p2a: Heatran
|
|upkeep
|l| eastnovel
|
|t:|1641825634
|switch|p1a: Marowak|Marowak-Alola, M|100/100
|turn|3
|
|t:|1641825652
|switch|p2a: Corviknight|Corviknight, M|100/100
|-ability|p2a: Corviknight|Pressure
|move|p1a: Marowak|Swords Dance|p1a: Marowak
|-boost|p1a: Marowak|atk|2
|
|upkeep
|turn|4
|
|t:|1641825669
|move|p1a: Marowak|Poltergeist|p2a: Corviknight
|-activate|p2a: Corviknight|move: Poltergeist|Leftovers
|-damage|p2a: Corviknight|0 fnt
|faint|p2a: Corviknight
|
|upkeep
|j| adreamew
|
|t:|1641825688
|switch|p2a: Heatran|Heatran, F|100/100
|turn|5
|
|t:|1641825696
|switch|p2a: Tapu Lele|Tapu Lele|100/100
|-fieldstart|move: Psychic Terrain|[from] ability: Psychic Surge|[of] p2a: Tapu Lele
|move|p1a: Marowak|Poltergeist|p2a: Tapu Lele
|-activate|p2a: Tapu Lele|move: Poltergeist|Choice Specs
|-supereffective|p2a: Tapu Lele
|-damage|p2a: Tapu Lele|0 fnt
|faint|p2a: Tapu Lele
|
|-fieldend|move: Trick Room
|upkeep
|
|t:|1641825700
|switch|p2a: Dragapult|Dragapult, F|100/100
|turn|6
|
|t:|1641825703
|move|p2a: Dragapult|U-turn|p1a: Marowak
|-resisted|p1a: Marowak
|-damage|p1a: Marowak|96/100
|
|t:|1641825705
|switch|p2a: Garchomp|Garchomp, F|100/100|[from]move: U-turn
|move|p1a: Marowak|Poltergeist|p2a: Garchomp
|-activate|p2a: Garchomp|move: Poltergeist|Leftovers
|-damage|p2a: Garchomp|0 fnt
|faint|p2a: Garchomp
|
|upkeep
|-message|SL21CC Leviathan forfeited.
|
|win|SL21CC KFC嫩牛五方
|raw|SL21CC KFC嫩牛五方's rating: 1343 &rarr; <strong>1354</strong><br />(+11 for winning)
|raw|SL21CC Leviathan's rating: 1217 &rarr; <strong>1206</strong><br />(-11 for losing)
|l|☆SL21CC Leviathan
|l|☆SL21CC KFC嫩牛五方
