|raw|<div class="broadcast-blue"><strong>This battle is required to be public due to a player having a name starting with 'sl21cc'.</div>
|j|☆SL21CC Crawdaunt
|j|☆SL21CC ginko
|t:|1641815532
|gametype|singles
|player|p1|SL21CC Crawdaunt|102|1216
|player|p2|SL21CC ginko|evelyn|1330
|teamsize|p1|6
|teamsize|p2|6
|gen|8
|tier|[Gen 8] OU
|rated|
|rule|Sleep Clause Mod: Limit one foe put to sleep
|rule|Species Clause: Limit one of each Pokémon
|rule|OHKO Clause: OHKO moves are banned
|rule|Evasion Moves Clause: Evasion moves are banned
|rule|Endless Battle Clause: Forcing endless battles is banned
|rule|HP Percentage Mod: HP is shown in percentages
|rule|Dynamax Clause: You cannot dynamax
|clearpoke
|poke|p1|Crawdaunt, M|
|poke|p1|Zapdos|
|poke|p1|Pelipper, F|
|poke|p1|Swampert, M|
|poke|p1|Omastar, F|
|poke|p1|Ferrothorn, M|
|poke|p2|Blissey, F|
|poke|p2|Rotom-Heat|
|poke|p2|Landorus-Therian, M|
|poke|p2|Weavile, M|
|poke|p2|Toxapex, F|
|poke|p2|Corviknight, M|
|teampreview
|j| adreamew
|
|t:|1641815544
|start
|switch|p1a: Swampert|Swampert, M|100/100
|switch|p2a: Weavile|Weavile, M|100/100
|-ability|p2a: Weavile|Pressure
|turn|1
|inactive|Battle timer is ON: inactive players will automatically lose when time's up. (requested by SL21CC ginko)
|
|t:|1641815552
|switch|p2a: Corviknight|Corviknight, M|100/100
|-ability|p2a: Corviknight|Pressure
|move|p1a: Swampert|Flip Turn|p2a: Corviknight
|-damage|p2a: Corviknight|85/100
|
|t:|1641815560
|switch|p1a: Pelipper|Pelipper, F|100/100|[from]move: Flip Turn
|-weather|RainDance|[from] ability: Drizzle|[of] p1a: Pelipper
|
|-weather|RainDance|[upkeep]
|upkeep
|turn|2
|
|t:|1641815567
|switch|p2a: Toxapex|Toxapex, F|100/100
|move|p1a: Pelipper|U-turn|p2a: Toxapex
|-resisted|p2a: Toxapex
|-damage|p2a: Toxapex|97/100
|-damage|p1a: Pelipper|84/100|[from] item: Rocky Helmet|[of] p2a: Toxapex
|
|t:|1641815574
|switch|p1a: Zapdos|Zapdos|100/100|[from]move: U-turn
|-ability|p1a: Zapdos|Pressure
|
|-weather|RainDance|[upkeep]
|upkeep
|turn|3
|
|t:|1641815580
|switch|p2a: Blissey|Blissey, F|100/100
|move|p1a: Zapdos|Thunder|p2a: Blissey
|-damage|p2a: Blissey|78/100
|
|-weather|RainDance|[upkeep]
|upkeep
|turn|4
|
|t:|1641815589
|switch|p1a: Swampert|Swampert, M|100/100
|move|p2a: Blissey|Soft-Boiled|p2a: Blissey
|-heal|p2a: Blissey|100/100
|
|-weather|RainDance|[upkeep]
|upkeep
|turn|5
|
|t:|1641815597
|switch|p2a: Toxapex|Toxapex, F|100/100
|move|p1a: Swampert|Whirlpool|p2a: Toxapex
|-resisted|p2a: Toxapex
|-damage|p2a: Toxapex|95/100
|-activate|p2a: Toxapex|move: Whirlpool|[of] p1a: Swampert
|
|-weather|RainDance|[upkeep]
|-damage|p2a: Toxapex|83/100|[from] move: Whirlpool|[partiallytrapped]
|upkeep
|turn|6
|
|t:|1641815607
|move|p1a: Swampert|Earthquake|p2a: Toxapex
|-supereffective|p2a: Toxapex
|-damage|p2a: Toxapex|27/100
|move|p2a: Toxapex|Recover|p2a: Toxapex
|-heal|p2a: Toxapex|77/100
|
|-weather|RainDance|[upkeep]
|-damage|p2a: Toxapex|65/100|[from] move: Whirlpool|[partiallytrapped]
|upkeep
|turn|7
|j| SL21CC KFC
|
|t:|1641815615
|move|p1a: Swampert|Earthquake|p2a: Toxapex
|-supereffective|p2a: Toxapex
|-damage|p2a: Toxapex|6/100
|move|p2a: Toxapex|Recover|p2a: Toxapex
|-heal|p2a: Toxapex|57/100
|
|-weather|RainDance|[upkeep]
|-damage|p2a: Toxapex|44/100|[from] move: Whirlpool|[partiallytrapped]
|upkeep
|turn|8
|
|t:|1641815624
|move|p1a: Swampert|Earthquake|p2a: Toxapex
|-supereffective|p2a: Toxapex
|-damage|p2a: Toxapex|0 fnt
|faint|p2a: Toxapex
|
|-weather|none
|upkeep
|
|t:|1641815627
|switch|p2a: Weavile|Weavile, M|100/100
|-ability|p2a: Weavile|Pressure
|turn|9
|
|t:|1641815634
|move|p2a: Weavile|Knock Off|p1a: Swampert
|-damage|p1a: Swampert|54/100
|-enditem|p1a: Swampert|Leftovers|[from] move: Knock Off|[of] p2a: Weavile
|move|p1a: Swampert|Flip Turn|p2a: Weavile
|-damage|p2a: Weavile|62/100
|
|t:|1641815642
|switch|p1a: Ferrothorn|Ferrothorn, M|100/100|[from]move: Flip Turn
|
|upkeep
|turn|10
|
|t:|1641815648
|switch|p2a: Rotom|Rotom-Heat|100/100
|move|p1a: Ferrothorn|Stealth Rock|p2a: Rotom
|-sidestart|p2: SL21CC ginko|move: Stealth Rock
|
|upkeep
|turn|11
|
|t:|1641815654
|switch|p1a: Swampert|Swampert, M|54/100
|move|p2a: Rotom|Nasty Plot|p2a: Rotom
|-boost|p2a: Rotom|spa|2
|
|upkeep
|turn|12
|
|t:|1641815661
|move|p2a: Rotom|Overheat|p1a: Swampert
|-resisted|p1a: Swampert
|-damage|p1a: Swampert|9/100
|-unboost|p2a: Rotom|spa|2
|move|p1a: Swampert|Flip Turn|p2a: Rotom
|-supereffective|p2a: Rotom
|-damage|p2a: Rotom|35/100
|
|t:|1641815676
|switch|p1a: Crawdaunt|Crawdaunt, M|100/100|[from]move: Flip Turn
|
|upkeep
|turn|13
|
|t:|1641815694
|switch|p2a: Corviknight|Corviknight, M|85/100
|-damage|p2a: Corviknight|73/100|[from] Stealth Rock
|-ability|p2a: Corviknight|Pressure
|move|p1a: Crawdaunt|Aqua Jet|p2a: Corviknight
|-damage|p2a: Corviknight|48/100
|
|upkeep
|turn|14
|
|t:|1641815704
|switch|p1a: Pelipper|Pelipper, F|84/100
|-weather|RainDance|[from] ability: Drizzle|[of] p1a: Pelipper
|move|p2a: Corviknight|Roost|p2a: Corviknight
|-heal|p2a: Corviknight|98/100
|-singleturn|p2a: Corviknight|move: Roost
|
|-weather|RainDance|[upkeep]
|upkeep
|turn|15
|
|t:|1641815714
|move|p2a: Corviknight|Defog|p1a: Pelipper
|-unboost|p1a: Pelipper|evasion|1
|-sideend|p2: SL21CC ginko|Stealth Rock|[from] move: Defog|[of] p2a: Corviknight
|move|p1a: Pelipper|U-turn|p2a: Corviknight
|-resisted|p2a: Corviknight
|-damage|p2a: Corviknight|97/100
|j| SL21CCxiaomiaomiao
|
|t:|1641815721
|switch|p1a: Omastar|Omastar, F|100/100|[from]move: U-turn
|
|-weather|RainDance|[upkeep]
|upkeep
|turn|16
|
|t:|1641815731
|move|p1a: Omastar|Shell Smash|p1a: Omastar
|-unboost|p1a: Omastar|def|1
|-unboost|p1a: Omastar|spd|1
|-boost|p1a: Omastar|atk|2
|-boost|p1a: Omastar|spa|2
|-boost|p1a: Omastar|spe|2
|move|p2a: Corviknight|Body Press|p1a: Omastar
|-supereffective|p1a: Omastar
|-damage|p1a: Omastar|17/100
|
|-weather|RainDance|[upkeep]
|upkeep
|turn|17
|j| SL21CC tangkeke
|j| Water gh0st
|
|t:|1641815742
|switch|p2a: Rotom|Rotom-Heat|35/100
|move|p1a: Omastar|Hydro Pump|p2a: Rotom
|-supereffective|p2a: Rotom
|-damage|p2a: Rotom|0 fnt
|faint|p2a: Rotom
|
|-weather|RainDance|[upkeep]
|upkeep
|
|t:|1641815744
|switch|p2a: Weavile|Weavile, M|62/100
|-ability|p2a: Weavile|Pressure
|turn|18
|j| jiokopg_fkok43
|
|t:|1641815757
|switch|p1a: Swampert|Swampert, M|9/100
|move|p2a: Weavile|Ice Shard|p1a: Swampert
|-damage|p1a: Swampert|0 fnt
|faint|p1a: Swampert
|
|-weather|RainDance|[upkeep]
|upkeep
|
|t:|1641815766
|switch|p1a: Crawdaunt|Crawdaunt, M|100/100
|turn|19
|
|t:|1641815770
|move|p2a: Weavile|Low Kick|p1a: Crawdaunt
|-supereffective|p1a: Crawdaunt
|-damage|p1a: Crawdaunt|46/100
|move|p1a: Crawdaunt|Crabhammer|p2a: Weavile|[miss]
|-miss|p1a: Crawdaunt|p2a: Weavile
|
|-weather|RainDance|[upkeep]
|upkeep
|turn|20
|j| SL21CC Winona
|
|t:|1641815778
|switch|p1a: Ferrothorn|Ferrothorn, M|100/100
|move|p2a: Weavile|Knock Off|p1a: Ferrothorn
|-damage|p1a: Ferrothorn|75/100
|-damage|p2a: Weavile|50/100|[from] ability: Iron Barbs|[of] p1a: Ferrothorn
|-damage|p2a: Weavile|33/100|[from] item: Rocky Helmet|[of] p1a: Ferrothorn
|-enditem|p1a: Ferrothorn|Rocky Helmet|[from] move: Knock Off|[of] p2a: Weavile
|
|-weather|RainDance|[upkeep]
|upkeep
|turn|21
|
|t:|1641815788
|switch|p2a: Landorus|Landorus-Therian, M|100/100
|-ability|p2a: Landorus|Intimidate|boost
|-unboost|p1a: Ferrothorn|atk|1
|move|p1a: Ferrothorn|Leech Seed|p2a: Landorus
|-start|p2a: Landorus|move: Leech Seed
|
|-weather|none
|-damage|p2a: Landorus|88/100|[from] Leech Seed|[of] p1a: Ferrothorn
|-heal|p1a: Ferrothorn|88/100|[silent]
|upkeep
|turn|22
|
|t:|1641815799
|switch|p1a: Pelipper|Pelipper, F|84/100
|-weather|RainDance|[from] ability: Drizzle|[of] p1a: Pelipper
|move|p2a: Landorus|Stealth Rock|p1a: Pelipper
|-sidestart|p1: SL21CC Crawdaunt|move: Stealth Rock
|
|-weather|RainDance|[upkeep]
|-heal|p2a: Landorus|94/100|[from] item: Leftovers
|-damage|p2a: Landorus|82/100|[from] Leech Seed|[of] p1a: Pelipper
|-heal|p1a: Pelipper|98/100|[silent]
|upkeep
|turn|23
|
|t:|1641815810
|move|p2a: Landorus|Toxic|p1a: Pelipper
|-status|p1a: Pelipper|tox
|move|p1a: Pelipper|Defog|p2a: Landorus
|-unboost|p2a: Landorus|evasion|1
|-sideend|p1: SL21CC Crawdaunt|Stealth Rock|[from] move: Defog|[of] p1a: Pelipper
|
|-weather|RainDance|[upkeep]
|-heal|p2a: Landorus|88/100|[from] item: Leftovers
|-damage|p2a: Landorus|76/100|[from] Leech Seed|[of] p1a: Pelipper
|-heal|p1a: Pelipper|100/100 tox|[silent]
|-damage|p1a: Pelipper|94/100 tox|[from] psn
|upkeep
|turn|24
|
|t:|1641815822
|switch|p2a: Corviknight|Corviknight, M|97/100
|-ability|p2a: Corviknight|Pressure
|switch|p1a: Omastar|Omastar, F|17/100
|
|-weather|RainDance|[upkeep]
|upkeep
|turn|25
|
|t:|1641815831
|switch|p2a: Blissey|Blissey, F|100/100
|move|p1a: Omastar|Hydro Pump|p2a: Blissey
|-damage|p2a: Blissey|73/100
|
|-weather|RainDance|[upkeep]
|upkeep
|turn|26
|
|t:|1641815839
|move|p1a: Omastar|Shell Smash|p1a: Omastar
|-unboost|p1a: Omastar|def|1
|-unboost|p1a: Omastar|spd|1
|-boost|p1a: Omastar|atk|2
|-boost|p1a: Omastar|spa|2
|-boost|p1a: Omastar|spe|2
|move|p2a: Blissey|Teleport|p2a: Blissey
|
|t:|1641815841
|switch|p2a: Weavile|Weavile, M|33/100|[from]move: Teleport
|-ability|p2a: Weavile|Pressure
|
|-weather|RainDance|[upkeep]
|upkeep
|turn|27
|
|t:|1641815853
|switch|p1a: Ferrothorn|Ferrothorn, M|88/100
|move|p2a: Weavile|Ice Shard|p1a: Ferrothorn
|-damage|p1a: Ferrothorn|77/100
|
|-weather|RainDance|[upkeep]
|upkeep
|turn|28
|
|t:|1641815867
|switch|p2a: Landorus|Landorus-Therian, M|76/100
|-ability|p2a: Landorus|Intimidate|boost
|-unboost|p1a: Ferrothorn|atk|1
|switch|p1a: Crawdaunt|Crawdaunt, M|46/100
|
|-weather|RainDance|[upkeep]
|-heal|p2a: Landorus|82/100|[from] item: Leftovers
|upkeep
|turn|29
|
|t:|1641815877
|move|p1a: Crawdaunt|Aqua Jet|p2a: Landorus
|-supereffective|p2a: Landorus
|-damage|p2a: Landorus|0 fnt
|faint|p2a: Landorus
|
|-weather|none
|upkeep
|
|t:|1641815879
|switch|p2a: Corviknight|Corviknight, M|97/100
|-ability|p2a: Corviknight|Pressure
|turn|30
|
|t:|1641815889
|switch|p1a: Pelipper|Pelipper, F|94/100 tox
|-weather|RainDance|[from] ability: Drizzle|[of] p1a: Pelipper
|switch|p2a: Weavile|Weavile, M|33/100
|-ability|p2a: Weavile|Pressure
|
|-weather|RainDance|[upkeep]
|-damage|p1a: Pelipper|88/100 tox|[from] psn
|upkeep
|turn|31
|
|t:|1641815899
|switch|p2a: Corviknight|Corviknight, M|97/100
|-ability|p2a: Corviknight|Pressure
|move|p1a: Pelipper|Scald|p2a: Corviknight
|-damage|p2a: Corviknight|56/100
|
|-weather|RainDance|[upkeep]
|-damage|p1a: Pelipper|76/100 tox|[from] psn
|upkeep
|turn|32
|
|t:|1641815909
|move|p2a: Corviknight|Roost|p2a: Corviknight
|-heal|p2a: Corviknight|100/100
|-singleturn|p2a: Corviknight|move: Roost
|move|p1a: Pelipper|U-turn|p2a: Corviknight
|-resisted|p2a: Corviknight
|-damage|p2a: Corviknight|98/100
|j| rffydsdhh
|l| rffydsdhh
|
|t:|1641815916
|switch|p1a: Crawdaunt|Crawdaunt, M|46/100|[from]move: U-turn
|
|-weather|RainDance|[upkeep]
|upkeep
|turn|33
|
|t:|1641815922
|move|p1a: Crawdaunt|Crabhammer|p2a: Corviknight
|-damage|p2a: Corviknight|0 fnt
|faint|p2a: Corviknight
|
|-weather|RainDance|[upkeep]
|upkeep
|j| rffydsdhh
|l| SL21CC KFC
|-message|SL21CC ginko forfeited.
|
|win|SL21CC Crawdaunt
|raw|SL21CC Crawdaunt's rating: 1216 &rarr; <strong>1237</strong><br />(+21 for winning)
|raw|SL21CC ginko's rating: 1330 &rarr; <strong>1309</strong><br />(-21 for losing)
|l|☆SL21CC ginko
|l| Water gh0st
|l| rffydsdhh
|l|☆SL21CC Crawdaunt
|l| SL21CC tangkeke
