|raw|<div class="broadcast-blue"><strong>This battle is required to be public due to a player having a name starting with 'sl21cc'.</div>
|j|☆adreamew
|j|☆sl21cc jialing
|t:|1641739124
|gametype|singles
|player|p1|adreamew|2|1240
|player|p2|sl21cc jialing|bellelba|1289
|teamsize|p1|6
|teamsize|p2|6
|gen|8
|tier|[Gen 8] OU
|rated|
|rule|Sleep Clause Mod: Limit one foe put to sleep
|rule|Species Clause: Limit one of each Pokémon
|rule|OHKO Clause: OHKO moves are banned
|rule|Evasion Moves Clause: Evasion moves are banned
|rule|Endless Battle Clause: Forcing endless battles is banned
|rule|HP Percentage Mod: HP is shown in percentages
|rule|Dynamax Clause: You cannot dynamax
|clearpoke
|poke|p1|Mew|
|poke|p1|Zeraora|
|poke|p1|Clefable, F|
|poke|p1|Toxapex, M|
|poke|p1|Dragonite, M|
|poke|p1|Corviknight, F|
|poke|p2|Ninetales-Alola, F|
|poke|p2|Arctozolt|
|poke|p2|Urshifu-*, F|
|poke|p2|Landorus-Therian, M|
|poke|p2|Slowking, F|
|poke|p2|Tornadus-Therian, M|
|teampreview
|j| water GH0ST
|j| pokonghanbingkan
|j| SL21CC ginko
|
|t:|1641739157
|start
|switch|p1a: Toxapex|Toxapex, M|100/100
|switch|p2a: Ninetales|Ninetales-Alola, F|100/100
|-weather|Hail|[from] ability: Snow Warning|[of] p2a: Ninetales
|turn|1
|
|t:|1641739162
|switch|p2a: Slowking|Slowking, F|100/100
|move|p1a: Toxapex|Toxic|p2a: Slowking
|-status|p2a: Slowking|tox
|
|-weather|Hail|[upkeep]
|-damage|p1a: Toxapex|95/100|[from] Hail
|-damage|p2a: Slowking|94/100 tox|[from] Hail
|-heal|p1a: Toxapex|100/100|[from] item: Black Sludge
|-damage|p2a: Slowking|88/100 tox|[from] psn
|upkeep
|turn|2
|
|t:|1641739167
|switch|p1a: Mew|Mew|100/100
|move|p2a: Slowking|Future Sight|p1a: Mew
|-start|p2a: Slowking|move: Future Sight
|
|-weather|Hail|[upkeep]
|-damage|p1a: Mew|94/100|[from] Hail
|-damage|p2a: Slowking|82/100 tox|[from] Hail
|-heal|p1a: Mew|100/100|[from] item: Leftovers
|-damage|p2a: Slowking|70/100 tox|[from] psn
|upkeep
|turn|3
|
|t:|1641739171
|move|p1a: Mew|Taunt|p2a: Slowking
|-start|p2a: Slowking|move: Taunt
|cant|p2a: Slowking|move: Taunt|Teleport
|
|-weather|Hail|[upkeep]
|-damage|p1a: Mew|94/100|[from] Hail
|-damage|p2a: Slowking|64/100 tox|[from] Hail
|-heal|p1a: Mew|100/100|[from] item: Leftovers
|-damage|p2a: Slowking|46/100 tox|[from] psn
|upkeep
|turn|4
|
|t:|1641739175
|switch|p2a: Tornadus|Tornadus-Therian, M|100/100
|move|p1a: Mew|Will-O-Wisp|p2a: Tornadus
|-status|p2a: Tornadus|brn
|
|-weather|Hail|[upkeep]
|-damage|p2a: Tornadus|94/100 brn|[from] Hail
|-damage|p1a: Mew|94/100|[from] Hail
|-end|p1a: Mew|move: Future Sight
|-resisted|p1a: Mew
|-damage|p1a: Mew|81/100
|-heal|p1a: Mew|87/100|[from] item: Leftovers
|-damage|p2a: Tornadus|88/100 brn|[from] brn
|upkeep
|turn|5
|
|t:|1641739183
|switch|p1a: Toxapex|Toxapex, M|100/100
|move|p2a: Tornadus|Knock Off|p1a: Toxapex
|-damage|p1a: Toxapex|94/100
|-enditem|p1a: Toxapex|Black Sludge|[from] move: Knock Off|[of] p2a: Tornadus
|
|-weather|Hail|[upkeep]
|-damage|p2a: Tornadus|82/100 brn|[from] Hail
|-damage|p1a: Toxapex|88/100|[from] Hail
|-damage|p2a: Tornadus|76/100 brn|[from] brn
|upkeep
|turn|6
|
|t:|1641739197
|move|p2a: Tornadus|U-turn|p1a: Toxapex
|-resisted|p1a: Toxapex
|-damage|p1a: Toxapex|85/100
|
|t:|1641739200
|switch|p2a: Slowking|Slowking, F|79/100 tox|[from]move: U-turn
|move|p1a: Toxapex|Knock Off|p2a: Slowking
|-supereffective|p2a: Slowking
|-damage|p2a: Slowking|55/100 tox
|-enditem|p2a: Slowking|Heavy-Duty Boots|[from] move: Knock Off|[of] p1a: Toxapex
|
|-weather|Hail|[upkeep]
|-damage|p1a: Toxapex|79/100|[from] Hail
|-damage|p2a: Slowking|49/100 tox|[from] Hail
|-damage|p2a: Slowking|43/100 tox|[from] psn
|upkeep
|turn|7
|
|t:|1641739203
|switch|p1a: Mew|Mew|87/100
|move|p2a: Slowking|Slack Off|p2a: Slowking
|-heal|p2a: Slowking|93/100 tox
|
|-weather|Hail|[upkeep]
|-damage|p1a: Mew|81/100|[from] Hail
|-damage|p2a: Slowking|87/100 tox|[from] Hail
|-heal|p1a: Mew|87/100|[from] item: Leftovers
|-damage|p2a: Slowking|75/100 tox|[from] psn
|upkeep
|turn|8
|
|t:|1641739211
|switch|p2a: Tornadus|Tornadus-Therian, M|100/100 brn
|move|p1a: Mew|Night Shade|p2a: Tornadus
|-damage|p2a: Tornadus|73/100 brn
|
|-weather|none
|-heal|p1a: Mew|93/100|[from] item: Leftovers
|-damage|p2a: Tornadus|67/100 brn|[from] brn
|upkeep
|turn|9
|
|t:|1641739217
|switch|p1a: Toxapex|Toxapex, M|100/100
|move|p2a: Tornadus|U-turn|p1a: Toxapex
|-resisted|p1a: Toxapex
|-damage|p1a: Toxapex|98/100
|inactive|Battle timer is ON: inactive players will automatically lose when time's up. (requested by adreamew)
|
|t:|1641739220
|switch|p2a: Slowking|Slowking, F|100/100 tox|[from]move: U-turn
|
|-damage|p2a: Slowking|94/100 tox|[from] psn
|upkeep
|turn|10
|
|t:|1641739223
|switch|p1a: Clefable|Clefable, F|100/100
|move|p2a: Slowking|Future Sight|p1a: Clefable
|-start|p2a: Slowking|move: Future Sight
|
|-damage|p2a: Slowking|82/100 tox|[from] psn
|upkeep
|turn|11
|
|t:|1641739226
|move|p1a: Clefable|Trick|p2a: Slowking
|-activate|p1a: Clefable|move: Trick|[of] p2a: Slowking
|-item|p2a: Slowking|Sticky Barb|[from] move: Trick
|-enditem|p1a: Clefable|Sticky Barb|[silent]|[from] move: Trick
|move|p2a: Slowking|Teleport|p2a: Slowking
|
|t:|1641739235
|switch|p2a: Arctozolt|Arctozolt|100/100|[from]move: Teleport
|
|upkeep
|turn|12
|
|t:|1641739241
|move|p2a: Arctozolt|Bolt Beak|p1a: Clefable
|-damage|p1a: Clefable|35/100
|move|p1a: Clefable|Soft-Boiled|p1a: Clefable
|-heal|p1a: Clefable|85/100
|
|-end|p1a: Clefable|move: Future Sight
|-damage|p1a: Clefable|55/100
|upkeep
|turn|13
|j| 9skythunderouskick
|
|t:|1641739254
|switch|p2a: Landorus|Landorus-Therian, M|100/100
|-ability|p2a: Landorus|Intimidate|boost
|-unboost|p1a: Clefable|atk|1
|switch|p1a: Zeraora|Zeraora|100/100
|
|upkeep
|turn|14
|
|t:|1641739257
|switch|p1a: Clefable|Clefable, F|55/100
|move|p2a: Landorus|U-turn|p1a: Clefable
|-resisted|p1a: Clefable
|-damage|p1a: Clefable|44/100
|j| SL21CC tangkeke
|
|t:|1641739275
|switch|p2a: Arctozolt|Arctozolt|100/100|[from]move: U-turn
|
|upkeep
|turn|15
|
|t:|1641739282
|switch|p1a: Zeraora|Zeraora|100/100
|move|p2a: Arctozolt|Bolt Beak|p1a: Zeraora
|-immune|p1a: Zeraora|[from] ability: Volt Absorb
|
|upkeep
|turn|16
|l| SL21CC ginko
|
|t:|1641739287
|switch|p2a: Landorus|Landorus-Therian, M|100/100
|-ability|p2a: Landorus|Intimidate|boost
|-unboost|p1a: Zeraora|atk|1
|move|p1a: Zeraora|Knock Off|p2a: Landorus
|-damage|p2a: Landorus|80/100
|-enditem|p2a: Landorus|Leftovers|[from] move: Knock Off|[of] p1a: Zeraora
|
|upkeep
|turn|17
|l| SL21CC tangkeke
|j| tianyutulongwu
|j| jingtianlangtaosha
|l| water GH0ST
|
|t:|1641739304
|switch|p1a: Corviknight|Corviknight, F|100/100
|-ability|p1a: Corviknight|Pressure
|move|p2a: Landorus|U-turn|p1a: Corviknight
|-resisted|p1a: Corviknight
|-crit|p1a: Corviknight
|-damage|p1a: Corviknight|96/100
|j| water GH0ST
|
|t:|1641739309
|switch|p2a: Arctozolt|Arctozolt|100/100|[from]move: U-turn
|
|-heal|p1a: Corviknight|100/100|[from] item: Leftovers
|upkeep
|turn|18
|
|t:|1641739312
|switch|p1a: Dragonite|Dragonite, M|100/100
|move|p2a: Arctozolt|Bolt Beak|p1a: Dragonite
|-damage|p1a: Dragonite|77/100
|
|upkeep
|turn|19
|j| SL21CCCHINESENGEIL
|
|t:|1641739321
|switch|p2a: Tornadus|Tornadus-Therian, M|99/100 brn
|switch|p1a: Mew|Mew|93/100
|
|-heal|p1a: Mew|99/100|[from] item: Leftovers
|-damage|p2a: Tornadus|94/100 brn|[from] brn
|upkeep
|turn|20
|
|t:|1641739328
|move|p2a: Tornadus|U-turn|p1a: Mew
|-supereffective|p1a: Mew
|-damage|p1a: Mew|87/100
|
|t:|1641739331
|switch|p2a: Slowking|Slowking, F|100/100 tox|[from]move: U-turn
|move|p1a: Mew|Will-O-Wisp||[still]
|-fail|p1a: Mew
|
|-heal|p1a: Mew|93/100|[from] item: Leftovers
|-damage|p2a: Slowking|94/100 tox|[from] psn
|-damage|p2a: Slowking|82/100 tox|[from] item: Sticky Barb
|upkeep
|turn|21
|
|t:|1641739340
|switch|p1a: Clefable|Clefable, F|44/100
|switch|p2a: Tornadus|Tornadus-Therian, M|100/100 brn
|
|-damage|p2a: Tornadus|94/100 brn|[from] brn
|upkeep
|turn|22
|
|t:|1641739346
|move|p2a: Tornadus|Hurricane|p1a: Clefable|[miss]
|-miss|p2a: Tornadus|p1a: Clefable
|move|p1a: Clefable|Soft-Boiled|p1a: Clefable
|-heal|p1a: Clefable|94/100
|
|-damage|p2a: Tornadus|88/100 brn|[from] brn
|upkeep
|turn|23
|
|t:|1641739349
|move|p2a: Tornadus|U-turn|p1a: Clefable
|-resisted|p1a: Clefable
|-damage|p1a: Clefable|91/100
|
|t:|1641739352
|switch|p2a: Slowking|Slowking, F|100/100 tox|[from]move: U-turn
|move|p1a: Clefable|Stealth Rock|p2a: Slowking
|-sidestart|p2: sl21cc jialing|move: Stealth Rock
|
|-damage|p2a: Slowking|94/100 tox|[from] psn
|-damage|p2a: Slowking|82/100 tox|[from] item: Sticky Barb
|upkeep
|turn|24
|
|t:|1641739364
|switch|p1a: Mew|Mew|93/100
|move|p2a: Slowking|Future Sight|p1a: Mew
|-start|p2a: Slowking|move: Future Sight
|
|-heal|p1a: Mew|99/100|[from] item: Leftovers
|-damage|p2a: Slowking|70/100 tox|[from] psn
|-damage|p2a: Slowking|57/100 tox|[from] item: Sticky Barb
|upkeep
|turn|25
|
|t:|1641739373
|switch|p2a: Tornadus|Tornadus-Therian, M|100/100 brn
|-damage|p2a: Tornadus|76/100 brn|[from] Stealth Rock
|move|p1a: Mew|Night Shade|p2a: Tornadus
|-damage|p2a: Tornadus|48/100 brn
|
|-heal|p1a: Mew|100/100|[from] item: Leftovers
|-damage|p2a: Tornadus|42/100 brn|[from] brn
|upkeep
|turn|26
|
|t:|1641739379
|move|p2a: Tornadus|U-turn|p1a: Mew
|-supereffective|p1a: Mew
|-damage|p1a: Mew|89/100
|
|t:|1641739389
|switch|p2a: Landorus|Landorus-Therian, M|80/100|[from]move: U-turn
|-damage|p2a: Landorus|68/100|[from] Stealth Rock
|-ability|p2a: Landorus|Intimidate|boost
|-unboost|p1a: Mew|atk|1
|move|p1a: Mew|Night Shade|p2a: Landorus
|-damage|p2a: Landorus|42/100
|
|-end|p1a: Mew|move: Future Sight
|-resisted|p1a: Mew
|-damage|p1a: Mew|75/100
|-heal|p1a: Mew|82/100|[from] item: Leftovers
|upkeep
|turn|27
|
|t:|1641739396
|move|p1a: Mew|Will-O-Wisp|p2a: Landorus
|-status|p2a: Landorus|brn
|move|p2a: Landorus|Toxic||[still]
|-status|p1a: Mew|tox
|-activate|p1a: Mew|ability: Synchronize
|-fail|p1a: Mew
|
|-heal|p1a: Mew|88/100 tox|[from] item: Leftovers
|-damage|p1a: Mew|82/100 tox|[from] psn
|-damage|p2a: Landorus|36/100 brn|[from] brn
|upkeep
|turn|28
|
|t:|1641739401
|move|p1a: Mew|Roost|p1a: Mew
|-heal|p1a: Mew|100/100 tox
|-singleturn|p1a: Mew|move: Roost
|move|p2a: Landorus|Defog|p1a: Mew
|-unboost|p1a: Mew|evasion|1
|-sideend|p2: sl21cc jialing|Stealth Rock|[from] move: Defog|[of] p2a: Landorus
|
|-damage|p1a: Mew|88/100 tox|[from] psn
|-damage|p2a: Landorus|30/100 brn|[from] brn
|upkeep
|turn|29
|l| 9skythunderouskick
|
|t:|1641739419
|move|p1a: Mew|Night Shade|p2a: Landorus
|-damage|p2a: Landorus|3/100 brn
|move|p2a: Landorus|U-turn|p1a: Mew
|-supereffective|p1a: Mew
|-damage|p1a: Mew|69/100 tox
|
|t:|1641739423
|switch|p2a: Ninetales|Ninetales-Alola, F|100/100|[from]move: U-turn
|-weather|Hail|[from] ability: Snow Warning|[of] p2a: Ninetales
|
|-weather|Hail|[upkeep]
|-damage|p1a: Mew|63/100 tox|[from] Hail
|-heal|p1a: Mew|69/100 tox|[from] item: Leftovers
|-damage|p1a: Mew|50/100 tox|[from] psn
|upkeep
|turn|30
|
|t:|1641739432
|switch|p1a: Clefable|Clefable, F|91/100
|move|p2a: Ninetales|Nasty Plot|p2a: Ninetales
|-boost|p2a: Ninetales|spa|2
|
|-weather|Hail|[upkeep]
|upkeep
|turn|31
|
|t:|1641739439
|move|p2a: Ninetales|Nasty Plot|p2a: Ninetales
|-boost|p2a: Ninetales|spa|2
|move|p1a: Clefable|Moonblast|p2a: Ninetales
|-damage|p2a: Ninetales|63/100
|-unboost|p2a: Ninetales|spa|1
|
|-weather|Hail|[upkeep]
|upkeep
|turn|32
|j| SL21CC Pichiu
|
|t:|1641739469
|switch|p1a: Mew|Mew|50/100 tox
|move|p2a: Ninetales|Blizzard|p1a: Mew
|-damage|p1a: Mew|0 fnt
|faint|p1a: Mew
|
|-weather|Hail|[upkeep]
|upkeep
|
|t:|1641739470
|switch|p1a: Zeraora|Zeraora|100/100
|turn|33
|inactive|sl21cc jialing has 120 seconds left.
|
|t:|1641739508
|switch|p2a: Landorus|Landorus-Therian, M|3/100 brn
|-ability|p2a: Landorus|Intimidate|boost
|-unboost|p1a: Zeraora|atk|1
|move|p1a: Zeraora|Plasma Fists|p2a: Landorus
|-immune|p2a: Landorus
|
|-weather|Hail|[upkeep]
|-damage|p1a: Zeraora|95/100|[from] Hail
|-damage|p2a: Landorus|0 fnt|[from] Hail
|faint|p2a: Landorus
|-heal|p1a: Zeraora|100/100|[from] item: Leftovers
|upkeep
|
|t:|1641739529
|switch|p2a: Arctozolt|Arctozolt|100/100
|turn|34
|
|t:|1641739535
|move|p2a: Arctozolt|Blizzard|p1a: Zeraora
|-damage|p1a: Zeraora|53/100
|move|p1a: Zeraora|Drain Punch|p2a: Arctozolt
|-supereffective|p2a: Arctozolt
|-damage|p2a: Arctozolt|64/100
|-heal|p1a: Zeraora|71/100|[from] drain|[of] p2a: Arctozolt
|
|-weather|Hail|[upkeep]
|-damage|p1a: Zeraora|65/100|[from] Hail
|-heal|p1a: Zeraora|71/100|[from] item: Leftovers
|upkeep
|turn|35
|
|t:|1641739548
|switch|p1a: Clefable|Clefable, F|91/100
|move|p2a: Arctozolt|Blizzard|p1a: Clefable
|-damage|p1a: Clefable|64/100
|
|-weather|Hail|[upkeep]
|upkeep
|turn|36
|
|t:|1641739555
|move|p2a: Arctozolt|Bolt Beak|p1a: Clefable
|-damage|p1a: Clefable|0 fnt
|faint|p1a: Clefable
|
|-weather|none
|upkeep
|
|t:|1641739557
|switch|p1a: Zeraora|Zeraora|71/100
|turn|37
|inactive|sl21cc jialing has 120 seconds left.
|
|t:|1641739567
|switch|p2a: Tornadus|Tornadus-Therian, M|75/100 brn
|move|p1a: Zeraora|Bulk Up|p1a: Zeraora
|-boost|p1a: Zeraora|atk|1
|-boost|p1a: Zeraora|def|1
|
|-heal|p1a: Zeraora|77/100|[from] item: Leftovers
|-damage|p2a: Tornadus|69/100 brn|[from] brn
|upkeep
|turn|38
|
|t:|1641739573
|switch|p2a: Ninetales|Ninetales-Alola, F|63/100
|-weather|Hail|[from] ability: Snow Warning|[of] p2a: Ninetales
|move|p1a: Zeraora|Plasma Fists|p2a: Ninetales
|-damage|p2a: Ninetales|0 fnt
|-fieldactivate|move: Ion Deluge
|-hint|Normal-type moves become Electric-type after using Plasma Fists.
|faint|p2a: Ninetales
|
|-weather|Hail|[upkeep]
|-damage|p1a: Zeraora|71/100|[from] Hail
|-heal|p1a: Zeraora|77/100|[from] item: Leftovers
|upkeep
|
|t:|1641739576
|switch|p2a: Arctozolt|Arctozolt|64/100
|turn|39
|
|t:|1641739580
|move|p2a: Arctozolt|Blizzard|p1a: Zeraora
|-damage|p1a: Zeraora|35/100
|move|p1a: Zeraora|Drain Punch|p2a: Arctozolt
|-supereffective|p2a: Arctozolt
|-damage|p2a: Arctozolt|0 fnt
|-heal|p1a: Zeraora|67/100|[from] drain|[of] p2a: Arctozolt
|faint|p2a: Arctozolt
|
|-weather|Hail|[upkeep]
|-damage|p1a: Zeraora|61/100|[from] Hail
|-heal|p1a: Zeraora|67/100|[from] item: Leftovers
|upkeep
|j| burstbean
|-message|sl21cc jialing forfeited.
|
|win|adreamew
|raw|adreamew's rating: 1240 &rarr; <strong>1258</strong><br />(+18 for winning)
|raw|sl21cc jialing's rating: 1289 &rarr; <strong>1271</strong><br />(-18 for losing)
|l|☆sl21cc jialing
