|j|☆SL21CC 东方不败
|j|☆rffydsdhh
|t:|1641820659
|gametype|singles
|player|p1|SL21CC 东方不败|cheryl|1198
|player|p2|rffydsdhh|liza|1279
|teamsize|p1|6
|teamsize|p2|6
|gen|8
|tier|[Gen 8] OU
|rated|
|rule|Sleep Clause Mod: Limit one foe put to sleep
|rule|Species Clause: Limit one of each Pokémon
|rule|OHKO Clause: OHKO moves are banned
|rule|Evasion Moves Clause: Evasion moves are banned
|rule|Endless Battle Clause: Forcing endless battles is banned
|rule|HP Percentage Mod: HP is shown in percentages
|rule|Dynamax Clause: You cannot dynamax
|clearpoke
|poke|p1|Pelipper, M|
|poke|p1|Barraskewda, M|
|poke|p1|Tapu Lele|
|poke|p1|Landorus-Therian, M|
|poke|p1|Regieleki|
|poke|p1|Ferrothorn, F|
|poke|p2|Tapu Lele|
|poke|p2|Victini|
|poke|p2|Hippowdon, M|
|poke|p2|Toxapex, F|
|poke|p2|Corviknight, M|
|poke|p2|Urshifu-*, M|
|teampreview
|inactive|Battle timer is ON: inactive players will automatically lose when time's up. (requested by rffydsdhh)
|
|t:|1641820686
|start
|switch|p1a: Landorus|Landorus-Therian, M|100/100
|switch|p2a: Tapu Lele|Tapu Lele, shiny|100/100
|-fieldstart|move: Psychic Terrain|[from] ability: Psychic Surge|[of] p2a: Tapu Lele
|-ability|p1a: Landorus|Intimidate|boost
|-unboost|p2a: Tapu Lele|atk|1
|turn|1
|
|t:|1641820692
|move|p2a: Tapu Lele|Calm Mind|p2a: Tapu Lele
|-boost|p2a: Tapu Lele|spa|1
|-boost|p2a: Tapu Lele|spd|1
|move|p1a: Landorus|Stealth Rock|p2a: Tapu Lele
|-sidestart|p2: rffydsdhh|move: Stealth Rock
|
|upkeep
|turn|2
|
|t:|1641820699
|move|p2a: Tapu Lele|Psyshock|p1a: Landorus
|-damage|p1a: Landorus|0 fnt
|faint|p1a: Landorus
|-damage|p2a: Tapu Lele|90/100|[from] item: Life Orb
|
|upkeep
|
|t:|1641820703
|switch|p1a: Barraskewda|Barraskewda, M|100/100
|turn|3
|
|t:|1641820706
|move|p1a: Barraskewda|Flip Turn|p2a: Tapu Lele
|-damage|p2a: Tapu Lele|25/100
|
|t:|1641820712
|switch|p1a: Ferrothorn|Ferrothorn, F|100/100|[from]move: Flip Turn
|move|p2a: Tapu Lele|Draining Kiss|p1a: Ferrothorn
|-resisted|p1a: Ferrothorn
|-damage|p1a: Ferrothorn|78/100
|-heal|p2a: Tapu Lele|43/100|[from] drain|[of] p1a: Ferrothorn
|-damage|p2a: Tapu Lele|30/100|[from] ability: Iron Barbs|[of] p1a: Ferrothorn
|-damage|p2a: Tapu Lele|14/100|[from] item: Rocky Helmet|[of] p1a: Ferrothorn
|-damage|p2a: Tapu Lele|4/100|[from] item: Life Orb
|
|upkeep
|turn|4
|
|t:|1641820719
|switch|p1a: Tapu Lele|Tapu Lele|100/100
|move|p2a: Tapu Lele|Focus Blast|p1a: Tapu Lele
|-resisted|p1a: Tapu Lele
|-damage|p1a: Tapu Lele|75/100
|-damage|p2a: Tapu Lele|0 fnt|[from] item: Life Orb
|faint|p2a: Tapu Lele
|
|upkeep
|
|t:|1641820728
|switch|p2a: Victini|Victini|100/100
|turn|5
|
|t:|1641820735
|switch|p1a: Pelipper|Pelipper, M|100/100
|-weather|RainDance|[from] ability: Drizzle|[of] p1a: Pelipper
|move|p2a: Victini|Expanding Force|p1a: Pelipper
|-damage|p1a: Pelipper|0 fnt
|faint|p1a: Pelipper
|
|-weather|RainDance|[upkeep]
|-fieldend|move: Psychic Terrain
|upkeep
|
|t:|1641820740
|switch|p1a: Barraskewda|Barraskewda, M|100/100
|turn|6
|
|t:|1641820746
|switch|p2a: Toxapex|Toxapex, F, shiny|100/100
|-damage|p2a: Toxapex|88/100|[from] Stealth Rock
|move|p1a: Barraskewda|Flip Turn|p2a: Toxapex
|-resisted|p2a: Toxapex
|-damage|p2a: Toxapex|58/100
|
|t:|1641820751
|switch|p1a: Tapu Lele|Tapu Lele|75/100|[from]move: Flip Turn
|-fieldstart|move: Psychic Terrain|[from] ability: Psychic Surge|[of] p1a: Tapu Lele
|
|-weather|RainDance|[upkeep]
|upkeep
|turn|7
|
|t:|1641820762
|switch|p1a: Barraskewda|Barraskewda, M|100/100
|switch|p2a: Hippowdon|Hippowdon, M, shiny|100/100
|-damage|p2a: Hippowdon|94/100|[from] Stealth Rock
|-weather|Sandstorm|[from] ability: Sand Stream|[of] p2a: Hippowdon
|
|-weather|Sandstorm|[upkeep]
|-damage|p1a: Barraskewda|94/100|[from] Sandstorm
|-heal|p2a: Hippowdon|100/100|[from] item: Leftovers
|upkeep
|turn|8
|j| jiokopg_fkok43
|
|t:|1641820773
|move|p1a: Barraskewda|Flip Turn|p2a: Hippowdon
|-supereffective|p2a: Hippowdon
|-damage|p2a: Hippowdon|34/100
|
|t:|1641820777
|switch|p1a: Ferrothorn|Ferrothorn, F|78/100|[from]move: Flip Turn
|move|p2a: Hippowdon|Slack Off|p2a: Hippowdon
|-heal|p2a: Hippowdon|84/100
|
|-weather|Sandstorm|[upkeep]
|-heal|p2a: Hippowdon|90/100|[from] item: Leftovers
|upkeep
|turn|9
|
|t:|1641820781
|switch|p2a: Corviknight|Corviknight, M, shiny|100/100
|-damage|p2a: Corviknight|88/100|[from] Stealth Rock
|-ability|p2a: Corviknight|Pressure
|move|p1a: Ferrothorn|Spikes|p2a: Corviknight
|-sidestart|p2: rffydsdhh|Spikes
|
|-weather|Sandstorm|[upkeep]
|-heal|p2a: Corviknight|94/100|[from] item: Leftovers
|upkeep
|turn|10
|
|t:|1641820784
|move|p2a: Corviknight|Defog|p1a: Ferrothorn
|-unboost|p1a: Ferrothorn|evasion|1
|-sideend|p2: rffydsdhh|Spikes|[from] move: Defog|[of] p2a: Corviknight
|-sideend|p2: rffydsdhh|Stealth Rock|[from] move: Defog|[of] p2a: Corviknight
|-fieldend|move: Psychic Terrain
|move|p1a: Ferrothorn|Leech Seed|p2a: Corviknight
|-start|p2a: Corviknight|move: Leech Seed
|
|-weather|Sandstorm|[upkeep]
|-heal|p2a: Corviknight|100/100|[from] item: Leftovers
|-damage|p2a: Corviknight|88/100|[from] Leech Seed|[of] p1a: Ferrothorn
|-heal|p1a: Ferrothorn|93/100|[silent]
|upkeep
|turn|11
|
|t:|1641820788
|switch|p2a: Victini|Victini|100/100
|move|p1a: Ferrothorn|Spikes|p2a: Victini
|-sidestart|p2: rffydsdhh|Spikes
|
|-weather|none
|upkeep
|turn|12
|
|t:|1641820799
|switch|p1a: Barraskewda|Barraskewda, M|94/100
|move|p2a: Victini|Blue Flare|p1a: Barraskewda
|-resisted|p1a: Barraskewda
|-damage|p1a: Barraskewda|35/100
|
|upkeep
|turn|13
|
|t:|1641820805
|switch|p2a: Toxapex|Toxapex, F, shiny|92/100
|-damage|p2a: Toxapex|79/100|[from] Spikes
|move|p1a: Barraskewda|Flip Turn|p2a: Toxapex
|-resisted|p2a: Toxapex
|-damage|p2a: Toxapex|61/100
|
|t:|1641820807
|switch|p1a: Tapu Lele|Tapu Lele|75/100|[from]move: Flip Turn
|-fieldstart|move: Psychic Terrain|[from] ability: Psychic Surge|[of] p1a: Tapu Lele
|
|upkeep
|turn|14
|
|t:|1641820811
|switch|p1a: Barraskewda|Barraskewda, M|35/100
|switch|p2a: Victini|Victini|100/100
|
|upkeep
|turn|15
|
|t:|1641820815
|switch|p2a: Toxapex|Toxapex, F, shiny|95/100
|-damage|p2a: Toxapex|82/100|[from] Spikes
|move|p1a: Barraskewda|Flip Turn|p2a: Toxapex
|-resisted|p2a: Toxapex
|-damage|p2a: Toxapex|65/100
|j| adreamew
|
|t:|1641820819
|switch|p1a: Regieleki|Regieleki|100/100|[from]move: Flip Turn
|
|upkeep
|turn|16
|
|t:|1641820823
|switch|p1a: Barraskewda|Barraskewda, M|35/100
|switch|p2a: Hippowdon|Hippowdon, M, shiny|90/100
|-damage|p2a: Hippowdon|78/100|[from] Spikes
|-weather|Sandstorm|[from] ability: Sand Stream|[of] p2a: Hippowdon
|
|-weather|Sandstorm|[upkeep]
|-damage|p1a: Barraskewda|29/100|[from] Sandstorm
|-heal|p2a: Hippowdon|84/100|[from] item: Leftovers
|upkeep
|turn|17
|
|t:|1641820826
|switch|p2a: Toxapex|Toxapex, F, shiny|98/100
|-damage|p2a: Toxapex|85/100|[from] Spikes
|move|p1a: Barraskewda|Psychic Fangs|p2a: Toxapex
|-supereffective|p2a: Toxapex
|-damage|p2a: Toxapex|1/100
|
|-weather|Sandstorm|[upkeep]
|-damage|p1a: Barraskewda|23/100|[from] Sandstorm
|-damage|p2a: Toxapex|0 fnt|[from] Sandstorm
|faint|p2a: Toxapex
|-fieldend|move: Psychic Terrain
|upkeep
|
|t:|1641820831
|switch|p2a: Victini|Victini|100/100
|turn|18
|
|t:|1641820841
|switch|p1a: Ferrothorn|Ferrothorn, F|93/100
|move|p2a: Victini|V-create|p1a: Ferrothorn
|-supereffective|p1a: Ferrothorn
|-damage|p1a: Ferrothorn|0 fnt
|-unboost|p2a: Victini|spe|1
|-unboost|p2a: Victini|def|1
|-unboost|p2a: Victini|spd|1
|-damage|p2a: Victini|88/100|[from] ability: Iron Barbs|[of] p1a: Ferrothorn
|-damage|p2a: Victini|72/100|[from] item: Rocky Helmet|[of] p1a: Ferrothorn
|faint|p1a: Ferrothorn
|
|-weather|Sandstorm|[upkeep]
|-damage|p2a: Victini|66/100|[from] Sandstorm
|upkeep
|
|t:|1641820843
|switch|p1a: Barraskewda|Barraskewda, M|23/100
|turn|19
|
|t:|1641820848
|switch|p2a: Urshifu|Urshifu-Rapid-Strike, M|100/100
|-damage|p2a: Urshifu|88/100|[from] Spikes
|move|p1a: Barraskewda|Flip Turn|p2a: Urshifu
|-resisted|p2a: Urshifu
|-damage|p2a: Urshifu|63/100
|
|t:|1641820855
|switch|p1a: Regieleki|Regieleki|100/100|[from]move: Flip Turn
|
|-weather|Sandstorm|[upkeep]
|-damage|p1a: Regieleki|95/100|[from] Sandstorm
|-damage|p2a: Urshifu|57/100|[from] Sandstorm
|upkeep
|turn|20
|
|t:|1641820860
|switch|p2a: Hippowdon|Hippowdon, M, shiny|84/100
|-damage|p2a: Hippowdon|72/100|[from] Spikes
|move|p1a: Regieleki|Volt Switch|p2a: Hippowdon
|-immune|p2a: Hippowdon
|
|-weather|none
|-heal|p2a: Hippowdon|78/100|[from] item: Leftovers
|upkeep
|turn|21
|
|t:|1641820865
|switch|p1a: Tapu Lele|Tapu Lele|75/100
|-fieldstart|move: Psychic Terrain|[from] ability: Psychic Surge|[of] p1a: Tapu Lele
|move|p2a: Hippowdon|Earthquake|p1a: Tapu Lele
|-damage|p1a: Tapu Lele|19/100
|
|-heal|p2a: Hippowdon|84/100|[from] item: Leftovers
|upkeep
|turn|22
|
|t:|1641820871
|switch|p2a: Corviknight|Corviknight, M, shiny|88/100
|-ability|p2a: Corviknight|Pressure
|move|p1a: Tapu Lele|Psychic|p2a: Corviknight
|-resisted|p2a: Corviknight
|-damage|p2a: Corviknight|60/100
|
|-heal|p2a: Corviknight|66/100|[from] item: Leftovers
|upkeep
|turn|23
|
|t:|1641820880
|move|p1a: Tapu Lele|Psychic|p2a: Corviknight
|-resisted|p2a: Corviknight
|-damage|p2a: Corviknight|40/100
|move|p2a: Corviknight|Defog|p1a: Tapu Lele
|-unboost|p1a: Tapu Lele|evasion|1
|-sideend|p2: rffydsdhh|Spikes|[from] move: Defog|[of] p2a: Corviknight
|-fieldend|move: Psychic Terrain
|
|-heal|p2a: Corviknight|46/100|[from] item: Leftovers
|upkeep
|turn|24
|
|t:|1641820887
|switch|p1a: Regieleki|Regieleki|95/100
|move|p2a: Corviknight|Roost|p2a: Corviknight
|-heal|p2a: Corviknight|96/100
|-singleturn|p2a: Corviknight|move: Roost
|
|-heal|p2a: Corviknight|100/100|[from] item: Leftovers
|upkeep
|turn|25
|
|t:|1641820898
|switch|p1a: Barraskewda|Barraskewda, M|23/100
|switch|p2a: Hippowdon|Hippowdon, M, shiny|84/100
|-weather|Sandstorm|[from] ability: Sand Stream|[of] p2a: Hippowdon
|
|-weather|Sandstorm|[upkeep]
|-damage|p1a: Barraskewda|16/100|[from] Sandstorm
|-heal|p2a: Hippowdon|90/100|[from] item: Leftovers
|upkeep
|turn|26
|inactive|rffydsdhh has 120 seconds left.
|inactive|rffydsdhh has 90 seconds left.
|
|t:|1641820959
|switch|p2a: Corviknight|Corviknight, M, shiny|100/100
|-ability|p2a: Corviknight|Pressure
|move|p1a: Barraskewda|Liquidation|p2a: Corviknight
|-damage|p2a: Corviknight|59/100
|
|-weather|Sandstorm|[upkeep]
|-damage|p1a: Barraskewda|10/100|[from] Sandstorm
|-heal|p2a: Corviknight|65/100|[from] item: Leftovers
|upkeep
|turn|27
|
|t:|1641820969
|switch|p1a: Regieleki|Regieleki|95/100
|move|p2a: Corviknight|Roost|p2a: Corviknight
|-heal|p2a: Corviknight|100/100
|-singleturn|p2a: Corviknight|move: Roost
|
|-weather|Sandstorm|[upkeep]
|-damage|p1a: Regieleki|89/100|[from] Sandstorm
|upkeep
|turn|28
|inactive|rffydsdhh has 90 seconds left.
|inactive|rffydsdhh has 60 seconds left.
|
|t:|1641821031
|switch|p2a: Hippowdon|Hippowdon, M, shiny|90/100
|move|p1a: Regieleki|Electro Ball|p2a: Hippowdon
|-immune|p2a: Hippowdon
|
|-weather|Sandstorm|[upkeep]
|-damage|p1a: Regieleki|83/100|[from] Sandstorm
|-heal|p2a: Hippowdon|97/100|[from] item: Leftovers
|upkeep
|turn|29
|
|t:|1641821040
|switch|p1a: Tapu Lele|Tapu Lele|19/100
|-fieldstart|move: Psychic Terrain|[from] ability: Psychic Surge|[of] p1a: Tapu Lele
|move|p2a: Hippowdon|Earthquake|p1a: Tapu Lele
|-damage|p1a: Tapu Lele|0 fnt
|faint|p1a: Tapu Lele
|
|-weather|none
|-heal|p2a: Hippowdon|100/100|[from] item: Leftovers
|upkeep
|
|t:|1641821042
|switch|p1a: Barraskewda|Barraskewda, M|10/100
|turn|30
|inactive|rffydsdhh has 60 seconds left.
|
|t:|1641821048
|switch|p2a: Victini|Victini|66/100
|move|p1a: Barraskewda|Liquidation|p2a: Victini
|-supereffective|p2a: Victini
|-damage|p2a: Victini|0 fnt
|faint|p2a: Victini
|
|upkeep
|
|t:|1641821050
|switch|p2a: Urshifu|Urshifu-Rapid-Strike, M|57/100
|turn|31
|
|t:|1641821056
|move|p2a: Urshifu|U-turn|p1a: Barraskewda
|-damage|p1a: Barraskewda|0 fnt
|faint|p1a: Barraskewda
|
|t:|1641821057
|switch|p2a: Hippowdon|Hippowdon, M, shiny|100/100|[from]move: U-turn
|-weather|Sandstorm|[from] ability: Sand Stream|[of] p2a: Hippowdon
|
|-weather|Sandstorm|[upkeep]
|upkeep
|-message|SL21CC 东方不败 forfeited.
|
|win|rffydsdhh
|raw|SL21CC 东方不败's rating: 1198 &rarr; <strong>1179</strong><br />(-19 for losing)
|raw|rffydsdhh's rating: 1279 &rarr; <strong>1291</strong><br />(+12 for winning)
|l|☆SL21CC 东方不败
|l|☆rffydsdhh
