|j|☆Shade Churup
|j|☆evBOO
|t:|1641771561
|gametype|singles
|player|p1|Shade Churup|shadechurup.gif|
|player|p2|evBOO|evboo.gif|
|teamsize|p1|6
|teamsize|p2|6
|gen|8
|tier|[Gen 8] OU
|rated|Tournament battle
|rule|Sleep Clause Mod: Limit one foe put to sleep
|rule|Species Clause: Limit one of each Pokémon
|rule|OHKO Clause: OHKO moves are banned
|rule|Evasion Moves Clause: Evasion moves are banned
|rule|Endless Battle Clause: Forcing endless battles is banned
|rule|HP Percentage Mod: HP is shown in percentages
|rule|Dynamax Clause: You cannot dynamax
|clearpoke
|poke|p1|Aegislash, M|
|poke|p1|Togekiss, F|
|poke|p1|Garchomp, F|
|poke|p1|Mew|
|poke|p1|Rotom-Heat|
|poke|p1|Zeraora|
|poke|p2|Pelipper, M|
|poke|p2|Ferrothorn, F|
|poke|p2|Tapu Lele|
|poke|p2|Garchomp, F|
|poke|p2|Barraskewda, M|
|poke|p2|Zapdos-Galar|
|teampreview
|c|☆Shade Churup|gl
|
|t:|1641771570
|start
|switch|p1a: Garchomp|Garchomp, F|100/100
|switch|p2a: birb|Pelipper, M|100/100
|-weather|RainDance|[from] ability: Drizzle|[of] p2a: birb
|turn|1
|
|t:|1641771595
|move|p1a: Garchomp|Swords Dance|p1a: Garchomp
|-boost|p1a: Garchomp|atk|2
|move|p2a: birb|Scald|p1a: Garchomp
|-damage|p1a: Garchomp|51/100
|
|-weather|RainDance|[upkeep]
|upkeep
|turn|2
|
|t:|1641771674
|move|p1a: Garchomp|Stealth Rock|p2a: birb
|-sidestart|p2: evBOO|move: Stealth Rock
|move|p2a: birb|Scald|p1a: Garchomp
|-crit|p1a: Garchomp
|-damage|p1a: Garchomp|0 fnt
|faint|p1a: Garchomp
|
|-weather|RainDance|[upkeep]
|upkeep
|
|t:|1641771688
|switch|p1a: Rotom|Rotom-Heat|100/100
|turn|3
|
|t:|1641771697
|switch|p2a: land shark|Garchomp, F|100/100
|-damage|p2a: land shark|94/100|[from] Stealth Rock
|move|p1a: Rotom|Trick|p2a: land shark
|-activate|p1a: Rotom|move: Trick|[of] p2a: land shark
|-item|p2a: land shark|Choice Specs|[from] move: Trick
|-item|p1a: Rotom|Life Orb|[from] move: Trick
|
|-weather|RainDance|[upkeep]
|upkeep
|turn|4
|
|t:|1641771721
|switch|p1a: Mew|Mew|100/100
|move|p2a: land shark|Dragon Claw|p1a: Mew
|-damage|p1a: Mew|63/100
|-enditem|p1a: Mew|Red Card|[of] p2a: land shark
|drag|p2a: tuna|Barraskewda, M|100/100
|-damage|p2a: tuna|88/100|[from] Stealth Rock
|
|-weather|RainDance|[upkeep]
|upkeep
|turn|5
|
|t:|1641771777
|move|p2a: tuna|Liquidation|p1a: Mew
|-damage|p1a: Mew|0 fnt
|faint|p1a: Mew
|
|-weather|RainDance|[upkeep]
|upkeep
|
|t:|1641771787
|switch|p1a: Zeraora|Zeraora|100/100
|turn|6
|
|t:|1641771804
|move|p2a: tuna|Liquidation|p1a: Zeraora
|-damage|p1a: Zeraora|0 fnt
|faint|p1a: Zeraora
|
|-weather|RainDance|[upkeep]
|upkeep
|c:|1641771810|☆evBOO|Sanic
|
|t:|1641771816
|switch|p1a: Aegislash|Aegislash, M|100/100
|turn|7
|
|t:|1641771826
|-formechange|p1a: Aegislash|Aegislash-Blade||[from] ability: Stance Change
|move|p1a: Aegislash|Shadow Sneak|p2a: tuna
|-damage|p2a: tuna|58/100
|move|p2a: tuna|Liquidation|p1a: Aegislash
|-damage|p1a: Aegislash|0 fnt
|faint|p1a: Aegislash
|
|-weather|RainDance|[upkeep]
|upkeep
|
|t:|1641771856
|switch|p1a: Togekiss|Togekiss, F|100/100
|turn|8
|
|t:|1641771881
|move|p2a: tuna|Liquidation|p1a: Togekiss
|-damage|p1a: Togekiss|0 fnt
|faint|p1a: Togekiss
|
|-weather|none
|upkeep
|
|t:|1641771903
|switch|p1a: Rotom|Rotom-Heat|100/100
|turn|9
|c|☆Shade Churup|gg
|
|t:|1641771908
|move|p2a: tuna|Liquidation|p1a: Rotom
|-supereffective|p1a: Rotom
|-damage|p1a: Rotom|0 fnt
|faint|p1a: Rotom
|
|win|evBOO
|n|☆Shade Churup|shadechurup
|n|☆evBOO|evboo
