|j|☆Masumanu
|j|☆pokemonkorea co kr
|t:|1641835744
|gametype|singles
|player|p1|Masumanu|masumanu.png|
|player|p2|pokemonkorea co kr|wally|
|teamsize|p1|6
|teamsize|p2|6
|gen|8
|tier|[Gen 8] OU
|rated|Tournament battle
|rule|Sleep Clause Mod: Limit one foe put to sleep
|rule|Species Clause: Limit one of each Pokémon
|rule|OHKO Clause: OHKO moves are banned
|rule|Evasion Moves Clause: Evasion moves are banned
|rule|Endless Battle Clause: Forcing endless battles is banned
|rule|HP Percentage Mod: HP is shown in percentages
|rule|Dynamax Clause: You cannot dynamax
|clearpoke
|poke|p1|Hatterene, F|
|poke|p1|Porygon2|
|poke|p1|Cresselia, F|
|poke|p1|Melmetal|
|poke|p1|Crawdaunt, M|
|poke|p1|Marowak-Alola, F|
|poke|p2|Toxapex, F|
|poke|p2|Clefable, M|
|poke|p2|Tornadus-Therian, M|
|poke|p2|Hippowdon, M|
|poke|p2|Blissey, F|
|poke|p2|Corviknight, M|
|teampreview
|c|☆pokemonkorea co kr|breakers
|c|☆Masumanu|?
|inactive|Battle timer is ON: inactive players will automatically lose when time's up. (requested by Masumanu)
|
|t:|1641835834
|start
|switch|p1a: Hatterene|Hatterene, F|100/100
|switch|p2a: Hippowdon|Hippowdon, M|100/100
|-weather|Sandstorm|[from] ability: Sand Stream|[of] p2a: Hippowdon
|turn|1
|
|t:|1641835848
|move|p2a: Hippowdon|Earthquake|p1a: Hatterene
|-damage|p1a: Hatterene|57/100
|move|p1a: Hatterene|Trick Room|p1a: Hatterene
|-fieldstart|move: Trick Room|[of] p1a: Hatterene
|
|-weather|Sandstorm|[upkeep]
|-damage|p1a: Hatterene|51/100|[from] Sandstorm
|upkeep
|turn|2
|
|t:|1641835856
|switch|p2a: Blissey|Blissey, F|100/100
|move|p1a: Hatterene|Psychic|p2a: Blissey
|-damage|p2a: Blissey|84/100
|
|-weather|Sandstorm|[upkeep]
|-damage|p1a: Hatterene|45/100|[from] Sandstorm
|-damage|p2a: Blissey|78/100|[from] Sandstorm
|upkeep
|turn|3
|
|t:|1641835871
|move|p1a: Hatterene|Misty Explosion|p2a: Blissey
|-damage|p2a: Blissey|58/100
|faint|p1a: Hatterene
|move|p2a: Blissey|Teleport|p2a: Blissey
|inactive|pokemonkorea co kr has 120 seconds left.
|inactive|pokemonkorea co kr has 90 seconds left.
|inactive|pokemonkorea co kr has 60 seconds left.
|inactive|pokemonkorea co kr has 30 seconds left.
|inactive|pokemonkorea co kr has 20 seconds left.
|
|t:|1641836006
|switch|p2a: Hippowdon|Hippowdon, M|100/100|[from]move: Teleport
|
|-weather|Sandstorm|[upkeep]
|upkeep
|inactive|pokemonkorea co kr has 25 seconds left this turn.
|
|t:|1641836013
|switch|p1a: Crawdaunt|Crawdaunt, M|100/100
|turn|4
|inactive|pokemonkorea co kr has 30 seconds left.
|
|t:|1641836027
|switch|p2a: Toxapex|Toxapex, F|100/100
|move|p1a: Crawdaunt|Swords Dance|p1a: Crawdaunt
|-boost|p1a: Crawdaunt|atk|2
|
|-weather|Sandstorm|[upkeep]
|-damage|p2a: Toxapex|94/100|[from] Sandstorm
|-damage|p1a: Crawdaunt|94/100|[from] Sandstorm
|upkeep
|turn|5
|
|t:|1641836031
|move|p2a: Toxapex|Haze|p2a: Toxapex
|-clearallboost
|move|p1a: Crawdaunt|Knock Off|p2a: Toxapex
|-damage|p2a: Toxapex|53/100
|-enditem|p2a: Toxapex|Shed Shell|[from] move: Knock Off|[of] p1a: Crawdaunt
|-damage|p1a: Crawdaunt|84/100|[from] item: Life Orb
|
|-weather|none
|-fieldend|move: Trick Room
|upkeep
|turn|6
|inactive|pokemonkorea co kr has 30 seconds left.
|inactive|pokemonkorea co kr has 20 seconds left.
|
|t:|1641836059
|move|p1a: Crawdaunt|Swords Dance|p1a: Crawdaunt
|-boost|p1a: Crawdaunt|atk|2
|move|p2a: Toxapex|Recover|p2a: Toxapex
|-heal|p2a: Toxapex|100/100
|
|upkeep
|turn|7
|inactive|pokemonkorea co kr has 30 seconds left this turn.
|
|t:|1641836065
|move|p1a: Crawdaunt|Crabhammer|p2a: Toxapex
|-resisted|p2a: Toxapex
|-damage|p2a: Toxapex|62/100
|-damage|p1a: Crawdaunt|74/100|[from] item: Life Orb
|move|p2a: Toxapex|Haze|p2a: Toxapex
|-clearallboost
|
|upkeep
|turn|8
|inactive|pokemonkorea co kr has 30 seconds left.
|
|t:|1641836078
|switch|p1a: Marowak|Marowak-Alola, F|100/100
|move|p2a: Toxapex|Recover|p2a: Toxapex
|-heal|p2a: Toxapex|100/100
|
|upkeep
|turn|9
|
|t:|1641836083
|move|p2a: Toxapex|Knock Off|p1a: Marowak
|-supereffective|p1a: Marowak
|-damage|p1a: Marowak|71/100
|-enditem|p1a: Marowak|Thick Club|[from] move: Knock Off|[of] p2a: Toxapex
|move|p1a: Marowak|Swords Dance|p1a: Marowak
|-boost|p1a: Marowak|atk|2
|
|upkeep
|turn|10
|
|t:|1641836086
|move|p2a: Toxapex|Haze|p2a: Toxapex
|-clearallboost
|move|p1a: Marowak|Earthquake|p2a: Toxapex
|-supereffective|p2a: Toxapex
|-damage|p2a: Toxapex|68/100
|
|upkeep
|turn|11
|
|t:|1641836088
|move|p2a: Toxapex|Recover|p2a: Toxapex
|-heal|p2a: Toxapex|100/100
|move|p1a: Marowak|Earthquake|p2a: Toxapex
|-supereffective|p2a: Toxapex
|-damage|p2a: Toxapex|66/100
|
|upkeep
|turn|12
|
|t:|1641836091
|switch|p1a: Melmetal|Melmetal|100/100
|move|p2a: Toxapex|Scald|p1a: Melmetal
|-damage|p1a: Melmetal|84/100
|
|upkeep
|turn|13
|
|t:|1641836098
|move|p2a: Toxapex|Knock Off|p1a: Melmetal
|-damage|p1a: Melmetal|75/100
|-enditem|p1a: Melmetal|Choice Band|[from] move: Knock Off|[of] p2a: Toxapex
|move|p1a: Melmetal|Double Iron Bash|p2a: Toxapex
|-resisted|p2a: Toxapex
|-damage|p2a: Toxapex|54/100
|-resisted|p2a: Toxapex
|-damage|p2a: Toxapex|40/100
|-hitcount|p2a: Toxapex|2
|
|upkeep
|turn|14
|
|t:|1641836101
|move|p2a: Toxapex|Recover|p2a: Toxapex
|-heal|p2a: Toxapex|90/100
|move|p1a: Melmetal|Thunder Punch|p2a: Toxapex
|-supereffective|p2a: Toxapex
|-damage|p2a: Toxapex|46/100
|
|upkeep
|turn|15
|inactive|pokemonkorea co kr has 90 seconds left.
|-message|Masumanu forfeited.
|
|win|pokemonkorea co kr
|n|☆Masumanu|masumanu
|n|☆pokemonkorea co kr|pokemonkoreacokr
