|j|☆Valkyr999
|j|☆Thenong
|t:|1641731961
|gametype|singles
|player|p1|Valkyr999|steven|1071
|player|p2|Thenong|1|1036
|teamsize|p1|6
|teamsize|p2|6
|gen|8
|tier|[Gen 8] OU
|rated|
|rule|Sleep Clause Mod: Limit one foe put to sleep
|rule|Species Clause: Limit one of each Pokémon
|rule|OHKO Clause: OHKO moves are banned
|rule|Evasion Moves Clause: Evasion moves are banned
|rule|Endless Battle Clause: Forcing endless battles is banned
|rule|HP Percentage Mod: HP is shown in percentages
|rule|Dynamax Clause: You cannot dynamax
|clearpoke
|poke|p1|Audino, F|
|poke|p1|Mesprit|
|poke|p1|Quagsire, F|
|poke|p1|Weezing, F|
|poke|p1|Avalugg, M|
|poke|p1|Corsola-Galar, M|
|poke|p2|Excadrill, M|
|poke|p2|Hippowdon, M|
|poke|p2|Hippopotas, L1, M|
|poke|p2|Tyranitar, M|
|poke|p2|Regieleki|
|poke|p2|Dracozolt|
|teampreview
|inactive|Battle timer is ON: inactive players will automatically lose when time's up. (requested by Thenong)
|
|t:|1641731984
|start
|switch|p1a: Mesprit|Mesprit|100/100
|switch|p2a: Regieleki|Regieleki, shiny|100/100
|turn|1
|
|t:|1641731999
|move|p2a: Regieleki|Thunderbolt|p1a: Mesprit
|-damage|p1a: Mesprit|3/100
|move|p1a: Mesprit|U-turn|p2a: Regieleki
|-damage|p2a: Regieleki|73/100
|
|t:|1641732007
|switch|p1a: Corsola|Corsola-Galar, M|100/100|[from]move: U-turn
|
|upkeep
|turn|2
|
|t:|1641732016
|switch|p2a: 弄沙暴 看我干啥|Hippopotas, L1, M, shiny|100/100
|-weather|Sandstorm|[from] ability: Sand Stream|[of] p2a: 弄沙暴 看我干啥
|move|p1a: Corsola|Whirlpool|p2a: 弄沙暴 看我干啥
|-supereffective|p2a: 弄沙暴 看我干啥
|-damage|p2a: 弄沙暴 看我干啥|0 fnt
|faint|p2a: 弄沙暴 看我干啥
|
|-weather|Sandstorm|[upkeep]
|-damage|p1a: Corsola|94/100|[from] Sandstorm
|upkeep
|
|t:|1641732020
|switch|p2a: 老鼠儿子会打洞|Excadrill, M, shiny|100/100
|turn|3
|
|t:|1641732031
|switch|p1a: Weezing|Weezing, F|100/100
|move|p2a: 老鼠儿子会打洞|Swords Dance|p2a: 老鼠儿子会打洞
|-boost|p2a: 老鼠儿子会打洞|atk|2
|
|-weather|Sandstorm|[upkeep]
|-damage|p1a: Weezing|95/100|[from] Sandstorm
|upkeep
|turn|4
|
|t:|1641732038
|move|p2a: 老鼠儿子会打洞|Rock Slide|p1a: Weezing
|-damage|p1a: Weezing|43/100
|-damage|p2a: 老鼠儿子会打洞|91/100|[from] item: Life Orb
|move|p1a: Weezing|Will-O-Wisp|p2a: 老鼠儿子会打洞
|-status|p2a: 老鼠儿子会打洞|brn
|
|-weather|Sandstorm|[upkeep]
|-damage|p1a: Weezing|37/100|[from] Sandstorm
|-damage|p2a: 老鼠儿子会打洞|84/100 brn|[from] brn
|upkeep
|turn|5
|
|t:|1641732049
|move|p2a: 老鼠儿子会打洞|Rapid Spin|p1a: Weezing
|-damage|p1a: Weezing|21/100
|-boost|p2a: 老鼠儿子会打洞|spe|1
|-damage|p2a: 老鼠儿子会打洞|68/100 brn|[from] item: Rocky Helmet|[of] p1a: Weezing
|-damage|p2a: 老鼠儿子会打洞|58/100 brn|[from] item: Life Orb
|move|p1a: Weezing|Pain Split|p2a: 老鼠儿子会打洞
|-sethp|p2a: 老鼠儿子会打洞|39/100 brn|[from] move: Pain Split|[silent]
|-sethp|p1a: Weezing|42/100|[from] move: Pain Split
|
|-weather|Sandstorm|[upkeep]
|-damage|p1a: Weezing|36/100|[from] Sandstorm
|-damage|p2a: 老鼠儿子会打洞|33/100 brn|[from] brn
|upkeep
|turn|6
|
|t:|1641732066
|switch|p1a: Audino|Audino, F|100/100
|move|p2a: 老鼠儿子会打洞|Rock Slide|p1a: Audino
|-damage|p1a: Audino|67/100
|-damage|p2a: 老鼠儿子会打洞|23/100 brn|[from] item: Life Orb
|
|-weather|none
|-heal|p1a: Audino|74/100|[from] item: Leftovers
|-damage|p2a: 老鼠儿子会打洞|17/100 brn|[from] brn
|upkeep
|turn|7
|
|t:|1641732077
|move|p2a: 老鼠儿子会打洞|Earthquake|p1a: Audino
|-damage|p1a: Audino|8/100
|-damage|p2a: 老鼠儿子会打洞|7/100 brn|[from] item: Life Orb
|move|p1a: Audino|Wish|p1a: Audino
|
|-heal|p1a: Audino|14/100|[from] item: Leftovers
|-damage|p2a: 老鼠儿子会打洞|0 fnt|[from] brn
|faint|p2a: 老鼠儿子会打洞
|upkeep
|
|t:|1641732081
|switch|p2a: Tyranitar|Tyranitar, M, shiny|100/100
|-weather|Sandstorm|[from] ability: Sand Stream|[of] p2a: Tyranitar
|turn|8
|
|t:|1641732090
|move|p1a: Audino|Protect|p1a: Audino
|-singleturn|p1a: Audino|Protect
|move|p2a: Tyranitar|Avalanche|p1a: Audino
|-activate|p1a: Audino|move: Protect
|
|-weather|Sandstorm|[upkeep]
|-damage|p1a: Audino|8/100|[from] Sandstorm
|-heal|p1a: Audino|58/100|[from] move: Wish|[wisher] Audino
|-heal|p1a: Audino|64/100|[from] item: Leftovers
|upkeep
|turn|9
|
|t:|1641732101
|move|p1a: Audino|Knock Off|p2a: Tyranitar
|-resisted|p2a: Tyranitar
|-damage|p2a: Tyranitar|95/100
|-enditem|p2a: Tyranitar|Choice Band|[from] move: Knock Off|[of] p1a: Audino
|move|p2a: Tyranitar|Avalanche|p1a: Audino
|-damage|p1a: Audino|21/100
|
|-weather|Sandstorm|[upkeep]
|-damage|p1a: Audino|15/100|[from] Sandstorm
|-heal|p1a: Audino|21/100|[from] item: Leftovers
|upkeep
|turn|10
|
|t:|1641732111
|switch|p1a: Avalugg|Avalugg, M|100/100
|move|p2a: Tyranitar|Earthquake|p1a: Avalugg
|-damage|p1a: Avalugg|84/100
|
|-weather|Sandstorm|[upkeep]
|-damage|p1a: Avalugg|78/100|[from] Sandstorm
|upkeep
|turn|11
|
|t:|1641732125
|move|p2a: Tyranitar|Dragon Claw|p1a: Avalugg
|-damage|p1a: Avalugg|66/100
|move|p1a: Avalugg|Icicle Spear|p2a: Tyranitar
|-damage|p2a: Tyranitar|86/100
|-damage|p2a: Tyranitar|78/100
|-damage|p2a: Tyranitar|70/100
|-hitcount|p2a: Tyranitar|3
|
|-weather|Sandstorm|[upkeep]
|-damage|p1a: Avalugg|60/100|[from] Sandstorm
|upkeep
|turn|12
|
|t:|1641732135
|move|p2a: Tyranitar|Body Slam|p1a: Avalugg
|-damage|p1a: Avalugg|46/100
|move|p1a: Avalugg|Recover|p1a: Avalugg
|-heal|p1a: Avalugg|96/100
|
|-weather|none
|upkeep
|turn|13
|
|t:|1641732141
|switch|p2a: Regieleki|Regieleki, shiny|73/100
|move|p1a: Avalugg|Body Press|p2a: Regieleki
|-damage|p2a: Regieleki|2/100
|
|upkeep
|turn|14
|
|t:|1641732147
|move|p2a: Regieleki|Volt Switch|p1a: Avalugg
|-damage|p1a: Avalugg|0 fnt
|faint|p1a: Avalugg
|
|t:|1641732151
|switch|p2a: Tyranitar|Tyranitar, M, shiny|70/100|[from]move: Volt Switch
|-weather|Sandstorm|[from] ability: Sand Stream|[of] p2a: Tyranitar
|
|-weather|Sandstorm|[upkeep]
|upkeep
|
|t:|1641732158
|switch|p1a: Mesprit|Mesprit|3/100
|turn|15
|
|t:|1641732162
|move|p1a: Mesprit|Dazzling Gleam|p2a: Tyranitar
|-supereffective|p2a: Tyranitar
|-damage|p2a: Tyranitar|44/100
|move|p2a: Tyranitar|Avalanche|p1a: Mesprit
|-damage|p1a: Mesprit|0 fnt
|faint|p1a: Mesprit
|
|-weather|Sandstorm|[upkeep]
|upkeep
|
|t:|1641732171
|switch|p1a: Corsola|Corsola-Galar, M|94/100
|turn|16
|
|t:|1641732176
|move|p1a: Corsola|Whirlpool|p2a: Tyranitar
|-supereffective|p2a: Tyranitar
|-damage|p2a: Tyranitar|38/100
|-activate|p2a: Tyranitar|move: Whirlpool|[of] p1a: Corsola
|move|p2a: Tyranitar|Avalanche|p1a: Corsola
|-damage|p1a: Corsola|72/100
|
|-weather|Sandstorm|[upkeep]
|-damage|p1a: Corsola|66/100|[from] Sandstorm
|-damage|p2a: Tyranitar|25/100|[from] move: Whirlpool|[partiallytrapped]
|upkeep
|turn|17
|
|t:|1641732185
|move|p2a: Tyranitar|Dragon Claw|p1a: Corsola
|-damage|p1a: Corsola|50/100
|move|p1a: Corsola|Stealth Rock|p2a: Tyranitar
|-sidestart|p2: Thenong|move: Stealth Rock
|
|-weather|Sandstorm|[upkeep]
|-damage|p1a: Corsola|44/100|[from] Sandstorm
|-damage|p2a: Tyranitar|13/100|[from] move: Whirlpool|[partiallytrapped]
|upkeep
|turn|18
|
|t:|1641732193
|move|p2a: Tyranitar|Earthquake|p1a: Corsola
|-damage|p1a: Corsola|24/100
|-start|p2a: Tyranitar|Disable|Earthquake|[from] ability: Cursed Body|[of] p1a: Corsola
|move|p1a: Corsola|Strength Sap|p2a: Tyranitar
|-unboost|p2a: Tyranitar|atk|1
|-heal|p1a: Corsola|100/100
|
|-weather|none
|-damage|p2a: Tyranitar|1/100|[from] move: Whirlpool|[partiallytrapped]
|upkeep
|turn|19
|
|t:|1641732205
|move|p2a: Tyranitar|Dragon Claw|p1a: Corsola
|-damage|p1a: Corsola|89/100
|move|p1a: Corsola|Night Shade|p2a: Tyranitar
|-damage|p2a: Tyranitar|0 fnt
|faint|p2a: Tyranitar
|
|upkeep
|
|t:|1641732211
|switch|p2a: Regieleki|Regieleki, shiny|2/100
|-damage|p2a: Regieleki|0 fnt|[from] Stealth Rock
|faint|p2a: Regieleki
|
|t:|1641732213
|switch|p2a: 一口一个榴莲|Hippowdon, M, shiny|100/100
|-damage|p2a: 一口一个榴莲|94/100|[from] Stealth Rock
|-weather|Sandstorm|[from] ability: Sand Stream|[of] p2a: 一口一个榴莲
|turn|20
|
|t:|1641732219
|move|p2a: 一口一个榴莲|Toxic|p1a: Corsola
|-status|p1a: Corsola|tox
|move|p1a: Corsola|Whirlpool|p2a: 一口一个榴莲
|-supereffective|p2a: 一口一个榴莲
|-damage|p2a: 一口一个榴莲|82/100
|-activate|p2a: 一口一个榴莲|move: Whirlpool|[of] p1a: Corsola
|
|-weather|Sandstorm|[upkeep]
|-damage|p1a: Corsola|83/100 tox|[from] Sandstorm
|-damage|p1a: Corsola|77/100 tox|[from] psn
|-damage|p2a: 一口一个榴莲|70/100|[from] move: Whirlpool|[partiallytrapped]
|upkeep
|turn|21
|
|t:|1641732228
|move|p2a: 一口一个榴莲|Stealth Rock|p1a: Corsola
|-sidestart|p1: Valkyr999|move: Stealth Rock
|move|p1a: Corsola|Night Shade|p2a: 一口一个榴莲
|-damage|p2a: 一口一个榴莲|46/100
|
|-weather|Sandstorm|[upkeep]
|-damage|p1a: Corsola|71/100 tox|[from] Sandstorm
|-damage|p1a: Corsola|59/100 tox|[from] psn
|-damage|p2a: 一口一个榴莲|34/100|[from] move: Whirlpool|[partiallytrapped]
|upkeep
|turn|22
|
|t:|1641732239
|move|p2a: 一口一个榴莲|Earthquake|p1a: Corsola
|-damage|p1a: Corsola|39/100 tox
|move|p1a: Corsola|Night Shade|p2a: 一口一个榴莲
|-damage|p2a: 一口一个榴莲|10/100
|
|-weather|Sandstorm|[upkeep]
|-damage|p1a: Corsola|33/100 tox|[from] Sandstorm
|-damage|p1a: Corsola|14/100 tox|[from] psn
|-damage|p2a: 一口一个榴莲|0 fnt|[from] move: Whirlpool|[partiallytrapped]
|faint|p2a: 一口一个榴莲
|upkeep
|
|t:|1641732242
|switch|p2a: Dracozolt|Dracozolt, shiny|100/100
|-damage|p2a: Dracozolt|88/100|[from] Stealth Rock
|turn|23
|
|t:|1641732252
|move|p2a: Dracozolt|Bolt Beak|p1a: Corsola
|-damage|p1a: Corsola|0 fnt
|faint|p1a: Corsola
|-damage|p2a: Dracozolt|78/100|[from] item: Life Orb
|
|-weather|Sandstorm|[upkeep]
|upkeep
|
|t:|1641732258
|switch|p1a: Weezing|Weezing, F|36/100
|-damage|p1a: Weezing|24/100|[from] Stealth Rock
|turn|24
|
|t:|1641732262
|move|p2a: Dracozolt|Bolt Beak|p1a: Weezing
|-damage|p1a: Weezing|0 fnt
|-damage|p2a: Dracozolt|62/100|[from] item: Rocky Helmet|[of] p1a: Weezing
|faint|p1a: Weezing
|-damage|p2a: Dracozolt|52/100|[from] item: Life Orb
|
|-weather|none
|upkeep
|
|t:|1641732268
|switch|p1a: Audino|Audino, F|54/100
|-damage|p1a: Audino|42/100|[from] Stealth Rock
|turn|25
|
|t:|1641732273
|move|p2a: Dracozolt|Bolt Beak|p1a: Audino
|-damage|p1a: Audino|0 fnt
|faint|p1a: Audino
|-damage|p2a: Dracozolt|42/100|[from] item: Life Orb
|
|upkeep
|
|t:|1641732279
|switch|p1a: Quagsire|Quagsire, F|100/100
|-damage|p1a: Quagsire|94/100|[from] Stealth Rock
|turn|26
|
|t:|1641732283
|move|p2a: Dracozolt|Earthquake|p1a: Quagsire
|-damage|p1a: Quagsire|65/100
|-damage|p2a: Dracozolt|32/100|[from] item: Life Orb
|move|p1a: Quagsire|Toxic|p2a: Dracozolt
|-status|p2a: Dracozolt|tox
|
|-heal|p1a: Quagsire|71/100|[from] item: Leftovers
|-damage|p2a: Dracozolt|26/100 tox|[from] psn
|upkeep
|turn|27
|
|t:|1641732292
|move|p2a: Dracozolt|Iron Tail|p1a: Quagsire|[miss]
|-miss|p2a: Dracozolt|p1a: Quagsire
|move|p1a: Quagsire|Recover|p1a: Quagsire
|-heal|p1a: Quagsire|100/100
|
|-damage|p2a: Dracozolt|13/100 tox|[from] psn
|upkeep
|turn|28
|
|t:|1641732302
|move|p2a: Dracozolt|Dragon Claw|p1a: Quagsire
|-damage|p1a: Quagsire|63/100
|-damage|p2a: Dracozolt|3/100 tox|[from] item: Life Orb
|move|p1a: Quagsire|Earthquake|p2a: Dracozolt
|-supereffective|p2a: Dracozolt
|-damage|p2a: Dracozolt|0 fnt
|faint|p2a: Dracozolt
|
|win|Valkyr999
|raw|Valkyr999's rating: 1071 &rarr; <strong>1097</strong><br />(+26 for winning)
|raw|Thenong's rating: 1036 &rarr; <strong>1022</strong><br />(-14 for losing)
|l|☆Thenong
