|j|☆iugbjh
|j|☆Bademeischter
|t:|1641808897
|gametype|singles
|player|p1|iugbjh|ghetsis|1073
|player|p2|Bademeischter|170|1025
|teamsize|p1|6
|teamsize|p2|6
|gen|8
|tier|[Gen 8] OU
|rated|
|rule|Sleep Clause Mod: Limit one foe put to sleep
|rule|Species Clause: Limit one of each Pokémon
|rule|OHKO Clause: OHKO moves are banned
|rule|Evasion Moves Clause: Evasion moves are banned
|rule|Endless Battle Clause: Forcing endless battles is banned
|rule|HP Percentage Mod: HP is shown in percentages
|rule|Dynamax Clause: You cannot dynamax
|clearpoke
|poke|p1|Blissey, F|
|poke|p1|Hippowdon, F|
|poke|p1|Rillaboom, F|
|poke|p1|Corviknight, M|
|poke|p1|Dragapult, M|
|poke|p1|Zeraora|
|poke|p2|Zarude|
|poke|p2|Mew|
|poke|p2|Zeraora|
|poke|p2|Bisharp, F|
|poke|p2|Azumarill, M|
|poke|p2|Blissey, F|
|teampreview
|
|t:|1641808906
|start
|switch|p1a: Hippowdon|Hippowdon, F|100/100
|switch|p2a: Blissey|Blissey, F|100/100
|-weather|Sandstorm|[from] ability: Sand Stream|[of] p1a: Hippowdon
|turn|1
|
|t:|1641808913
|move|p2a: Blissey|Water Pulse|p1a: Hippowdon
|-supereffective|p1a: Hippowdon
|-damage|p1a: Hippowdon|76/100
|move|p1a: Hippowdon|Stealth Rock|p2a: Blissey
|-sidestart|p2: Bademeischter|move: Stealth Rock
|
|-weather|Sandstorm|[upkeep]
|-damage|p2a: Blissey|94/100|[from] Sandstorm
|upkeep
|turn|2
|
|t:|1641808926
|switch|p1a: Zeraora|Zeraora, shiny|100/100
|move|p2a: Blissey|Water Pulse|p1a: Zeraora
|-damage|p1a: Zeraora|87/100
|
|-weather|Sandstorm|[upkeep]
|-damage|p1a: Zeraora|81/100|[from] Sandstorm
|-damage|p2a: Blissey|88/100|[from] Sandstorm
|upkeep
|turn|3
|
|t:|1641808936
|move|p1a: Zeraora|Close Combat|p2a: Blissey
|-supereffective|p2a: Blissey
|-damage|p2a: Blissey|25/100
|-unboost|p1a: Zeraora|def|1
|-unboost|p1a: Zeraora|spd|1
|move|p2a: Blissey|Fire Blast|p1a: Zeraora
|-damage|p1a: Zeraora|46/100
|
|-weather|Sandstorm|[upkeep]
|-damage|p1a: Zeraora|40/100|[from] Sandstorm
|-damage|p2a: Blissey|19/100|[from] Sandstorm
|upkeep
|turn|4
|
|t:|1641808948
|move|p1a: Zeraora|Volt Switch|p2a: Blissey
|-damage|p2a: Blissey|8/100
|
|t:|1641808962
|switch|p1a: Corviknight|Corviknight, M, shiny|100/100|[from]move: Volt Switch
|-ability|p1a: Corviknight|Pressure
|move|p2a: Blissey|Soft-Boiled|p2a: Blissey
|-heal|p2a: Blissey|58/100
|
|-weather|Sandstorm|[upkeep]
|-damage|p2a: Blissey|52/100|[from] Sandstorm
|upkeep
|turn|5
|
|t:|1641808973
|move|p1a: Corviknight|U-turn|p2a: Blissey
|-damage|p2a: Blissey|37/100
|
|t:|1641808978
|switch|p1a: Zeraora|Zeraora, shiny|40/100|[from]move: U-turn
|move|p2a: Blissey|Soft-Boiled|p2a: Blissey
|-heal|p2a: Blissey|87/100
|
|-weather|none
|upkeep
|turn|6
|
|t:|1641808986
|move|p1a: Zeraora|Plasma Fists|p2a: Blissey
|-damage|p2a: Blissey|47/100
|-fieldactivate|move: Ion Deluge
|-hint|Normal-type moves become Electric-type after using Plasma Fists.
|move|p2a: Blissey|Fire Blast|p1a: Zeraora
|-damage|p1a: Zeraora|14/100
|-enditem|p1a: Zeraora|Figy Berry|[eat]
|-heal|p1a: Zeraora|47/100|[from] item: Figy Berry
|
|upkeep
|turn|7
|
|t:|1641809000
|switch|p2a: Azumarill|Azumarill, M|100/100
|-damage|p2a: Azumarill|88/100|[from] Stealth Rock
|move|p1a: Zeraora|Close Combat|p2a: Azumarill
|-resisted|p2a: Azumarill
|-damage|p2a: Azumarill|67/100
|-unboost|p1a: Zeraora|def|1
|-unboost|p1a: Zeraora|spd|1
|
|upkeep
|turn|8
|
|t:|1641809010
|switch|p2a: Zeraora|Zeraora|100/100
|-damage|p2a: Zeraora|88/100|[from] Stealth Rock
|move|p1a: Zeraora|Volt Switch|p2a: Zeraora
|-heal|p2a: Zeraora|100/100|[from] ability: Volt Absorb|[of] p1a: Zeraora
|
|upkeep
|turn|9
|
|t:|1641809019
|switch|p1a: Hippowdon|Hippowdon, F|76/100
|-weather|Sandstorm|[from] ability: Sand Stream|[of] p1a: Hippowdon
|move|p2a: Zeraora|Close Combat|p1a: Hippowdon
|-damage|p1a: Hippowdon|53/100
|-unboost|p2a: Zeraora|def|1
|-unboost|p2a: Zeraora|spd|1
|-damage|p2a: Zeraora|84/100|[from] item: Rocky Helmet|[of] p1a: Hippowdon
|
|-weather|Sandstorm|[upkeep]
|-damage|p2a: Zeraora|78/100|[from] Sandstorm
|upkeep
|turn|10
|
|t:|1641809032
|switch|p2a: Azumarill|Azumarill, M|67/100
|-damage|p2a: Azumarill|54/100|[from] Stealth Rock
|move|p1a: Hippowdon|Slack Off|p1a: Hippowdon
|-heal|p1a: Hippowdon|100/100
|
|-weather|Sandstorm|[upkeep]
|-damage|p2a: Azumarill|48/100|[from] Sandstorm
|-enditem|p2a: Azumarill|Sitrus Berry|[eat]
|-heal|p2a: Azumarill|73/100|[from] item: Sitrus Berry
|upkeep
|turn|11
|
|t:|1641809052
|switch|p1a: Rillaboom|Rillaboom, F|100/100
|-fieldstart|move: Grassy Terrain|[from] ability: Grassy Surge|[of] p1a: Rillaboom
|move|p2a: Azumarill|Aqua Jet|p1a: Rillaboom
|-resisted|p1a: Rillaboom
|-damage|p1a: Rillaboom|88/100
|
|-weather|Sandstorm|[upkeep]
|-damage|p1a: Rillaboom|81/100|[from] Sandstorm
|-damage|p2a: Azumarill|67/100|[from] Sandstorm
|-heal|p1a: Rillaboom|88/100|[from] Grassy Terrain
|-heal|p2a: Azumarill|73/100|[from] Grassy Terrain
|upkeep
|turn|12
|
|t:|1641809067
|switch|p2a: Blissey|Blissey, F|47/100
|-damage|p2a: Blissey|34/100|[from] Stealth Rock
|move|p1a: Rillaboom|Knock Off|p2a: Blissey
|-damage|p2a: Blissey|2/100
|-damage|p1a: Rillaboom|78/100|[from] item: Life Orb
|
|-weather|Sandstorm|[upkeep]
|-damage|p1a: Rillaboom|71/100|[from] Sandstorm
|-damage|p2a: Blissey|0 fnt|[from] Sandstorm
|faint|p2a: Blissey
|-heal|p1a: Rillaboom|78/100|[from] Grassy Terrain
|upkeep
|
|t:|1641809086
|switch|p2a: Mew|Mew|100/100
|-damage|p2a: Mew|88/100|[from] Stealth Rock
|turn|13
|
|t:|1641809098
|move|p2a: Mew|Flare Blitz|p1a: Rillaboom
|-supereffective|p1a: Rillaboom
|-damage|p1a: Rillaboom|0 fnt
|faint|p1a: Rillaboom
|-damage|p2a: Mew|63/100|[from] Recoil
|-damage|p2a: Mew|53/100|[from] item: Life Orb
|
|-weather|none
|-heal|p2a: Mew|59/100|[from] Grassy Terrain
|upkeep
|
|t:|1641809111
|switch|p1a: Dragapult|Dragapult, M, shiny|100/100
|turn|14
|
|t:|1641809118
|move|p1a: Dragapult|Draco Meteor|p2a: Mew
|-damage|p2a: Mew|2/100
|-unboost|p1a: Dragapult|spa|2
|move|p2a: Mew|Play Rough|p1a: Dragapult
|-supereffective|p1a: Dragapult
|-damage|p1a: Dragapult|19/100
|-damage|p2a: Mew|0 fnt|[from] item: Life Orb
|faint|p2a: Mew
|
|-heal|p1a: Dragapult|25/100|[from] Grassy Terrain
|upkeep
|
|t:|1641809131
|switch|p2a: Bisharp|Bisharp, F|100/100
|-damage|p2a: Bisharp|95/100|[from] Stealth Rock
|turn|15
|
|t:|1641809138
|switch|p1a: Hippowdon|Hippowdon, F|100/100
|-weather|Sandstorm|[from] ability: Sand Stream|[of] p1a: Hippowdon
|move|p2a: Bisharp|Knock Off|p1a: Hippowdon
|-damage|p1a: Hippowdon|58/100
|-damage|p2a: Bisharp|78/100|[from] item: Rocky Helmet|[of] p1a: Hippowdon
|-enditem|p1a: Hippowdon|Rocky Helmet|[from] move: Knock Off|[of] p2a: Bisharp
|
|-weather|Sandstorm|[upkeep]
|-heal|p2a: Bisharp|84/100|[from] Grassy Terrain
|-heal|p1a: Hippowdon|65/100|[from] Grassy Terrain
|-fieldend|move: Grassy Terrain
|upkeep
|turn|16
|
|t:|1641809150
|move|p2a: Bisharp|Knock Off|p1a: Hippowdon
|-damage|p1a: Hippowdon|39/100
|move|p1a: Hippowdon|Slack Off|p1a: Hippowdon
|-heal|p1a: Hippowdon|89/100
|
|-weather|Sandstorm|[upkeep]
|upkeep
|turn|17
|
|t:|1641809160
|move|p2a: Bisharp|Knock Off|p1a: Hippowdon
|-damage|p1a: Hippowdon|63/100
|move|p1a: Hippowdon|Earthquake|p2a: Bisharp
|-supereffective|p2a: Bisharp
|-damage|p2a: Bisharp|0 fnt
|faint|p2a: Bisharp
|
|-weather|Sandstorm|[upkeep]
|upkeep
|
|t:|1641809167
|switch|p2a: Azumarill|Azumarill, M|73/100
|-damage|p2a: Azumarill|61/100|[from] Stealth Rock
|turn|18
|
|t:|1641809186
|switch|p1a: Zeraora|Zeraora, shiny|47/100
|move|p2a: Azumarill|Aqua Jet|p1a: Zeraora
|-damage|p1a: Zeraora|13/100
|
|-weather|Sandstorm|[upkeep]
|-damage|p1a: Zeraora|7/100|[from] Sandstorm
|-damage|p2a: Azumarill|55/100|[from] Sandstorm
|upkeep
|turn|19
|
|t:|1641809217
|switch|p2a: Zeraora|Zeraora|78/100
|-damage|p2a: Zeraora|66/100|[from] Stealth Rock
|move|p1a: Zeraora|Plasma Fists|p2a: Zeraora
|-heal|p2a: Zeraora|91/100|[from] ability: Volt Absorb|[of] p1a: Zeraora
|
|-weather|none
|upkeep
|turn|20
|
|t:|1641809228
|move|p2a: Zeraora|Knock Off|p1a: Zeraora
|-damage|p1a: Zeraora|0 fnt
|faint|p1a: Zeraora
|
|upkeep
|
|t:|1641809241
|switch|p1a: Hippowdon|Hippowdon, F|63/100
|-weather|Sandstorm|[from] ability: Sand Stream|[of] p1a: Hippowdon
|turn|21
|
|t:|1641809248
|switch|p2a: Azumarill|Azumarill, M|55/100
|-damage|p2a: Azumarill|42/100|[from] Stealth Rock
|move|p1a: Hippowdon|Slack Off|p1a: Hippowdon
|-heal|p1a: Hippowdon|100/100
|
|-weather|Sandstorm|[upkeep]
|-damage|p2a: Azumarill|36/100|[from] Sandstorm
|upkeep
|turn|22
|
|t:|1641809256
|move|p2a: Azumarill|Aqua Jet|p1a: Hippowdon
|-supereffective|p1a: Hippowdon
|-damage|p1a: Hippowdon|71/100
|move|p1a: Hippowdon|Whirlwind|p2a: Azumarill
|drag|p2a: Zarude|Zarude|100/100
|-damage|p2a: Zarude|88/100|[from] Stealth Rock
|
|-weather|Sandstorm|[upkeep]
|-damage|p2a: Zarude|82/100|[from] Sandstorm
|upkeep
|turn|23
|
|t:|1641809268
|switch|p1a: Corviknight|Corviknight, M, shiny|100/100
|-ability|p1a: Corviknight|Pressure
|move|p2a: Zarude|Power Whip|p1a: Corviknight
|-resisted|p1a: Corviknight
|-damage|p1a: Corviknight|87/100
|-damage|p2a: Zarude|72/100|[from] item: Life Orb
|
|-weather|Sandstorm|[upkeep]
|-damage|p2a: Zarude|66/100|[from] Sandstorm
|upkeep
|turn|24
|
|t:|1641809279
|switch|p2a: Zeraora|Zeraora|91/100
|-damage|p2a: Zeraora|78/100|[from] Stealth Rock
|move|p1a: Corviknight|U-turn|p2a: Zeraora
|-damage|p2a: Zeraora|58/100
|
|t:|1641809292
|switch|p1a: Dragapult|Dragapult, M, shiny|25/100|[from]move: U-turn
|
|-weather|Sandstorm|[upkeep]
|-damage|p1a: Dragapult|19/100|[from] Sandstorm
|-damage|p2a: Zeraora|52/100|[from] Sandstorm
|upkeep
|turn|25
|
|t:|1641809300
|move|p1a: Dragapult|Shadow Ball|p2a: Zeraora
|-damage|p2a: Zeraora|0 fnt
|faint|p2a: Zeraora
|
|-weather|none
|upkeep
|
|t:|1641809311
|switch|p2a: Zarude|Zarude|66/100
|-damage|p2a: Zarude|53/100|[from] Stealth Rock
|turn|26
|
|t:|1641809326
|switch|p1a: Blissey|Blissey, F, shiny|100/100
|move|p2a: Zarude|Darkest Lariat|p1a: Blissey
|-damage|p1a: Blissey|39/100
|-damage|p2a: Zarude|43/100|[from] item: Life Orb
|
|-heal|p1a: Blissey|45/100|[from] item: Leftovers
|upkeep
|turn|27
|
|t:|1641809345
|move|p2a: Zarude|Darkest Lariat|p1a: Blissey
|-damage|p1a: Blissey|0 fnt
|faint|p1a: Blissey
|-damage|p2a: Zarude|33/100|[from] item: Life Orb
|
|upkeep
|
|t:|1641809351
|switch|p1a: Dragapult|Dragapult, M, shiny|19/100
|turn|28
|
|t:|1641809358
|move|p1a: Dragapult|Flamethrower|p2a: Zarude
|-supereffective|p2a: Zarude
|-damage|p2a: Zarude|0 fnt
|faint|p2a: Zarude
|
|upkeep
|
|t:|1641809363
|switch|p2a: Azumarill|Azumarill, M|36/100
|-damage|p2a: Azumarill|24/100|[from] Stealth Rock
|turn|29
|
|t:|1641809368
|move|p1a: Dragapult|Flamethrower|p2a: Azumarill
|-resisted|p2a: Azumarill
|-damage|p2a: Azumarill|8/100
|move|p2a: Azumarill|Play Rough|p1a: Dragapult
|-supereffective|p1a: Dragapult
|-damage|p1a: Dragapult|0 fnt
|faint|p1a: Dragapult
|
|upkeep
|
|t:|1641809375
|switch|p1a: Corviknight|Corviknight, M, shiny|87/100
|-ability|p1a: Corviknight|Pressure
|turn|30
|
|t:|1641809386
|move|p2a: Azumarill|Aqua Jet|p1a: Corviknight
|-damage|p1a: Corviknight|71/100
|move|p1a: Corviknight|U-turn|p2a: Azumarill
|-resisted|p2a: Azumarill
|-damage|p2a: Azumarill|0 fnt
|faint|p2a: Azumarill
|
|win|iugbjh
|raw|iugbjh's rating: 1073 &rarr; <strong>1098</strong><br />(+25 for winning)
|raw|Bademeischter's rating: 1025 &rarr; <strong>1013</strong><br />(-12 for losing)
|l|☆iugbjh
