|j|☆Danetto
|j|☆YoungParm
|t:|1641887429
|gametype|singles
|player|p1|Danetto|dancer|1115
|player|p2|YoungParm|ethan-gen2c|1158
|teamsize|p1|6
|teamsize|p2|6
|gen|8
|tier|[Gen 8] OU
|rated|
|rule|Sleep Clause Mod: Limit one foe put to sleep
|rule|Species Clause: Limit one of each Pokémon
|rule|OHKO Clause: OHKO moves are banned
|rule|Evasion Moves Clause: Evasion moves are banned
|rule|Endless Battle Clause: Forcing endless battles is banned
|rule|HP Percentage Mod: HP is shown in percentages
|rule|Dynamax Clause: You cannot dynamax
|clearpoke
|poke|p1|Lanturn, M|
|poke|p1|Hatterene, F|
|poke|p1|Chandelure, F|
|poke|p1|Pangoro, M|
|poke|p1|Skarmory, M|
|poke|p1|Diggersby, M|
|poke|p2|Bisharp, F|
|poke|p2|Landorus-Therian, M|
|poke|p2|Tyranitar, M|
|poke|p2|Heatran, F|
|poke|p2|Gastrodon-East, F|
|poke|p2|Dragapult, M|
|teampreview
|
|t:|1641887449
|start
|switch|p1a: Skarmory|Skarmory, M|100/100
|switch|p2a: Landorus|Landorus-Therian, M|100/100
|-ability|p2a: Landorus|Intimidate|boost
|-unboost|p1a: Skarmory|atk|1
|turn|1
|inactive|Battle timer is ON: inactive players will automatically lose when time's up. (requested by Danetto)
|
|t:|1641887457
|move|p2a: Landorus|Stealth Rock|p1a: Skarmory
|-sidestart|p1: Danetto|move: Stealth Rock
|move|p1a: Skarmory|Stealth Rock|p2a: Landorus
|-sidestart|p2: YoungParm|move: Stealth Rock
|
|upkeep
|turn|2
|
|t:|1641887462
|move|p2a: Landorus|Knock Off|p1a: Skarmory
|-damage|p1a: Skarmory|80/100
|-damage|p2a: Landorus|84/100|[from] item: Rocky Helmet|[of] p1a: Skarmory
|-enditem|p1a: Skarmory|Rocky Helmet|[from] move: Knock Off|[of] p2a: Landorus
|move|p1a: Skarmory|Roar|p2a: Landorus
|drag|p2a: Bisharp|Bisharp, F|100/100
|-damage|p2a: Bisharp|95/100|[from] Stealth Rock
|
|upkeep
|turn|3
|
|t:|1641887472
|switch|p2a: Heatran|Heatran, F|100/100
|-damage|p2a: Heatran|88/100|[from] Stealth Rock
|switch|p1a: Diggersby|Diggersby, M|100/100
|-damage|p1a: Diggersby|94/100|[from] Stealth Rock
|
|-heal|p2a: Heatran|94/100|[from] item: Leftovers
|upkeep
|turn|4
|
|t:|1641887484
|switch|p2a: Landorus|Landorus-Therian, M|84/100
|-damage|p2a: Landorus|72/100|[from] Stealth Rock
|-ability|p2a: Landorus|Intimidate|boost
|-unboost|p1a: Diggersby|atk|1
|move|p1a: Diggersby|Earthquake|p2a: Landorus
|-immune|p2a: Landorus
|
|-heal|p2a: Landorus|78/100|[from] item: Leftovers
|upkeep
|turn|5
|
|t:|1641887495
|switch|p1a: Lanturn|Lanturn, M|100/100
|-damage|p1a: Lanturn|88/100|[from] Stealth Rock
|move|p2a: Landorus|Knock Off|p1a: Lanturn
|-damage|p1a: Lanturn|59/100
|-enditem|p1a: Lanturn|Expert Belt|[from] move: Knock Off|[of] p2a: Landorus
|
|-heal|p2a: Landorus|84/100|[from] item: Leftovers
|upkeep
|turn|6
|
|t:|1641887512
|switch|p2a: Gastrodon|Gastrodon-East, F|100/100
|-damage|p2a: Gastrodon|94/100|[from] Stealth Rock
|switch|p1a: Skarmory|Skarmory, M|80/100
|-damage|p1a: Skarmory|68/100|[from] Stealth Rock
|
|-heal|p2a: Gastrodon|100/100|[from] item: Leftovers
|upkeep
|turn|7
|
|t:|1641887523
|move|p1a: Skarmory|Roost|p1a: Skarmory
|-heal|p1a: Skarmory|100/100
|-singleturn|p1a: Skarmory|move: Roost
|move|p2a: Gastrodon|Ice Beam|p1a: Skarmory
|-resisted|p1a: Skarmory
|-damage|p1a: Skarmory|89/100
|
|upkeep
|turn|8
|
|t:|1641887530
|move|p2a: Gastrodon|Scald|p1a: Skarmory
|-damage|p1a: Skarmory|56/100
|-status|p1a: Skarmory|brn
|move|p1a: Skarmory|Roar|p2a: Gastrodon
|drag|p2a: Landorus|Landorus-Therian, M|84/100
|-damage|p2a: Landorus|71/100|[from] Stealth Rock
|-ability|p2a: Landorus|Intimidate|boost
|-unboost|p1a: Skarmory|atk|1
|
|-heal|p2a: Landorus|77/100|[from] item: Leftovers
|-damage|p1a: Skarmory|50/100 brn|[from] brn
|upkeep
|turn|9
|
|t:|1641887542
|move|p2a: Landorus|U-turn|p1a: Skarmory
|-resisted|p1a: Skarmory
|-damage|p1a: Skarmory|46/100 brn
|
|t:|1641887546
|switch|p2a: Heatran|Heatran, F|94/100|[from]move: U-turn
|-damage|p2a: Heatran|82/100|[from] Stealth Rock
|move|p1a: Skarmory|Roost|p1a: Skarmory
|-heal|p1a: Skarmory|96/100 brn
|-singleturn|p1a: Skarmory|move: Roost
|
|-heal|p2a: Heatran|88/100|[from] item: Leftovers
|-damage|p1a: Skarmory|90/100 brn|[from] brn
|upkeep
|turn|10
|
|t:|1641887560
|switch|p1a: Diggersby|Diggersby, M|94/100
|-damage|p1a: Diggersby|88/100|[from] Stealth Rock
|move|p2a: Heatran|Magma Storm|p1a: Diggersby
|-damage|p1a: Diggersby|35/100
|-activate|p1a: Diggersby|move: Magma Storm|[of] p2a: Heatran
|
|-heal|p2a: Heatran|94/100|[from] item: Leftovers
|-damage|p1a: Diggersby|22/100|[from] move: Magma Storm|[partiallytrapped]
|upkeep
|-enditem|p1a: Diggersby|Figy Berry|[eat]
|-heal|p1a: Diggersby|55/100|[from] item: Figy Berry
|turn|11
|
|t:|1641887574
|switch|p2a: Landorus|Landorus-Therian, M|77/100
|-damage|p2a: Landorus|65/100|[from] Stealth Rock
|-ability|p2a: Landorus|Intimidate|boost
|-unboost|p1a: Diggersby|atk|1
|move|p1a: Diggersby|Facade|p2a: Landorus
|-damage|p2a: Landorus|42/100
|
|-heal|p2a: Landorus|48/100|[from] item: Leftovers
|-end|p1a: Diggersby|Magma Storm|[partiallytrapped]|[silent]
|upkeep
|turn|12
|
|t:|1641887585
|switch|p1a: Pangoro|Pangoro, M|100/100
|-damage|p1a: Pangoro|94/100|[from] Stealth Rock
|move|p2a: Landorus|Earthquake|p1a: Pangoro
|-damage|p1a: Pangoro|38/100
|
|-heal|p2a: Landorus|54/100|[from] item: Leftovers
|upkeep
|turn|13
|
|t:|1641887596
|move|p2a: Landorus|Earthquake|p1a: Pangoro
|-damage|p1a: Pangoro|0 fnt
|faint|p1a: Pangoro
|
|-heal|p2a: Landorus|60/100|[from] item: Leftovers
|upkeep
|n|!Danetto|danetto
|
|t:|1641887612
|switch|p1a: Hatterene|Hatterene, F|100/100
|-damage|p1a: Hatterene|88/100|[from] Stealth Rock
|turn|14
|
|t:|1641887616
|move|p2a: Landorus|Knock Off|p1a: Hatterene
|-damage|p1a: Hatterene|49/100
|-enditem|p1a: Hatterene|Leftovers|[from] move: Knock Off|[of] p2a: Landorus
|move|p1a: Hatterene|Trick Room|p1a: Hatterene
|-fieldstart|move: Trick Room|[of] p1a: Hatterene
|
|-heal|p2a: Landorus|66/100|[from] item: Leftovers
|upkeep
|turn|15
|
|t:|1641887624
|move|p1a: Hatterene|Dazzling Gleam|p2a: Landorus
|-damage|p2a: Landorus|23/100
|move|p2a: Landorus|U-turn|p1a: Hatterene
|-crit|p1a: Hatterene
|-damage|p1a: Hatterene|0 fnt
|faint|p1a: Hatterene
|l|!Danetto
|inactive|Danetto disconnected and has a minute to reconnect!
|player|p1|
|inactive|YoungParm has 120 seconds left.
|
|t:|1641887661
|switch|p2a: Dragapult|Dragapult, M|100/100|[from]move: U-turn
|
|upkeep
|inactive|Danetto has 30 seconds to reconnect!
|inactive|Danetto has 20 seconds to reconnect!
|inactive|Danetto has 15 seconds to reconnect!
|inactive|Danetto has 10 seconds to reconnect!
|inactive|Danetto has 5 seconds to reconnect!
|-message|Danetto lost due to inactivity.
|
|win|YoungParm
|raw|Danetto's rating: 1115 &rarr; <strong>1093</strong><br />(-22 for losing)
|raw|YoungParm's rating: 1158 &rarr; <strong>1180</strong><br />(+22 for winning)
