|j|☆wridyl
|j|☆DumbLick1337
|t:|1641834279
|gametype|singles
|player|p1|wridyl|170|1354
|player|p2|DumbLick1337|102|1322
|teamsize|p1|6
|teamsize|p2|6
|gen|8
|tier|[Gen 8] OU
|rated|
|rule|Sleep Clause Mod: Limit one foe put to sleep
|rule|Species Clause: Limit one of each Pokémon
|rule|OHKO Clause: OHKO moves are banned
|rule|Evasion Moves Clause: Evasion moves are banned
|rule|Endless Battle Clause: Forcing endless battles is banned
|rule|HP Percentage Mod: HP is shown in percentages
|rule|Dynamax Clause: You cannot dynamax
|clearpoke
|poke|p1|Kommo-o, F|
|poke|p1|Volcarona, M|
|poke|p1|Dragapult, M|
|poke|p1|Zapdos|
|poke|p1|Melmetal|
|poke|p1|Landorus-Therian, M|
|poke|p2|Rotom-Heat|
|poke|p2|Corviknight, M|
|poke|p2|Clefable, F|
|poke|p2|Seismitoad, M|
|poke|p2|Hydreigon, M|
|poke|p2|Gyarados, F|
|teampreview
|c|☆DumbLick1337|hf
|inactive|Battle timer is ON: inactive players will automatically lose when time's up. (requested by DumbLick1337)
|
|t:|1641834285
|start
|switch|p1a: Melmetal|Melmetal|100/100
|switch|p2a: Corviknight|Corviknight, M|100/100
|-ability|p2a: Corviknight|Pressure
|turn|1
|
|t:|1641834288
|move|p2a: Corviknight|U-turn|p1a: Melmetal
|-resisted|p1a: Melmetal
|-damage|p1a: Melmetal|96/100
|
|t:|1641834288
|switch|p2a: Seismitoad|Seismitoad, M|100/100|[from]move: U-turn
|move|p1a: Melmetal|Thunder Punch|p2a: Seismitoad
|-immune|p2a: Seismitoad
|
|upkeep
|turn|2
|
|t:|1641834297
|switch|p1a: Volcarona|Volcarona, M|100/100
|move|p2a: Seismitoad|Earthquake|p1a: Volcarona
|-damage|p1a: Volcarona|69/100
|
|upkeep
|turn|3
|
|t:|1641834304
|switch|p2a: Gyarados|Gyarados, F|100/100
|move|p1a: Volcarona|Quiver Dance|p1a: Volcarona
|-boost|p1a: Volcarona|spa|1
|-boost|p1a: Volcarona|spd|1
|-boost|p1a: Volcarona|spe|1
|
|upkeep
|turn|4
|
|t:|1641834306
|move|p1a: Volcarona|Toxic|p2a: Gyarados|[miss]
|-miss|p1a: Volcarona|p2a: Gyarados
|move|p2a: Gyarados|Waterfall|p1a: Volcarona
|-supereffective|p1a: Volcarona
|-damage|p1a: Volcarona|0 fnt
|faint|p1a: Volcarona
|-ability|p2a: Gyarados|Moxie|boost
|-boost|p2a: Gyarados|atk|1
|
|upkeep
|
|t:|1641834317
|switch|p1a: Zapdos|Zapdos|100/100
|turn|5
|
|t:|1641834322
|switch|p2a: Clefable|Clefable, F|100/100
|switch|p1a: Kommo-o|Kommo-o, F|100/100
|
|upkeep
|turn|6
|inactive|wridyl has 120 seconds left.
|
|t:|1641834360
|move|p1a: Kommo-o|Substitute|p1a: Kommo-o
|-start|p1a: Kommo-o|Substitute
|-damage|p1a: Kommo-o|75/100
|move|p2a: Clefable|Moonblast|p1a: Kommo-o
|-supereffective|p1a: Kommo-o
|-end|p1a: Kommo-o|Substitute
|
|upkeep
|turn|7
|inactive|wridyl has 120 seconds left.
|
|t:|1641834371
|switch|p1a: Melmetal|Melmetal|96/100
|move|p2a: Clefable|Moonblast|p1a: Melmetal
|-resisted|p1a: Melmetal
|-damage|p1a: Melmetal|89/100
|
|upkeep
|turn|8
|
|t:|1641834375
|switch|p2a: Seismitoad|Seismitoad, M|100/100
|move|p1a: Melmetal|Double Iron Bash|p2a: Seismitoad
|-resisted|p2a: Seismitoad
|-damage|p2a: Seismitoad|88/100
|-resisted|p2a: Seismitoad
|-damage|p2a: Seismitoad|75/100
|-hitcount|p2a: Seismitoad|2
|
|-heal|p2a: Seismitoad|81/100|[from] item: Leftovers
|upkeep
|turn|9
|
|t:|1641834388
|switch|p1a: Dragapult|Dragapult, M|100/100
|move|p2a: Seismitoad|Stealth Rock|p1a: Dragapult
|-sidestart|p1: wridyl|move: Stealth Rock
|
|-heal|p2a: Seismitoad|87/100|[from] item: Leftovers
|upkeep
|turn|10
|
|t:|1641834398
|switch|p2a: Clefable|Clefable, F|100/100
|move|p1a: Dragapult|Shadow Ball|p2a: Clefable
|-damage|p2a: Clefable|58/100
|-unboost|p2a: Clefable|spd|1
|
|-heal|p2a: Clefable|64/100|[from] item: Leftovers
|upkeep
|turn|11
|
|t:|1641834402
|move|p1a: Dragapult|Shadow Ball|p2a: Clefable
|-damage|p2a: Clefable|0 fnt
|faint|p2a: Clefable
|
|upkeep
|
|t:|1641834402
|switch|p2a: Hydreigon|Hydreigon, M|100/100
|turn|12
|
|t:|1641834410
|switch|p1a: Melmetal|Melmetal|89/100
|-damage|p1a: Melmetal|83/100|[from] Stealth Rock
|move|p2a: Hydreigon|Draco Meteor|p1a: Melmetal|[miss]
|-miss|p2a: Hydreigon|p1a: Melmetal
|
|upkeep
|turn|13
|
|t:|1641834412
|switch|p2a: Seismitoad|Seismitoad, M|87/100
|move|p1a: Melmetal|Ice Punch|p2a: Seismitoad
|-damage|p2a: Seismitoad|64/100
|
|-heal|p2a: Seismitoad|70/100|[from] item: Leftovers
|upkeep
|turn|14
|
|t:|1641834422
|switch|p1a: Zapdos|Zapdos|100/100
|move|p2a: Seismitoad|Toxic|p1a: Zapdos
|-status|p1a: Zapdos|tox
|
|-heal|p2a: Seismitoad|76/100|[from] item: Leftovers
|-damage|p1a: Zapdos|94/100 tox|[from] psn
|upkeep
|turn|15
|
|t:|1641834425
|move|p1a: Zapdos|Defog|p2a: Seismitoad
|-unboost|p2a: Seismitoad|evasion|1
|-sideend|p1: wridyl|Stealth Rock|[from] move: Defog|[of] p1a: Zapdos
|move|p2a: Seismitoad|Scald|p1a: Zapdos
|-crit|p1a: Zapdos
|-damage|p1a: Zapdos|58/100 tox
|
|-heal|p2a: Seismitoad|82/100|[from] item: Leftovers
|-damage|p1a: Zapdos|46/100 tox|[from] psn
|upkeep
|turn|16
|
|t:|1641834429
|move|p1a: Zapdos|Hurricane|p2a: Seismitoad
|-damage|p2a: Seismitoad|33/100
|move|p2a: Seismitoad|Toxic|p1a: Zapdos
|-fail|p1a: Zapdos|tox
|
|-heal|p2a: Seismitoad|39/100|[from] item: Leftovers
|-damage|p1a: Zapdos|28/100 tox|[from] psn
|upkeep
|turn|17
|
|t:|1641834431
|switch|p2a: Hydreigon|Hydreigon, M|100/100
|move|p1a: Zapdos|Hurricane|p2a: Hydreigon
|-damage|p2a: Hydreigon|50/100
|
|-damage|p1a: Zapdos|4/100 tox|[from] psn
|upkeep
|turn|18
|
|t:|1641834436
|move|p2a: Hydreigon|Draco Meteor|p1a: Zapdos
|-damage|p1a: Zapdos|0 fnt
|-unboost|p2a: Hydreigon|spa|2
|faint|p1a: Zapdos
|
|upkeep
|
|t:|1641834438
|switch|p1a: Kommo-o|Kommo-o, F|75/100
|turn|19
|
|t:|1641834444
|move|p2a: Hydreigon|Draco Meteor|p1a: Kommo-o
|-supereffective|p1a: Kommo-o
|-damage|p1a: Kommo-o|8/100
|-unboost|p2a: Hydreigon|spa|2
|-enditem|p1a: Kommo-o|Salac Berry|[eat]
|-boost|p1a: Kommo-o|spe|1|[from] item: Salac Berry
|move|p1a: Kommo-o|Belly Drum||[still]
|-fail|p1a: Kommo-o
|
|upkeep
|turn|20
|
|t:|1641834448
|move|p2a: Hydreigon|Draco Meteor|p1a: Kommo-o
|-supereffective|p1a: Kommo-o
|-damage|p1a: Kommo-o|0 fnt
|-unboost|p2a: Hydreigon|spa|2
|faint|p1a: Kommo-o
|
|upkeep
|
|t:|1641834457
|switch|p1a: Melmetal|Melmetal|83/100
|turn|21
|
|t:|1641834462
|switch|p2a: Corviknight|Corviknight, M|100/100
|-ability|p2a: Corviknight|Pressure
|move|p1a: Melmetal|Ice Punch|p2a: Corviknight
|-damage|p2a: Corviknight|80/100
|-status|p2a: Corviknight|frz
|
|-heal|p2a: Corviknight|87/100 frz|[from] item: Leftovers
|upkeep
|turn|22
|
|t:|1641834465
|-curestatus|p2a: Corviknight|frz|[msg]
|move|p2a: Corviknight|U-turn|p1a: Melmetal
|-resisted|p1a: Melmetal
|-damage|p1a: Melmetal|79/100
|
|t:|1641834466
|switch|p2a: rotomheat|Rotom-Heat|100/100|[from]move: U-turn
|move|p1a: Melmetal|Thunder Punch|p2a: rotomheat
|-resisted|p2a: rotomheat
|-damage|p2a: rotomheat|80/100
|
|upkeep
|turn|23
|
|t:|1641834482
|switch|p1a: Dragapult|Dragapult, M|100/100
|move|p2a: rotomheat|Overheat|p1a: Dragapult
|-resisted|p1a: Dragapult
|-damage|p1a: Dragapult|61/100
|-unboost|p2a: rotomheat|spa|2
|
|upkeep
|turn|24
|
|t:|1641834492
|switch|p2a: Gyarados|Gyarados, F|100/100
|move|p1a: Dragapult|Hydro Pump|p2a: Gyarados
|-resisted|p2a: Gyarados
|-damage|p2a: Gyarados|77/100
|
|-heal|p2a: Gyarados|83/100|[from] item: Leftovers
|upkeep
|turn|25
|
|t:|1641834496
|switch|p1a: Melmetal|Melmetal|79/100
|move|p2a: Gyarados|Waterfall|p1a: Melmetal
|-damage|p1a: Melmetal|55/100
|
|-heal|p2a: Gyarados|89/100|[from] item: Leftovers
|upkeep
|turn|26
|
|t:|1641834498
|switch|p2a: Corviknight|Corviknight, M|87/100
|-ability|p2a: Corviknight|Pressure
|move|p1a: Melmetal|Thunder Punch|p2a: Corviknight
|-supereffective|p2a: Corviknight
|-damage|p2a: Corviknight|46/100
|
|-heal|p2a: Corviknight|52/100|[from] item: Leftovers
|upkeep
|turn|27
|
|t:|1641834502
|move|p2a: Corviknight|Roost|p2a: Corviknight
|-heal|p2a: Corviknight|100/100
|-singleturn|p2a: Corviknight|move: Roost
|move|p1a: Melmetal|Thunder Punch|p2a: Corviknight
|-damage|p2a: Corviknight|79/100
|
|-heal|p2a: Corviknight|85/100|[from] item: Leftovers
|upkeep
|turn|28
|
|t:|1641834508
|move|p2a: Corviknight|Brave Bird|p1a: Melmetal
|-resisted|p1a: Melmetal
|-damage|p1a: Melmetal|44/100
|-damage|p2a: Corviknight|81/100|[from] Recoil
|move|p1a: Melmetal|Thunder Punch|p2a: Corviknight
|-supereffective|p2a: Corviknight
|-damage|p2a: Corviknight|42/100
|
|-heal|p2a: Corviknight|48/100|[from] item: Leftovers
|upkeep
|turn|29
|
|t:|1641834510
|move|p2a: Corviknight|Roost|p2a: Corviknight
|-heal|p2a: Corviknight|98/100
|-singleturn|p2a: Corviknight|move: Roost
|move|p1a: Melmetal|Earthquake|p2a: Corviknight
|-supereffective|p2a: Corviknight
|-damage|p2a: Corviknight|52/100
|
|-heal|p2a: Corviknight|58/100|[from] item: Leftovers
|upkeep
|turn|30
|
|t:|1641834513
|move|p2a: Corviknight|Roost|p2a: Corviknight
|-heal|p2a: Corviknight|100/100
|-singleturn|p2a: Corviknight|move: Roost
|move|p1a: Melmetal|Thunder Punch|p2a: Corviknight
|-damage|p2a: Corviknight|80/100
|
|-heal|p2a: Corviknight|87/100|[from] item: Leftovers
|upkeep
|turn|31
|-message|wridyl forfeited.
|
|win|DumbLick1337
|raw|wridyl's rating: 1354 &rarr; <strong>1332</strong><br />(-22 for losing)
|raw|DumbLick1337's rating: 1322 &rarr; <strong>1344</strong><br />(+22 for winning)
|c|☆DumbLick1337|gg
|l|☆wridyl
