|j|☆Canned mushrooms
|j|☆chinmaydagod
|t:|1641744868
|gametype|singles
|player|p1|Canned mushrooms|hiker|1471
|player|p2|chinmaydagod|170|1526
|teamsize|p1|6
|teamsize|p2|6
|gen|8
|tier|[Gen 8] OU
|rated|
|rule|Sleep Clause Mod: Limit one foe put to sleep
|rule|Species Clause: Limit one of each Pokémon
|rule|OHKO Clause: OHKO moves are banned
|rule|Evasion Moves Clause: Evasion moves are banned
|rule|Endless Battle Clause: Forcing endless battles is banned
|rule|HP Percentage Mod: HP is shown in percentages
|rule|Dynamax Clause: You cannot dynamax
|clearpoke
|poke|p1|Cobalion|
|poke|p1|Clefable, F|
|poke|p1|Tentacruel, M|
|poke|p1|Landorus-Therian, M|
|poke|p1|Zapdos|
|poke|p1|Ditto|
|poke|p2|Kommo-o, M|
|poke|p2|Volcarona, F|
|poke|p2|Dragapult, F|
|poke|p2|Zapdos|
|poke|p2|Melmetal|
|poke|p2|Landorus-Therian, M|
|teampreview
|
|t:|1641744895
|start
|switch|p1a: Cobalion|Cobalion, shiny|100/100
|switch|p2a: Dragapult|Dragapult, F|100/100
|turn|1
|
|t:|1641744904
|move|p2a: Dragapult|Shadow Ball|p1a: Cobalion
|-crit|p1a: Cobalion
|-damage|p1a: Cobalion|9/100
|move|p1a: Cobalion|Stealth Rock|p2a: Dragapult
|-sidestart|p2: chinmaydagod|move: Stealth Rock
|
|upkeep
|turn|2
|
|t:|1641744913
|switch|p1a: Tentacruel|Tentacruel, M|100/100
|move|p2a: Dragapult|Shadow Ball|p1a: Tentacruel
|-damage|p1a: Tentacruel|57/100
|
|upkeep
|turn|3
|
|t:|1641744919
|switch|p2a: Zapdos|Zapdos|100/100
|move|p1a: Tentacruel|Knock Off|p2a: Zapdos
|-damage|p2a: Zapdos|89/100
|-enditem|p2a: Zapdos|Heavy-Duty Boots|[from] move: Knock Off|[of] p1a: Tentacruel
|
|upkeep
|turn|4
|
|t:|1641744929
|switch|p1a: Zapdos|Zapdos|100/100
|move|p2a: Zapdos|Defog|p1a: Zapdos
|-unboost|p1a: Zapdos|evasion|1
|-sideend|p2: chinmaydagod|Stealth Rock|[from] move: Defog|[of] p2a: Zapdos
|
|upkeep
|turn|5
|
|t:|1641744937
|move|p1a: Zapdos|Thunderbolt|p2a: Zapdos
|-damage|p2a: Zapdos|19/100
|move|p2a: Zapdos|Volt Switch|p1a: Zapdos
|-damage|p1a: Zapdos|66/100
|
|t:|1641744941
|switch|p2a: Landorus|Landorus-Therian, M|100/100|[from]move: Volt Switch
|-ability|p2a: Landorus|Intimidate|boost
|-unboost|p1a: Zapdos|atk|1
|
|upkeep
|turn|6
|
|t:|1641744951
|switch|p1a: Landorus|Landorus-Therian, M|100/100
|-ability|p1a: Landorus|Intimidate|boost
|-unboost|p2a: Landorus|atk|1
|move|p2a: Landorus|Stealth Rock|p1a: Landorus
|-sidestart|p1: Canned mushrooms|move: Stealth Rock
|
|upkeep
|turn|7
|
|t:|1641744958
|move|p1a: Landorus|U-turn|p2a: Landorus
|-resisted|p2a: Landorus
|-damage|p2a: Landorus|89/100
|
|t:|1641744968
|switch|p1a: Ditto|Ditto, shiny|100/100|[from]move: U-turn
|-damage|p1a: Ditto|88/100|[from] Stealth Rock
|-transform|p1a: Ditto|p2a: Landorus|[from] ability: Imposter
|-ability|p1a: Ditto|Intimidate|boost
|-unboost|p2a: Landorus|atk|1
|move|p2a: Landorus|Toxic|p1a: Ditto
|-status|p1a: Ditto|tox
|
|-heal|p2a: Landorus|95/100|[from] item: Leftovers
|-damage|p1a: Ditto|82/100 tox|[from] psn
|upkeep
|turn|8
|
|t:|1641744980
|move|p1a: Ditto|Toxic|p2a: Landorus
|-status|p2a: Landorus|tox
|move|p2a: Landorus|U-turn|p1a: Ditto
|-resisted|p1a: Ditto
|-damage|p1a: Ditto|77/100 tox
|
|t:|1641744983
|switch|p2a: Melmetal|Melmetal|100/100|[from]move: U-turn
|
|-damage|p1a: Ditto|65/100 tox|[from] psn
|upkeep
|turn|9
|
|t:|1641744990
|switch|p1a: Cobalion|Cobalion, shiny|9/100
|-damage|p1a: Cobalion|5/100|[from] Stealth Rock
|move|p2a: Melmetal|Earthquake|p1a: Cobalion
|-supereffective|p1a: Cobalion
|-damage|p1a: Cobalion|0 fnt
|faint|p1a: Cobalion
|
|upkeep
|
|t:|1641744999
|switch|p1a: Zapdos|Zapdos|66/100
|-damage|p1a: Zapdos|41/100|[from] Stealth Rock
|turn|10
|
|t:|1641745006
|move|p1a: Zapdos|Heat Wave|p2a: Melmetal
|-supereffective|p2a: Melmetal
|-damage|p2a: Melmetal|55/100
|move|p2a: Melmetal|Ice Punch|p1a: Zapdos
|-supereffective|p1a: Zapdos
|-damage|p1a: Zapdos|0 fnt
|faint|p1a: Zapdos
|
|upkeep
|
|t:|1641745014
|switch|p1a: Landorus|Landorus-Therian, M|100/100
|-damage|p1a: Landorus|88/100|[from] Stealth Rock
|-ability|p1a: Landorus|Intimidate|boost
|-unboost|p2a: Melmetal|atk|1
|turn|11
|
|t:|1641745020
|switch|p2a: Landorus|Landorus-Therian, M|95/100 tox
|-ability|p2a: Landorus|Intimidate|boost
|-unboost|p1a: Landorus|atk|1
|move|p1a: Landorus|Knock Off|p2a: Landorus
|-damage|p2a: Landorus|75/100 tox
|-enditem|p2a: Landorus|Leftovers|[from] move: Knock Off|[of] p1a: Landorus
|
|-damage|p2a: Landorus|69/100 tox|[from] psn
|upkeep
|turn|12
|
|t:|1641745029
|switch|p1a: Clefable|Clefable, F|100/100
|move|p2a: Landorus|U-turn|p1a: Clefable
|-resisted|p1a: Clefable
|-damage|p1a: Clefable|88/100
|
|t:|1641745036
|switch|p2a: Melmetal|Melmetal|55/100|[from]move: U-turn
|
|upkeep
|turn|13
|
|t:|1641745042
|switch|p1a: Ditto|Ditto, shiny|65/100 tox
|-damage|p1a: Ditto|53/100 tox|[from] Stealth Rock
|-transform|p1a: Ditto|p2a: Melmetal|[from] ability: Imposter
|move|p2a: Melmetal|Double Iron Bash|p1a: Ditto
|-resisted|p1a: Ditto
|-damage|p1a: Ditto|36/100 tox
|-resisted|p1a: Ditto
|-damage|p1a: Ditto|22/100 tox
|-hitcount|p1a: Ditto|2
|
|-damage|p1a: Ditto|16/100 tox|[from] psn
|upkeep
|turn|14
|
|t:|1641745060
|switch|p2a: Volcarona|Volcarona, F|100/100
|move|p1a: Ditto|Double Iron Bash|p2a: Volcarona
|-resisted|p2a: Volcarona
|-damage|p2a: Volcarona|85/100
|-resisted|p2a: Volcarona
|-damage|p2a: Volcarona|66/100
|-hitcount|p2a: Volcarona|2
|
|-damage|p1a: Ditto|4/100 tox|[from] psn
|upkeep
|turn|15
|
|t:|1641745069
|move|p2a: Volcarona|Roost|p2a: Volcarona
|-heal|p2a: Volcarona|100/100
|-singleturn|p2a: Volcarona|move: Roost
|move|p1a: Ditto|Double Iron Bash|p2a: Volcarona
|-resisted|p2a: Volcarona
|-damage|p2a: Volcarona|84/100
|-resisted|p2a: Volcarona
|-damage|p2a: Volcarona|68/100
|-hitcount|p2a: Volcarona|2
|
|-damage|p1a: Ditto|0 fnt|[from] psn
|faint|p1a: Ditto
|upkeep
|-message|Canned mushrooms forfeited.
|
|win|chinmaydagod
|raw|Canned mushrooms's rating: 1471 &rarr; <strong>1454</strong><br />(-17 for losing)
|raw|chinmaydagod's rating: 1526 &rarr; <strong>1543</strong><br />(+17 for winning)
|l|☆Canned mushrooms
