|j|‽testingbot42o
|j|☆leoroop
|t:|1641831823
|gametype|singles
|player|p1|testingbot42o|102|1370
|player|p2|leoroop|backpacker|1327
|teamsize|p1|6
|teamsize|p2|6
|gen|8
|tier|[Gen 8] OU
|rated|
|rule|Sleep Clause Mod: Limit one foe put to sleep
|rule|Species Clause: Limit one of each Pokémon
|rule|OHKO Clause: OHKO moves are banned
|rule|Evasion Moves Clause: Evasion moves are banned
|rule|Endless Battle Clause: Forcing endless battles is banned
|rule|HP Percentage Mod: HP is shown in percentages
|rule|Dynamax Clause: You cannot dynamax
|clearpoke
|poke|p1|Clefable, M|
|poke|p1|Corviknight, M|
|poke|p1|Hydreigon, M|
|poke|p1|Rotom-Wash|
|poke|p1|Hippowdon, M|
|poke|p1|Excadrill, F|
|poke|p2|Crustle, M|
|poke|p2|Tyranitar, F|
|poke|p2|Cradily, F|
|poke|p2|Lycanroc, F|
|poke|p2|Nihilego|
|poke|p2|Barbaracle, F|
|teampreview
|inactive|Battle timer is ON: inactive players will automatically lose when time's up. (requested by testingbot42o)
|
|t:|1641831830
|start
|switch|p1a: Clefable|Clefable, M|100/100
|switch|p2a: Barbaracle|Barbaracle, F|100/100
|turn|1
|
|t:|1641831841
|move|p2a: Barbaracle|Shell Smash|p2a: Barbaracle
|-unboost|p2a: Barbaracle|def|1
|-unboost|p2a: Barbaracle|spd|1
|-boost|p2a: Barbaracle|atk|2
|-boost|p2a: Barbaracle|spa|2
|-boost|p2a: Barbaracle|spe|2
|move|p1a: Clefable|Thunderbolt|p2a: Barbaracle
|-supereffective|p2a: Barbaracle
|-enditem|p2a: Barbaracle|Focus Sash
|-damage|p2a: Barbaracle|1/100
|
|upkeep
|turn|2
|
|t:|1641831851
|move|p2a: Barbaracle|Liquidation|p1a: Clefable
|-damage|p1a: Clefable|0 fnt
|faint|p1a: Clefable
|
|upkeep
|
|t:|1641831851
|switch|p1a: Corviknight|Corviknight, M|100/100
|-ability|p1a: Corviknight|Pressure
|turn|3
|
|t:|1641831859
|move|p2a: Barbaracle|Liquidation|p1a: Corviknight
|-damage|p1a: Corviknight|16/100
|-unboost|p1a: Corviknight|def|1
|move|p1a: Corviknight|Brave Bird|p2a: Barbaracle
|-resisted|p2a: Barbaracle
|-damage|p2a: Barbaracle|0 fnt
|faint|p2a: Barbaracle
|-damage|p1a: Corviknight|16/100|[from] Recoil
|
|-heal|p1a: Corviknight|22/100|[from] item: Leftovers
|upkeep
|
|t:|1641831879
|switch|p2a: Tyranitar|Tyranitar, F|100/100
|-weather|Sandstorm|[from] ability: Sand Stream|[of] p2a: Tyranitar
|turn|4
|
|t:|1641831883
|switch|p1a: Hippowdon|Hippowdon, M|100/100
|move|p2a: Tyranitar|Fire Blast|p1a: Hippowdon
|-damage|p1a: Hippowdon|72/100
|
|-weather|Sandstorm|[upkeep]
|upkeep
|turn|5
|
|t:|1641831892
|switch|p2a: Cradily|Cradily, F|100/100
|move|p1a: Hippowdon|Stealth Rock|p2a: Cradily
|-sidestart|p2: leoroop|move: Stealth Rock
|
|-weather|Sandstorm|[upkeep]
|upkeep
|turn|6
|
|t:|1641831899
|switch|p1a: Excadrill|Excadrill, F|100/100
|move|p2a: Cradily|Leech Seed|p1a: Excadrill
|-start|p1a: Excadrill|move: Leech Seed
|
|-weather|Sandstorm|[upkeep]
|-damage|p1a: Excadrill|88/100|[from] Leech Seed|[of] p2a: Cradily
|upkeep
|turn|7
|
|t:|1641831909
|move|p1a: Excadrill|Iron Head|p2a: Cradily
|-supereffective|p2a: Cradily
|-damage|p2a: Cradily|26/100
|-damage|p1a: Excadrill|71/100|[from] item: Rocky Helmet|[of] p2a: Cradily
|-damage|p1a: Excadrill|61/100|[from] item: Life Orb
|cant|p2a: Cradily|flinch
|
|-weather|Sandstorm|[upkeep]
|-damage|p1a: Excadrill|49/100|[from] Leech Seed|[of] p2a: Cradily
|-heal|p2a: Cradily|38/100|[silent]
|upkeep
|turn|8
|
|t:|1641831925
|move|p1a: Excadrill|Earthquake|p2a: Cradily
|-damage|p2a: Cradily|0 fnt
|faint|p2a: Cradily
|-damage|p1a: Excadrill|39/100|[from] item: Life Orb
|
|-weather|Sandstorm|[upkeep]
|upkeep
|
|t:|1641831933
|switch|p2a: Crustle|Crustle, M|100/100
|-damage|p2a: Crustle|75/100|[from] Stealth Rock
|turn|9
|
|t:|1641831939
|move|p1a: Excadrill|Iron Head|p2a: Crustle
|-supereffective|p2a: Crustle
|-damage|p2a: Crustle|3/100
|-damage|p1a: Excadrill|22/100|[from] item: Rocky Helmet|[of] p2a: Crustle
|-damage|p1a: Excadrill|12/100|[from] item: Life Orb
|move|p2a: Crustle|Stealth Rock|p1a: Excadrill
|-sidestart|p1: testingbot42o|move: Stealth Rock
|
|-weather|Sandstorm|[upkeep]
|-damage|p1a: Excadrill|0 fnt|[from] Leech Seed|[of] p2a: Crustle
|-heal|p2a: Crustle|15/100|[silent]
|faint|p1a: Excadrill
|upkeep
|
|t:|1641831940
|switch|p1a: Hippowdon|Hippowdon, M|72/100
|-damage|p1a: Hippowdon|65/100|[from] Stealth Rock
|turn|10
|
|t:|1641831955
|move|p1a: Hippowdon|Slack Off|p1a: Hippowdon
|-heal|p1a: Hippowdon|100/100
|move|p2a: Crustle|Toxic|p1a: Hippowdon
|-status|p1a: Hippowdon|tox
|
|-weather|Sandstorm|[upkeep]
|-damage|p1a: Hippowdon|94/100 tox|[from] psn
|upkeep
|turn|11
|
|t:|1641831964
|move|p1a: Hippowdon|Earthquake|p2a: Crustle
|-damage|p2a: Crustle|0 fnt
|faint|p2a: Crustle
|
|-weather|none
|-damage|p1a: Hippowdon|82/100 tox|[from] psn
|upkeep
|
|t:|1641831972
|switch|p2a: Tyranitar|Tyranitar, F|100/100
|-damage|p2a: Tyranitar|88/100|[from] Stealth Rock
|-weather|Sandstorm|[from] ability: Sand Stream|[of] p2a: Tyranitar
|turn|12
|
|t:|1641831978
|move|p1a: Hippowdon|Earthquake|p2a: Tyranitar
|-supereffective|p2a: Tyranitar
|-damage|p2a: Tyranitar|33/100
|move|p2a: Tyranitar|Ice Beam|p1a: Hippowdon
|-supereffective|p1a: Hippowdon
|-damage|p1a: Hippowdon|34/100 tox
|
|-weather|Sandstorm|[upkeep]
|-damage|p1a: Hippowdon|15/100 tox|[from] psn
|upkeep
|turn|13
|
|t:|1641831988
|switch|p1a: Rotom|Rotom-Wash|100/100
|-damage|p1a: Rotom|88/100|[from] Stealth Rock
|move|p2a: Tyranitar|Ice Beam|p1a: Rotom
|-resisted|p1a: Rotom
|-damage|p1a: Rotom|74/100
|
|-weather|Sandstorm|[upkeep]
|-damage|p1a: Rotom|68/100|[from] Sandstorm
|upkeep
|turn|14
|
|t:|1641831999
|switch|p2a: Dihego|Nihilego|100/100
|-damage|p2a: Dihego|88/100|[from] Stealth Rock
|move|p1a: Rotom|Hydro Pump|p2a: Dihego
|-supereffective|p2a: Dihego
|-damage|p2a: Dihego|41/100
|
|-weather|Sandstorm|[upkeep]
|-damage|p1a: Rotom|62/100|[from] Sandstorm
|upkeep
|turn|15
|
|t:|1641832010
|move|p1a: Rotom|Hydro Pump|p2a: Dihego
|-supereffective|p2a: Dihego
|-damage|p2a: Dihego|0 fnt
|faint|p2a: Dihego
|
|-weather|Sandstorm|[upkeep]
|-damage|p1a: Rotom|56/100|[from] Sandstorm
|upkeep
|
|t:|1641832026
|switch|p2a: Lysa|Lycanroc, F, shiny|100/100
|-damage|p2a: Lysa|88/100|[from] Stealth Rock
|turn|16
|
|t:|1641832031
|switch|p1a: Hippowdon|Hippowdon, M|15/100 tox
|-damage|p1a: Hippowdon|9/100 tox|[from] Stealth Rock
|move|p2a: Lysa|Close Combat|p1a: Hippowdon
|-damage|p1a: Hippowdon|0 fnt
|-unboost|p2a: Lysa|def|1
|-unboost|p2a: Lysa|spd|1
|faint|p1a: Hippowdon
|-damage|p2a: Lysa|78/100|[from] item: Life Orb
|
|-weather|Sandstorm|[upkeep]
|upkeep
|
|t:|1641832031
|switch|p1a: Corviknight|Corviknight, M|22/100
|-damage|p1a: Corviknight|10/100|[from] Stealth Rock
|-ability|p1a: Corviknight|Pressure
|turn|17
|
|t:|1641832049
|move|p2a: Lysa|Close Combat|p1a: Corviknight
|-damage|p1a: Corviknight|0 fnt
|-unboost|p2a: Lysa|def|1
|-unboost|p2a: Lysa|spd|1
|faint|p1a: Corviknight
|-damage|p2a: Lysa|68/100|[from] item: Life Orb
|
|-weather|Sandstorm|[upkeep]
|upkeep
|
|t:|1641832049
|switch|p1a: Rotom|Rotom-Wash|56/100
|-damage|p1a: Rotom|44/100|[from] Stealth Rock
|turn|18
|
|t:|1641832061
|move|p2a: Lysa|Close Combat|p1a: Rotom
|-damage|p1a: Rotom|0 fnt
|-unboost|p2a: Lysa|def|1
|-unboost|p2a: Lysa|spd|1
|faint|p1a: Rotom
|-damage|p2a: Lysa|58/100|[from] item: Life Orb
|
|-weather|Sandstorm|[upkeep]
|upkeep
|
|t:|1641832061
|switch|p1a: Hydreigon|Hydreigon, M|100/100
|-damage|p1a: Hydreigon|88/100|[from] Stealth Rock
|turn|19
|
|t:|1641832072
|move|p2a: Lysa|Close Combat|p1a: Hydreigon
|-supereffective|p1a: Hydreigon
|-damage|p1a: Hydreigon|0 fnt
|-unboost|p2a: Lysa|def|1
|-unboost|p2a: Lysa|spd|1
|faint|p1a: Hydreigon
|-damage|p2a: Lysa|48/100|[from] item: Life Orb
|
|win|leoroop
|raw|testingbot42o's rating: 1370 &rarr; <strong>1348</strong><br />(-22 for losing)
|raw|leoroop's rating: 1327 &rarr; <strong>1349</strong><br />(+22 for winning)
|l|‽testingbot42o
|l|☆leoroop
|j|☆leoroop
|player|p2|leoroop|backpacker
||Ladder isn't responding, score probably updated but might not have (Request timeout).
