|j|☆Hatersmad
|j|☆ko_NBNBNB
|t:|1641787588
|gametype|singles
|player|p1|Hatersmad|2|1424
|player|p2|ko_NBNBNB|265|1379
|teamsize|p1|6
|teamsize|p2|6
|gen|8
|tier|[Gen 8] OU
|rated|
|rule|Sleep Clause Mod: Limit one foe put to sleep
|rule|Species Clause: Limit one of each Pokémon
|rule|OHKO Clause: OHKO moves are banned
|rule|Evasion Moves Clause: Evasion moves are banned
|rule|Endless Battle Clause: Forcing endless battles is banned
|rule|HP Percentage Mod: HP is shown in percentages
|rule|Dynamax Clause: You cannot dynamax
|clearpoke
|poke|p1|Slowking-Galar, F|
|poke|p1|Weavile, F|
|poke|p1|Magnezone|
|poke|p1|Garchomp, M|
|poke|p1|Corviknight, M|
|poke|p1|Urshifu-*, F|
|poke|p2|Victini|
|poke|p2|Tapu Koko|
|poke|p2|Volcarona, F|
|poke|p2|Landorus-Therian, M|
|poke|p2|Tornadus-Therian, M|
|poke|p2|Tapu Fini|
|teampreview
|inactive|Battle timer is ON: inactive players will automatically lose when time's up. (requested by ko_NBNBNB)
|
|t:|1641787601
|start
|switch|p1a: Garchomp|Garchomp, M, shiny|100/100
|switch|p2a: Landorus|Landorus-Therian, M|100/100
|-ability|p2a: Landorus|Intimidate|boost
|-unboost|p1a: Garchomp|atk|1
|turn|1
|
|t:|1641787618
|move|p1a: Garchomp|Toxic|p2a: Landorus
|-status|p2a: Landorus|tox
|move|p2a: Landorus|Toxic|p1a: Garchomp
|-status|p1a: Garchomp|tox
|
|-damage|p1a: Garchomp|94/100 tox|[from] psn
|-damage|p2a: Landorus|94/100 tox|[from] psn
|upkeep
|turn|2
|inactive|ko_NBNBNB has 120 seconds left.
|inactive|ko_NBNBNB has 90 seconds left.
|inactive|ko_NBNBNB has 60 seconds left.
|
|t:|1641787726
|switch|p1a: Corviknight|Corviknight, M, shiny|100/100
|-ability|p1a: Corviknight|Pressure
|move|p2a: Landorus|Stealth Rock|p1a: Corviknight
|-sidestart|p1: Hatersmad|move: Stealth Rock
|
|-heal|p2a: Landorus|100/100 tox|[from] item: Leftovers
|-damage|p2a: Landorus|88/100 tox|[from] psn
|upkeep
|turn|3
|
|t:|1641787737
|move|p2a: Landorus|U-turn|p1a: Corviknight
|-resisted|p1a: Corviknight
|-damage|p1a: Corviknight|97/100
|-damage|p2a: Landorus|72/100 tox|[from] item: Rocky Helmet|[of] p1a: Corviknight
|
|t:|1641787745
|switch|p2a: Tapu Koko|Tapu Koko|100/100|[from]move: U-turn
|-fieldstart|move: Electric Terrain|[from] ability: Electric Surge|[of] p2a: Tapu Koko
|move|p1a: Corviknight|Defog|p2a: Tapu Koko
|-unboost|p2a: Tapu Koko|evasion|1
|-sideend|p1: Hatersmad|Stealth Rock|[from] move: Defog|[of] p1a: Corviknight
|-fieldend|move: Electric Terrain
|
|upkeep
|turn|4
|inactive|ko_NBNBNB has 60 seconds left.
|
|t:|1641787756
|switch|p1a: Magnezone|Magnezone|100/100
|move|p2a: Tapu Koko|Dazzling Gleam|p1a: Magnezone
|-resisted|p1a: Magnezone
|-damage|p1a: Magnezone|69/100
|
|upkeep
|turn|5
|inactive|ko_NBNBNB has 60 seconds left.
|
|t:|1641787767
|switch|p2a: Landorus|Landorus-Therian, M|72/100 tox
|-ability|p2a: Landorus|Intimidate|boost
|-unboost|p1a: Magnezone|atk|1
|move|p1a: Magnezone|Flash Cannon|p2a: Landorus
|-damage|p2a: Landorus|0 fnt
|faint|p2a: Landorus
|
|upkeep
|
|t:|1641787774
|switch|p2a: Victini|Victini|100/100
|turn|6
|inactive|ko_NBNBNB has 60 seconds left.
|
|t:|1641787798
|switch|p1a: Garchomp|Garchomp, M, shiny|94/100 tox
|move|p2a: Victini|Final Gambit|p1a: Garchomp
|-damage|p1a: Garchomp|2/100 tox
|faint|p2a: Victini
|
|-heal|p1a: Garchomp|8/100 tox|[from] item: Leftovers
|-damage|p1a: Garchomp|2/100 tox|[from] psn
|upkeep
|
|t:|1641787804
|switch|p2a: Tapu Koko|Tapu Koko|100/100
|-fieldstart|move: Electric Terrain|[from] ability: Electric Surge|[of] p2a: Tapu Koko
|turn|7
|
|t:|1641787811
|switch|p1a: Magnezone|Magnezone|69/100
|move|p2a: Tapu Koko|Dazzling Gleam|p1a: Magnezone
|-resisted|p1a: Magnezone
|-damage|p1a: Magnezone|36/100
|
|upkeep
|turn|8
|
|t:|1641787814
|move|p2a: Tapu Koko|Dazzling Gleam|p1a: Magnezone
|-resisted|p1a: Magnezone
|-damage|p1a: Magnezone|5/100
|move|p1a: Magnezone|Flash Cannon|p2a: Tapu Koko
|-damage|p2a: Tapu Koko|0 fnt
|faint|p2a: Tapu Koko
|
|upkeep
|inactive|ko_NBNBNB has 60 seconds left.
|
|t:|1641787827
|switch|p2a: Tornadus|Tornadus-Therian, M|100/100
|turn|9
|
|t:|1641787834
|switch|p1a: Slowking|Slowking-Galar, F, shiny|100/100
|move|p2a: Tornadus|Knock Off|p1a: Slowking
|-supereffective|p1a: Slowking
|-damage|p1a: Slowking|51/100
|-enditem|p1a: Slowking|Assault Vest|[from] move: Knock Off|[of] p2a: Tornadus
|
|upkeep
|turn|10
|
|t:|1641787844
|move|p2a: Tornadus|Hurricane|p1a: Slowking
|-damage|p1a: Slowking|23/100
|move|p1a: Slowking|Future Sight|p2a: Tornadus
|-start|p1a: Slowking|move: Future Sight
|
|upkeep
|turn|11
|
|t:|1641787853
|switch|p1a: Corviknight|Corviknight, M, shiny|97/100
|-ability|p1a: Corviknight|Pressure
|move|p2a: Tornadus|U-turn|p1a: Corviknight
|-resisted|p1a: Corviknight
|-damage|p1a: Corviknight|95/100
|-damage|p2a: Tornadus|84/100|[from] item: Rocky Helmet|[of] p1a: Corviknight
|
|t:|1641787857
|switch|p2a: Volcarona|Volcarona, F|100/100|[from]move: U-turn
|
|-fieldend|move: Electric Terrain
|upkeep
|turn|12
|inactive|ko_NBNBNB has 90 seconds left.
|
|t:|1641787868
|switch|p2a: Tapu Fini|Tapu Fini|100/100
|-fieldstart|move: Misty Terrain|[from] ability: Misty Surge|[of] p2a: Tapu Fini
|move|p1a: Corviknight|Brave Bird|p2a: Tapu Fini
|-damage|p2a: Tapu Fini|71/100
|-damage|p1a: Corviknight|86/100|[from] Recoil
|
|-end|p2a: Tapu Fini|move: Future Sight
|-damage|p2a: Tapu Fini|31/100
|-heal|p2a: Tapu Fini|37/100|[from] item: Leftovers
|upkeep
|turn|13
|inactive|ko_NBNBNB has 90 seconds left.
|
|t:|1641787878
|move|p2a: Tapu Fini|Nature's Madness|p1a: Corviknight
|-damage|p1a: Corviknight|43/100
|move|p1a: Corviknight|U-turn|p2a: Tapu Fini
|-resisted|p2a: Tapu Fini
|-damage|p2a: Tapu Fini|31/100
|
|t:|1641787886
|switch|p1a: Slowking|Slowking-Galar, F, shiny|56/100|[from]move: U-turn
|
|-heal|p2a: Tapu Fini|37/100|[from] item: Leftovers
|upkeep
|turn|14
|
|t:|1641787892
|switch|p2a: Tornadus|Tornadus-Therian, M|100/100
|move|p1a: Slowking|Sludge Bomb|p2a: Tornadus
|-damage|p2a: Tornadus|72/100
|
|upkeep
|turn|15
|
|t:|1641787896
|move|p2a: Tornadus|U-turn|p1a: Slowking
|-damage|p1a: Slowking|39/100
|
|t:|1641787898
|switch|p2a: Volcarona|Volcarona, F|100/100|[from]move: U-turn
|move|p1a: Slowking|Future Sight|p2a: Volcarona
|-start|p1a: Slowking|move: Future Sight
|
|upkeep
|turn|16
|
|t:|1641787902
|switch|p1a: Urshifu|Urshifu-Rapid-Strike, F|100/100
|move|p2a: Volcarona|Quiver Dance|p2a: Volcarona
|-boost|p2a: Volcarona|spa|1
|-boost|p2a: Volcarona|spd|1
|-boost|p2a: Volcarona|spe|1
|
|-fieldend|Misty Terrain
|upkeep
|turn|17
|
|t:|1641787909
|move|p1a: Urshifu|Aqua Jet|p2a: Volcarona
|-supereffective|p2a: Volcarona
|-damage|p2a: Volcarona|31/100
|-status|p1a: Urshifu|brn|[from] ability: Flame Body|[of] p2a: Volcarona
|move|p2a: Volcarona|Flamethrower|p1a: Urshifu
|-resisted|p1a: Urshifu
|-damage|p1a: Urshifu|54/100 brn
|
|-end|p2a: Volcarona|move: Future Sight
|-damage|p2a: Volcarona|0 fnt
|faint|p2a: Volcarona
|-damage|p1a: Urshifu|48/100 brn|[from] brn
|upkeep
|l|☆ko_NBNBNB
|inactive|ko_NBNBNB disconnected and has a minute to reconnect!
|player|p2|
|inactive|ko_NBNBNB has 30 seconds to reconnect!
|inactive|ko_NBNBNB has 20 seconds to reconnect!
|inactive|ko_NBNBNB has 15 seconds to reconnect!
|inactive|ko_NBNBNB has 10 seconds to reconnect!
|inactive|ko_NBNBNB has 5 seconds to reconnect!
|-message|ko_NBNBNB lost due to inactivity.
|
|win|Hatersmad
|raw|Hatersmad's rating: 1424 &rarr; <strong>1441</strong><br />(+17 for winning)
|raw|ko_NBNBNB's rating: 1379 &rarr; <strong>1362</strong><br />(-17 for losing)
