|j|☆mimilimi
|j|☆greystaple
|t:|1641847309
|gametype|singles
|player|p1|mimilimi|ninjaboy|1651
|player|p2|greystaple|hilbert-wonderlauncher|1657
|teamsize|p1|6
|teamsize|p2|6
|gen|8
|tier|[Gen 8] OU
|rated|
|rule|Sleep Clause Mod: Limit one foe put to sleep
|rule|Species Clause: Limit one of each Pokémon
|rule|OHKO Clause: OHKO moves are banned
|rule|Evasion Moves Clause: Evasion moves are banned
|rule|Endless Battle Clause: Forcing endless battles is banned
|rule|HP Percentage Mod: HP is shown in percentages
|rule|Dynamax Clause: You cannot dynamax
|clearpoke
|poke|p1|Melmetal|
|poke|p1|Pelipper, M|
|poke|p1|Volcanion|
|poke|p1|Seismitoad, M|
|poke|p1|Dragonite, M|
|poke|p1|Barraskewda, M|
|poke|p2|Garchomp, M|
|poke|p2|Melmetal|
|poke|p2|Tapu Lele|
|poke|p2|Tornadus-Therian, M|
|poke|p2|Ferrothorn, M|
|poke|p2|Rotom-Wash|
|teampreview
|
|t:|1641847329
|start
|switch|p1a: Messenger|Pelipper, M, shiny|100/100
|switch|p2a: Tornadus|Tornadus-Therian, M|100/100
|-weather|RainDance|[from] ability: Drizzle|[of] p1a: Messenger
|turn|1
|
|t:|1641847348
|switch|p1a: Fate|Melmetal, shiny|100/100
|move|p2a: Tornadus|Knock Off|p1a: Fate
|-damage|p1a: Fate|90/100
|-enditem|p1a: Fate|Assault Vest|[from] move: Knock Off|[of] p2a: Tornadus
|
|-weather|RainDance|[upkeep]
|upkeep
|turn|2
|
|t:|1641847353
|move|p2a: Tornadus|U-turn|p1a: Fate
|-resisted|p1a: Fate
|-damage|p1a: Fate|86/100
|
|t:|1641847360
|switch|p2a: Ferrothorn|Ferrothorn, M|100/100|[from]move: U-turn
|move|p1a: Fate|Superpower|p2a: Ferrothorn
|-supereffective|p2a: Ferrothorn
|-enditem|p2a: Ferrothorn|Chople Berry|[eat]
|-enditem|p2a: Ferrothorn|Chople Berry|[weaken]
|-damage|p2a: Ferrothorn|71/100
|-unboost|p1a: Fate|atk|1
|-unboost|p1a: Fate|def|1
|-damage|p1a: Fate|73/100|[from] ability: Iron Barbs|[of] p2a: Ferrothorn
|
|-weather|RainDance|[upkeep]
|upkeep
|turn|3
|
|t:|1641847370
|switch|p2a: Garchomp|Garchomp, M|100/100
|move|p1a: Fate|Superpower|p2a: Garchomp
|-damage|p2a: Garchomp|67/100
|-unboost|p1a: Fate|atk|1
|-unboost|p1a: Fate|def|1
|-damage|p1a: Fate|61/100|[from] ability: Rough Skin|[of] p2a: Garchomp
|
|-weather|RainDance|[upkeep]
|-heal|p2a: Garchomp|74/100|[from] item: Leftovers
|upkeep
|turn|4
|
|t:|1641847382
|switch|p1a: Globox|Seismitoad, M, shiny|100/100
|move|p2a: Garchomp|Scale Shot|p1a: Globox
|-damage|p1a: Globox|82/100
|-damage|p1a: Globox|64/100
|-damage|p1a: Globox|45/100
|-hitcount|p1a: Globox|3
|-unboost|p2a: Garchomp|def|1
|-boost|p2a: Garchomp|spe|1
|
|-weather|RainDance|[upkeep]
|-heal|p2a: Garchomp|80/100|[from] item: Leftovers
|upkeep
|turn|5
|
|t:|1641847398
|switch|p2a: Ferrothorn|Ferrothorn, M|71/100
|move|p1a: Globox|Weather Ball|p2a: Ferrothorn
|-resisted|p2a: Ferrothorn
|-damage|p2a: Ferrothorn|38/100
|-damage|p1a: Globox|35/100|[from] item: Life Orb
|
|-weather|RainDance|[upkeep]
|upkeep
|turn|6
|
|t:|1641847403
|move|p1a: Globox|Earth Power|p2a: Ferrothorn
|-damage|p2a: Ferrothorn|0 fnt
|faint|p2a: Ferrothorn
|-damage|p1a: Globox|25/100|[from] item: Life Orb
|
|-weather|RainDance|[upkeep]
|upkeep
|
|t:|1641847410
|switch|p2a: Rotom|Rotom-Wash|100/100
|turn|7
|
|t:|1641847415
|move|p1a: Globox|Weather Ball|p2a: Rotom
|-resisted|p2a: Rotom
|-damage|p2a: Rotom|64/100
|-damage|p1a: Globox|15/100|[from] item: Life Orb
|move|p2a: Rotom|Hydro Pump|p1a: Globox|[miss]
|-miss|p2a: Rotom|p1a: Globox
|
|-weather|RainDance|[upkeep]
|-heal|p2a: Rotom|71/100|[from] item: Leftovers
|upkeep
|turn|8
|
|t:|1641847420
|move|p1a: Globox|Weather Ball|p2a: Rotom
|-resisted|p2a: Rotom
|-damage|p2a: Rotom|32/100
|-damage|p1a: Globox|5/100|[from] item: Life Orb
|move|p2a: Rotom|Hydro Pump|p1a: Globox|[miss]
|-miss|p2a: Rotom|p1a: Globox
|
|-weather|none
|-heal|p2a: Rotom|39/100|[from] item: Leftovers
|upkeep
|turn|9
|
|t:|1641847433
|move|p1a: Globox|Stealth Rock|p2a: Rotom
|-sidestart|p2: greystaple|move: Stealth Rock
|move|p2a: Rotom|Will-O-Wisp|p1a: Globox
|-status|p1a: Globox|brn
|
|-heal|p2a: Rotom|45/100|[from] item: Leftovers
|-damage|p1a: Globox|0 fnt|[from] brn
|faint|p1a: Globox
|upkeep
|
|t:|1641847439
|switch|p1a: King VIG|Volcanion|100/100
|turn|10
|
|t:|1641847442
|move|p2a: Rotom|Defog|p1a: King VIG
|-unboost|p1a: King VIG|evasion|1
|-sideend|p2: greystaple|Stealth Rock|[from] move: Defog|[of] p2a: Rotom
|move|p1a: King VIG|Sludge Wave|p2a: Rotom
|-damage|p2a: Rotom|0 fnt
|faint|p2a: Rotom
|
|upkeep
|c|☆mimilimi|Gg
|c|☆greystaple|bit early to say but yeah it could be over so gg
|
|t:|1641847476
|switch|p2a: Garchomp|Garchomp, M|80/100
|turn|11
|
|t:|1641847488
|switch|p1a: Messenger|Pelipper, M, shiny|100/100
|-weather|RainDance|[from] ability: Drizzle|[of] p1a: Messenger
|move|p2a: Garchomp|Swords Dance|p2a: Garchomp
|-boost|p2a: Garchomp|atk|2
|
|-weather|RainDance|[upkeep]
|-heal|p2a: Garchomp|86/100|[from] item: Leftovers
|upkeep
|turn|12
|
|t:|1641847496
|move|p2a: Garchomp|Scale Shot|p1a: Messenger
|-damage|p1a: Messenger|81/100
|-damage|p1a: Messenger|61/100
|-hitcount|p1a: Messenger|2
|-unboost|p2a: Garchomp|def|1
|-boost|p2a: Garchomp|spe|1
|move|p1a: Messenger|U-turn|p2a: Garchomp
|-damage|p2a: Garchomp|72/100
|-damage|p1a: Messenger|48/100|[from] ability: Rough Skin|[of] p2a: Garchomp
|
|t:|1641847501
|switch|p1a: Predator|Barraskewda, M, shiny|100/100|[from]move: U-turn
|
|-weather|RainDance|[upkeep]
|-heal|p2a: Garchomp|79/100|[from] item: Leftovers
|upkeep
|turn|13
|
|t:|1641847508
|switch|p2a: Melmetal|Melmetal|100/100
|move|p1a: Predator|Liquidation|p2a: Melmetal
|-damage|p2a: Melmetal|43/100
|
|-weather|RainDance|[upkeep]
|upkeep
|turn|14
|
|t:|1641847527
|move|p1a: Predator|Liquidation|p2a: Melmetal
|-damage|p2a: Melmetal|0 fnt
|faint|p2a: Melmetal
|
|-weather|RainDance|[upkeep]
|upkeep
|
|t:|1641847531
|switch|p2a: Tornadus|Tornadus-Therian, M|100/100
|turn|15
|
|t:|1641847534
|move|p1a: Predator|Liquidation|p2a: Tornadus
|-damage|p2a: Tornadus|0 fnt
|faint|p2a: Tornadus
|
|-weather|RainDance|[upkeep]
|upkeep
|c|☆greystaple|ok yeah gg
|c|☆greystaple|double hydro miss may have mattered idk
|
|t:|1641847557
|switch|p2a: Garchomp|Garchomp, M|79/100
|turn|16
|
|t:|1641847572
|move|p1a: Predator|Liquidation|p2a: Garchomp
|-damage|p2a: Garchomp|0 fnt
|-damage|p1a: Predator|88/100|[from] ability: Rough Skin|[of] p2a: Garchomp
|faint|p2a: Garchomp
|
|-weather|RainDance|[upkeep]
|upkeep
|j|+iron☂water ♫
|
|t:|1641847576
|switch|p2a: Tapu Lele|Tapu Lele|100/100
|-fieldstart|move: Psychic Terrain|[from] ability: Psychic Surge|[of] p2a: Tapu Lele
|turn|17
|
|t:|1641847582
|move|p1a: Predator|Liquidation|p2a: Tapu Lele
|-damage|p2a: Tapu Lele|0 fnt
|faint|p2a: Tapu Lele
|
|win|mimilimi
|raw|mimilimi's rating: 1651 &rarr; <strong>1671</strong><br />(+20 for winning)
|raw|greystaple's rating: 1657 &rarr; <strong>1637</strong><br />(-20 for losing)
|l|☆mimilimi
