|j|‽bdtest
|j|☆comradekomko
|t:|1641787142
|gametype|singles
|player|p1|bdtest|266|1405
|player|p2|comradekomko|266|1348
|teamsize|p1|6
|teamsize|p2|6
|gen|8
|tier|[Gen 8] OU
|rated|
|rule|Sleep Clause Mod: Limit one foe put to sleep
|rule|Species Clause: Limit one of each Pokémon
|rule|OHKO Clause: OHKO moves are banned
|rule|Evasion Moves Clause: Evasion moves are banned
|rule|Endless Battle Clause: Forcing endless battles is banned
|rule|HP Percentage Mod: HP is shown in percentages
|rule|Dynamax Clause: You cannot dynamax
|clearpoke
|poke|p1|Clefable, M|
|poke|p1|Landorus-Therian, M|
|poke|p1|Melmetal|
|poke|p1|Dragapult, M|
|poke|p1|Weavile, F|
|poke|p1|Rotom-Wash|
|poke|p2|Corviknight, M|
|poke|p2|Ditto|
|poke|p2|Swampert, M|
|poke|p2|Volcarona, F|
|poke|p2|Slowbro, F|
|poke|p2|Kartana|
|teampreview
|inactive|Battle timer is ON: inactive players will automatically lose when time's up. (requested by bdtest)
|
|t:|1641787152
|start
|switch|p1a: Clefable|Clefable, M|100/100
|switch|p2a: Slowbro|Slowbro, F|100/100
|turn|1
|
|t:|1641787164
|switch|p2a: Mine Clearer|Corviknight, M|100/100
|move|p1a: Clefable|Stealth Rock|p2a: Mine Clearer
|-sidestart|p2: comradekomko|move: Stealth Rock
|
|upkeep
|turn|2
|
|t:|1641787171
|move|p2a: Mine Clearer|Iron Head|p1a: Clefable
|-supereffective|p1a: Clefable
|-damage|p1a: Clefable|62/100
|cant|p1a: Clefable|flinch
|
|-heal|p1a: Clefable|68/100|[from] item: Leftovers
|upkeep
|turn|3
|
|t:|1641787176
|move|p2a: Mine Clearer|Iron Head|p1a: Clefable
|-supereffective|p1a: Clefable
|-damage|p1a: Clefable|31/100
|move|p1a: Clefable|Soft-Boiled|p1a: Clefable
|-heal|p1a: Clefable|81/100
|
|-heal|p1a: Clefable|87/100|[from] item: Leftovers
|upkeep
|turn|4
|
|t:|1641787189
|switch|p1a: Rotom|Rotom-Wash|100/100
|move|p2a: Mine Clearer|Iron Head|p1a: Rotom
|-resisted|p1a: Rotom
|-damage|p1a: Rotom|96/100
|
|-heal|p1a: Rotom|100/100|[from] item: Leftovers
|upkeep
|turn|5
|
|t:|1641787202
|switch|p2a: Kartana|Kartana|100/100
|-damage|p2a: Kartana|94/100|[from] Stealth Rock
|move|p1a: Rotom|Volt Switch|p2a: Kartana
|-resisted|p2a: Kartana
|-damage|p2a: Kartana|52/100
|
|t:|1641787209
|switch|p1a: Landorus|Landorus-Therian, M|100/100|[from]move: Volt Switch
|-ability|p1a: Landorus|Intimidate|boost
|-unboost|p2a: Kartana|atk|1
|
|upkeep
|turn|6
|
|t:|1641787220
|move|p2a: Kartana|Knock Off|p1a: Landorus
|-damage|p1a: Landorus|62/100
|-enditem|p1a: Landorus|Leftovers|[from] move: Knock Off|[of] p2a: Kartana
|move|p1a: Landorus|Earthquake|p2a: Kartana
|-damage|p2a: Kartana|5/100
|
|upkeep
|turn|7
|
|t:|1641787232
|move|p2a: Kartana|Knock Off|p1a: Landorus
|-damage|p1a: Landorus|33/100
|move|p1a: Landorus|U-turn|p2a: Kartana
|-damage|p2a: Kartana|0 fnt
|faint|p2a: Kartana
|
|t:|1641787239
|switch|p1a: Clefable|Clefable, M|87/100|[from]move: U-turn
|
|-heal|p1a: Clefable|93/100|[from] item: Leftovers
|upkeep
|
|t:|1641787255
|switch|p2a: Mine Clearer|Corviknight, M|100/100
|-damage|p2a: Mine Clearer|88/100|[from] Stealth Rock
|turn|8
|
|t:|1641787262
|move|p2a: Mine Clearer|Iron Defense|p2a: Mine Clearer
|-boost|p2a: Mine Clearer|def|2
|move|p1a: Clefable|Flamethrower|p2a: Mine Clearer
|-supereffective|p2a: Mine Clearer
|-damage|p2a: Mine Clearer|60/100
|
|-heal|p2a: Mine Clearer|66/100|[from] item: Leftovers
|-heal|p1a: Clefable|99/100|[from] item: Leftovers
|upkeep
|turn|9
|
|t:|1641787271
|move|p2a: Mine Clearer|Iron Defense|p2a: Mine Clearer
|-boost|p2a: Mine Clearer|def|2
|move|p1a: Clefable|Flamethrower|p2a: Mine Clearer
|-supereffective|p2a: Mine Clearer
|-damage|p2a: Mine Clearer|40/100
|
|-heal|p2a: Mine Clearer|46/100|[from] item: Leftovers
|-heal|p1a: Clefable|100/100|[from] item: Leftovers
|upkeep
|turn|10
|
|t:|1641787278
|move|p2a: Mine Clearer|Roost|p2a: Mine Clearer
|-heal|p2a: Mine Clearer|96/100
|-singleturn|p2a: Mine Clearer|move: Roost
|move|p1a: Clefable|Flamethrower|p2a: Mine Clearer
|-supereffective|p2a: Mine Clearer
|-damage|p2a: Mine Clearer|68/100
|
|-heal|p2a: Mine Clearer|74/100|[from] item: Leftovers
|upkeep
|turn|11
|
|t:|1641787282
|move|p2a: Mine Clearer|Iron Defense|p2a: Mine Clearer
|-boost|p2a: Mine Clearer|def|2
|move|p1a: Clefable|Flamethrower|p2a: Mine Clearer
|-supereffective|p2a: Mine Clearer
|-damage|p2a: Mine Clearer|47/100
|
|-heal|p2a: Mine Clearer|53/100|[from] item: Leftovers
|upkeep
|turn|12
|
|t:|1641787284
|move|p2a: Mine Clearer|Roost|p2a: Mine Clearer
|-heal|p2a: Mine Clearer|100/100
|-singleturn|p2a: Mine Clearer|move: Roost
|move|p1a: Clefable|Flamethrower|p2a: Mine Clearer
|-supereffective|p2a: Mine Clearer
|-damage|p2a: Mine Clearer|75/100
|
|-heal|p2a: Mine Clearer|81/100|[from] item: Leftovers
|upkeep
|turn|13
|
|t:|1641787286
|move|p2a: Mine Clearer|Body Press|p1a: Clefable
|-resisted|p1a: Clefable
|-damage|p1a: Clefable|70/100
|move|p1a: Clefable|Flamethrower|p2a: Mine Clearer
|-supereffective|p2a: Mine Clearer
|-damage|p2a: Mine Clearer|53/100
|
|-heal|p2a: Mine Clearer|59/100|[from] item: Leftovers
|-heal|p1a: Clefable|76/100|[from] item: Leftovers
|upkeep
|turn|14
|
|t:|1641787295
|move|p2a: Mine Clearer|Iron Head|p1a: Clefable
|-supereffective|p1a: Clefable
|-damage|p1a: Clefable|42/100
|move|p1a: Clefable|Soft-Boiled|p1a: Clefable
|-heal|p1a: Clefable|92/100
|
|-heal|p2a: Mine Clearer|66/100|[from] item: Leftovers
|-heal|p1a: Clefable|98/100|[from] item: Leftovers
|upkeep
|turn|15
|
|t:|1641787298
|move|p2a: Mine Clearer|Roost|p2a: Mine Clearer
|-heal|p2a: Mine Clearer|100/100
|-singleturn|p2a: Mine Clearer|move: Roost
|move|p1a: Clefable|Flamethrower|p2a: Mine Clearer
|-supereffective|p2a: Mine Clearer
|-damage|p2a: Mine Clearer|75/100
|
|-heal|p2a: Mine Clearer|82/100|[from] item: Leftovers
|-heal|p1a: Clefable|100/100|[from] item: Leftovers
|upkeep
|turn|16
|
|t:|1641787300
|move|p2a: Mine Clearer|Iron Head|p1a: Clefable
|-supereffective|p1a: Clefable
|-damage|p1a: Clefable|61/100
|move|p1a: Clefable|Flamethrower|p2a: Mine Clearer
|-supereffective|p2a: Mine Clearer
|-damage|p2a: Mine Clearer|54/100
|
|-heal|p2a: Mine Clearer|60/100|[from] item: Leftovers
|-heal|p1a: Clefable|67/100|[from] item: Leftovers
|upkeep
|turn|17
|
|t:|1641787313
|switch|p1a: Rotom|Rotom-Wash|100/100
|move|p2a: Mine Clearer|Iron Head|p1a: Rotom
|-resisted|p1a: Rotom
|-damage|p1a: Rotom|95/100
|
|-heal|p1a: Rotom|100/100|[from] item: Leftovers
|-heal|p2a: Mine Clearer|66/100|[from] item: Leftovers
|upkeep
|turn|18
|
|t:|1641787318
|move|p1a: Rotom|Volt Switch|p2a: Mine Clearer
|-supereffective|p2a: Mine Clearer
|-damage|p2a: Mine Clearer|33/100
|
|t:|1641787324
|switch|p1a: Clefable|Clefable, M|67/100|[from]move: Volt Switch
|move|p2a: Mine Clearer|Body Press|p1a: Clefable
|-resisted|p1a: Clefable
|-damage|p1a: Clefable|36/100
|
|-heal|p2a: Mine Clearer|39/100|[from] item: Leftovers
|-heal|p1a: Clefable|42/100|[from] item: Leftovers
|upkeep
|turn|19
|
|t:|1641787331
|move|p2a: Mine Clearer|Roost|p2a: Mine Clearer
|-heal|p2a: Mine Clearer|89/100
|-singleturn|p2a: Mine Clearer|move: Roost
|move|p1a: Clefable|Soft-Boiled|p1a: Clefable
|-heal|p1a: Clefable|92/100
|
|-heal|p2a: Mine Clearer|96/100|[from] item: Leftovers
|-heal|p1a: Clefable|98/100|[from] item: Leftovers
|upkeep
|turn|20
|
|t:|1641787335
|move|p2a: Mine Clearer|Body Press|p1a: Clefable
|-resisted|p1a: Clefable
|-damage|p1a: Clefable|67/100
|move|p1a: Clefable|Flamethrower|p2a: Mine Clearer
|-supereffective|p2a: Mine Clearer
|-damage|p2a: Mine Clearer|68/100
|
|-heal|p2a: Mine Clearer|74/100|[from] item: Leftovers
|-heal|p1a: Clefable|73/100|[from] item: Leftovers
|upkeep
|turn|21
|
|t:|1641787343
|move|p2a: Mine Clearer|Body Press|p1a: Clefable
|-resisted|p1a: Clefable
|-damage|p1a: Clefable|45/100
|move|p1a: Clefable|Flamethrower|p2a: Mine Clearer
|-supereffective|p2a: Mine Clearer
|-damage|p2a: Mine Clearer|45/100
|
|-heal|p2a: Mine Clearer|52/100|[from] item: Leftovers
|-heal|p1a: Clefable|51/100|[from] item: Leftovers
|upkeep
|turn|22
|
|t:|1641787350
|move|p2a: Mine Clearer|Body Press|p1a: Clefable
|-resisted|p1a: Clefable
|-damage|p1a: Clefable|23/100
|move|p1a: Clefable|Soft-Boiled|p1a: Clefable
|-heal|p1a: Clefable|73/100
|
|-heal|p2a: Mine Clearer|58/100|[from] item: Leftovers
|-heal|p1a: Clefable|79/100|[from] item: Leftovers
|upkeep
|turn|23
|
|t:|1641787354
|move|p2a: Mine Clearer|Body Press|p1a: Clefable
|-resisted|p1a: Clefable
|-damage|p1a: Clefable|50/100
|move|p1a: Clefable|Flamethrower|p2a: Mine Clearer
|-supereffective|p2a: Mine Clearer
|-damage|p2a: Mine Clearer|29/100
|
|-heal|p2a: Mine Clearer|36/100|[from] item: Leftovers
|-heal|p1a: Clefable|57/100|[from] item: Leftovers
|upkeep
|turn|24
|
|t:|1641787362
|move|p2a: Mine Clearer|Roost|p2a: Mine Clearer
|-heal|p2a: Mine Clearer|86/100
|-singleturn|p2a: Mine Clearer|move: Roost
|move|p1a: Clefable|Soft-Boiled|p1a: Clefable
|-heal|p1a: Clefable|100/100
|
|-heal|p2a: Mine Clearer|92/100|[from] item: Leftovers
|upkeep
|turn|25
|
|t:|1641787373
|move|p2a: Mine Clearer|Body Press|p1a: Clefable
|-resisted|p1a: Clefable
|-damage|p1a: Clefable|71/100
|move|p1a: Clefable|Flamethrower|p2a: Mine Clearer
|-supereffective|p2a: Mine Clearer
|-damage|p2a: Mine Clearer|65/100
|
|-heal|p2a: Mine Clearer|71/100|[from] item: Leftovers
|-heal|p1a: Clefable|77/100|[from] item: Leftovers
|upkeep
|turn|26
|
|t:|1641787383
|move|p2a: Mine Clearer|Body Press|p1a: Clefable
|-resisted|p1a: Clefable
|-damage|p1a: Clefable|49/100
|move|p1a: Clefable|Flamethrower|p2a: Mine Clearer
|-supereffective|p2a: Mine Clearer
|-damage|p2a: Mine Clearer|44/100
|
|-heal|p2a: Mine Clearer|50/100|[from] item: Leftovers
|-heal|p1a: Clefable|55/100|[from] item: Leftovers
|upkeep
|turn|27
|
|t:|1641787389
|move|p2a: Mine Clearer|Roost|p2a: Mine Clearer
|-heal|p2a: Mine Clearer|100/100
|-singleturn|p2a: Mine Clearer|move: Roost
|move|p1a: Clefable|Soft-Boiled|p1a: Clefable
|-heal|p1a: Clefable|100/100
|
|upkeep
|turn|28
|
|t:|1641787394
|move|p2a: Mine Clearer|Iron Head|p1a: Clefable
|-supereffective|p1a: Clefable
|-damage|p1a: Clefable|65/100
|move|p1a: Clefable|Flamethrower|p2a: Mine Clearer
|-supereffective|p2a: Mine Clearer
|-damage|p2a: Mine Clearer|75/100
|
|-heal|p2a: Mine Clearer|81/100|[from] item: Leftovers
|-heal|p1a: Clefable|71/100|[from] item: Leftovers
|upkeep
|turn|29
|
|t:|1641787404
|move|p2a: Mine Clearer|Iron Head|p1a: Clefable
|-supereffective|p1a: Clefable
|-damage|p1a: Clefable|31/100
|move|p1a: Clefable|Soft-Boiled|p1a: Clefable
|-heal|p1a: Clefable|81/100
|
|-heal|p2a: Mine Clearer|87/100|[from] item: Leftovers
|-heal|p1a: Clefable|88/100|[from] item: Leftovers
|upkeep
|turn|30
|
|t:|1641787409
|move|p2a: Mine Clearer|Iron Head|p1a: Clefable
|-supereffective|p1a: Clefable
|-damage|p1a: Clefable|46/100
|move|p1a: Clefable|Flamethrower|p2a: Mine Clearer
|-supereffective|p2a: Mine Clearer
|-damage|p2a: Mine Clearer|61/100
|
|-heal|p2a: Mine Clearer|68/100|[from] item: Leftovers
|-heal|p1a: Clefable|53/100|[from] item: Leftovers
|upkeep
|turn|31
|
|t:|1641787419
|switch|p1a: Rotom|Rotom-Wash|100/100
|move|p2a: Mine Clearer|Iron Head|p1a: Rotom
|-resisted|p1a: Rotom
|-damage|p1a: Rotom|95/100
|
|-heal|p1a: Rotom|100/100|[from] item: Leftovers
|-heal|p2a: Mine Clearer|74/100|[from] item: Leftovers
|upkeep
|turn|32
|
|t:|1641787426
|move|p1a: Rotom|Hydro Pump|p2a: Mine Clearer|[miss]
|-miss|p1a: Rotom|p2a: Mine Clearer
|move|p2a: Mine Clearer|Body Press|p1a: Rotom
|-damage|p1a: Rotom|32/100
|
|-heal|p1a: Rotom|38/100|[from] item: Leftovers
|-heal|p2a: Mine Clearer|80/100|[from] item: Leftovers
|upkeep
|turn|33
|
|t:|1641787434
|move|p1a: Rotom|Pain Split|p2a: Mine Clearer
|-sethp|p2a: Mine Clearer|55/100|[from] move: Pain Split|[silent]
|-sethp|p1a: Rotom|72/100|[from] move: Pain Split
|move|p2a: Mine Clearer|Body Press|p1a: Rotom
|-damage|p1a: Rotom|7/100
|
|-heal|p1a: Rotom|13/100|[from] item: Leftovers
|-heal|p2a: Mine Clearer|61/100|[from] item: Leftovers
|upkeep
|turn|34
|
|t:|1641787441
|move|p1a: Rotom|Volt Switch|p2a: Mine Clearer
|-supereffective|p2a: Mine Clearer
|-damage|p2a: Mine Clearer|23/100
|
|t:|1641787444
|switch|p1a: Landorus|Landorus-Therian, M|33/100|[from]move: Volt Switch
|-ability|p1a: Landorus|Intimidate|boost
|-ability|p2a: Mine Clearer|Mirror Armor
|-unboost|p1a: Landorus|atk|1
|move|p2a: Mine Clearer|Body Press|p1a: Landorus
|-resisted|p1a: Landorus
|-damage|p1a: Landorus|0 fnt
|faint|p1a: Landorus
|
|-heal|p2a: Mine Clearer|29/100|[from] item: Leftovers
|upkeep
|
|t:|1641787447
|switch|p1a: Rotom|Rotom-Wash|13/100
|turn|35
|
|t:|1641787450
|switch|p2a: Swolepert|Swampert, M|100/100
|-damage|p2a: Swolepert|94/100|[from] Stealth Rock
|move|p1a: Rotom|Volt Switch|p2a: Swolepert
|-immune|p2a: Swolepert
|
|-heal|p1a: Rotom|20/100|[from] item: Leftovers
|upkeep
|turn|36
|
|t:|1641787455
|move|p1a: Rotom|Pain Split|p2a: Swolepert
|-sethp|p2a: Swolepert|54/100|[from] move: Pain Split|[silent]
|-sethp|p1a: Rotom|72/100|[from] move: Pain Split
|move|p2a: Swolepert|Flip Turn|p1a: Rotom
|-resisted|p1a: Rotom
|-damage|p1a: Rotom|62/100
|
|t:|1641787460
|switch|p2a: Slowbro|Slowbro, F|100/100|[from]move: Flip Turn
|-damage|p2a: Slowbro|88/100|[from] Stealth Rock
|
|-heal|p1a: Rotom|69/100|[from] item: Leftovers
|upkeep
|turn|37
|
|t:|1641787462
|move|p1a: Rotom|Volt Switch|p2a: Slowbro
|-supereffective|p2a: Slowbro
|-damage|p2a: Slowbro|27/100
|
|t:|1641787466
|switch|p1a: Weavile|Weavile, F|100/100|[from]move: Volt Switch
|-ability|p1a: Weavile|Pressure
|move|p2a: Slowbro|Trick Room|p2a: Slowbro
|-fieldstart|move: Trick Room|[of] p2a: Slowbro
|
|upkeep
|turn|38
|
|t:|1641787477
|switch|p1a: Rotom|Rotom-Wash|69/100
|move|p2a: Slowbro|Flamethrower|p1a: Rotom
|-resisted|p1a: Rotom
|-damage|p1a: Rotom|50/100
|-status|p1a: Rotom|brn
|-damage|p2a: Slowbro|17/100|[from] item: Life Orb
|
|-heal|p1a: Rotom|56/100 brn|[from] item: Leftovers
|-damage|p1a: Rotom|50/100 brn|[from] brn
|upkeep
|turn|39
|
|t:|1641787482
|move|p2a: Slowbro|Psyshock|p1a: Rotom
|-damage|p1a: Rotom|11/100 brn
|-damage|p2a: Slowbro|7/100|[from] item: Life Orb
|move|p1a: Rotom|Volt Switch|p2a: Slowbro
|-supereffective|p2a: Slowbro
|-crit|p2a: Slowbro
|-damage|p2a: Slowbro|0 fnt
|faint|p2a: Slowbro
|
|t:|1641787486
|switch|p1a: Clefable|Clefable, M|53/100|[from]move: Volt Switch
|
|-heal|p1a: Clefable|59/100|[from] item: Leftovers
|upkeep
|
|t:|1641787497
|switch|p2a: Swolepert|Swampert, M|54/100
|-damage|p2a: Swolepert|48/100|[from] Stealth Rock
|turn|40
|
|t:|1641787501
|move|p1a: Clefable|Soft-Boiled|p1a: Clefable
|-heal|p1a: Clefable|100/100
|move|p2a: Swolepert|Earthquake|p1a: Clefable
|-damage|p1a: Clefable|71/100
|
|-heal|p1a: Clefable|77/100|[from] item: Leftovers
|upkeep
|turn|41
|
|t:|1641787505
|move|p2a: Swolepert|Flip Turn|p1a: Clefable
|-damage|p1a: Clefable|61/100
|
|t:|1641787511
|switch|p2a: Bugging You|Volcarona, F|100/100|[from]move: Flip Turn
|move|p1a: Clefable|Moonblast|p2a: Bugging You
|-resisted|p2a: Bugging You
|-damage|p2a: Bugging You|83/100
|
|-heal|p1a: Clefable|68/100|[from] item: Leftovers
|-fieldend|move: Trick Room
|upkeep
|turn|42
|
|t:|1641787522
|switch|p1a: Dragapult|Dragapult, M|100/100
|move|p2a: Bugging You|Quiver Dance|p2a: Bugging You
|-boost|p2a: Bugging You|spa|1
|-boost|p2a: Bugging You|spd|1
|-boost|p2a: Bugging You|spe|1
|
|upkeep
|turn|43
|
|t:|1641787527
|move|p2a: Bugging You|Quiver Dance|p2a: Bugging You
|-boost|p2a: Bugging You|spa|1
|-boost|p2a: Bugging You|spd|1
|-boost|p2a: Bugging You|spe|1
|move|p1a: Dragapult|Shadow Ball|p2a: Bugging You
|-damage|p2a: Bugging You|56/100
|
|upkeep
|turn|44
|
|t:|1641787534
|move|p2a: Bugging You|Quiver Dance|p2a: Bugging You
|-boost|p2a: Bugging You|spa|1
|-boost|p2a: Bugging You|spd|1
|-boost|p2a: Bugging You|spe|1
|move|p1a: Dragapult|Shadow Ball|p2a: Bugging You
|-damage|p2a: Bugging You|33/100
|
|upkeep
|turn|45
|
|t:|1641787540
|move|p2a: Bugging You|Giga Drain|p1a: Dragapult
|-resisted|p1a: Dragapult
|-damage|p1a: Dragapult|48/100
|-heal|p2a: Bugging You|60/100|[from] drain|[of] p1a: Dragapult
|move|p1a: Dragapult|Shadow Ball|p2a: Bugging You
|-damage|p2a: Bugging You|37/100
|
|upkeep
|turn|46
|
|t:|1641787542
|move|p2a: Bugging You|Giga Drain|p1a: Dragapult
|-resisted|p1a: Dragapult
|-damage|p1a: Dragapult|0 fnt
|-heal|p2a: Bugging You|62/100|[from] drain|[of] p1a: Dragapult
|faint|p1a: Dragapult
|
|upkeep
|
|t:|1641787549
|switch|p1a: Weavile|Weavile, F|100/100
|-ability|p1a: Weavile|Pressure
|turn|47
|
|t:|1641787553
|move|p2a: Bugging You|Flamethrower|p1a: Weavile
|-supereffective|p1a: Weavile
|-damage|p1a: Weavile|0 fnt
|faint|p1a: Weavile
|
|upkeep
|
|t:|1641787557
|switch|p1a: Melmetal|Melmetal|100/100
|turn|48
|
|t:|1641787560
|move|p2a: Bugging You|Flamethrower|p1a: Melmetal
|-supereffective|p1a: Melmetal
|-damage|p1a: Melmetal|0 fnt
|faint|p1a: Melmetal
|
|upkeep
|
|t:|1641787562
|switch|p1a: Clefable|Clefable, M|68/100
|turn|49
|
|t:|1641787566
|move|p2a: Bugging You|Giga Drain|p1a: Clefable
|-damage|p1a: Clefable|0 fnt
|-heal|p2a: Bugging You|100/100|[from] drain|[of] p1a: Clefable
|faint|p1a: Clefable
|
|upkeep
|l|‽bdtest
|inactive|bdtest disconnected and has a minute to reconnect!
|player|p1|
|inactive|bdtest has 30 seconds to reconnect!
|inactive|bdtest has 20 seconds to reconnect!
|inactive|bdtest has 15 seconds to reconnect!
|inactive|bdtest has 10 seconds to reconnect!
|inactive|bdtest has 5 seconds to reconnect!
|-message|bdtest lost due to inactivity.
|
|win|comradekomko
|raw|bdtest's rating: 1405 &rarr; <strong>1382</strong><br />(-23 for losing)
|raw|comradekomko's rating: 1348 &rarr; <strong>1371</strong><br />(+23 for winning)
