|j|☆Syrinix
|j|☆ni️ght tilt
|inactive|Battle timer is ON: inactive players will automatically lose when time's up.
|t:|1641880311
|gametype|singles
|player|p1|Syrinix|misty-gen2|
|player|p2|ni️ght tilt|lusamine-nihilego|
|teamsize|p1|6
|teamsize|p2|6
|gen|8
|tier|[Gen 8] OU
|rated|Tournament battle
|rule|Sleep Clause Mod: Limit one foe put to sleep
|rule|Species Clause: Limit one of each Pokémon
|rule|OHKO Clause: OHKO moves are banned
|rule|Evasion Moves Clause: Evasion moves are banned
|rule|Endless Battle Clause: Forcing endless battles is banned
|rule|HP Percentage Mod: HP is shown in percentages
|rule|Dynamax Clause: You cannot dynamax
|clearpoke
|poke|p1|Clefable, M|
|poke|p1|Rotom-Wash|
|poke|p1|Zapdos-Galar|
|poke|p1|Latios, M|
|poke|p1|Landorus-Therian, M|
|poke|p1|Melmetal|
|poke|p2|Keldeo-Resolute|
|poke|p2|Articuno-Galar|
|poke|p2|Mamoswine, F|
|poke|p2|Ferrothorn, M|
|poke|p2|Clefable, F|
|poke|p2|Regieleki|
|teampreview
|inactive|ni️ght tilt also wants the timer to be on.
|j| Blaziard
|j| NitroAcid
|j| doom1806
|j| Anonymous43567
|j| VanillaTwilight23
|c| Blaziard|Oh
|
|t:|1641880332
|start
|switch|p1a: bruh|Rotom-Wash, shiny|100/100
|switch|p2a: KUZZIE|Keldeo-Resolute|100/100
|turn|1
|c| Blaziard|Damn this gon be EPIK
|
|t:|1641880345
|move|p1a: bruh|Trick|p2a: KUZZIE
|-activate|p1a: bruh|move: Trick|[of] p2a: KUZZIE
|-item|p2a: KUZZIE|Choice Scarf|[from] move: Trick
|-item|p1a: bruh|Choice Specs|[from] move: Trick
|move|p2a: KUZZIE|Secret Sword|p1a: bruh
|-damage|p1a: bruh|46/100
|
|upkeep
|turn|2
|j| DvsnDvsnUltra
|
|t:|1641880357
|switch|p2a: (🅱️)UZZIE|Clefable, F|100/100
|switch|p1a: jolyne|Clefable, M, shiny|100/100
|
|upkeep
|turn|3
|
|t:|1641880362
|move|p1a: jolyne|Stealth Rock|p2a: (🅱️)UZZIE
|-sidestart|p2: ni️ght tilt|move: Stealth Rock
|move|p2a: (🅱️)UZZIE|Stealth Rock|p1a: jolyne
|-sidestart|p1: Syrinix|move: Stealth Rock
|
|upkeep
|turn|4
|
|t:|1641880366
|move|p2a: (🅱️)UZZIE|Wish|p2a: (🅱️)UZZIE
|move|p1a: jolyne|Knock Off|p2a: (🅱️)UZZIE
|-resisted|p2a: (🅱️)UZZIE
|-damage|p2a: (🅱️)UZZIE|91/100
|-enditem|p2a: (🅱️)UZZIE|Leftovers|[from] move: Knock Off|[of] p1a: jolyne
|
|upkeep
|turn|5
|c| Blaziard|JOLYYYNE
|l| Anonymous43567
|c| Blaziard|USE STONE F R E E
|
|t:|1641880386
|move|p1a: jolyne|Moonblast|p2a: (🅱️)UZZIE
|-damage|p2a: (🅱️)UZZIE|71/100
|move|p2a: (🅱️)UZZIE|Moonblast|p1a: jolyne
|-damage|p1a: jolyne|71/100
|
|-heal|p2a: (🅱️)UZZIE|100/100|[from] move: Wish|[wisher] (🅱️)UZZIE
|upkeep
|turn|6
|j| breadupt
|
|t:|1641880393
|switch|p1a: kanye|Melmetal, shiny|100/100
|-damage|p1a: kanye|94/100|[from] Stealth Rock
|move|p2a: (🅱️)UZZIE|Wish|p2a: (🅱️)UZZIE
|
|upkeep
|turn|7
|
|t:|1641880401
|switch|p2a: FUZZIE|Ferrothorn, M|100/100
|-damage|p2a: FUZZIE|94/100|[from] Stealth Rock
|switch|p1a: no cap|Zapdos-Galar|100/100
|-damage|p1a: no cap|88/100|[from] Stealth Rock
|
|-heal|p2a: FUZZIE|100/100|[from] move: Wish|[wisher] (🅱️)UZZIE
|upkeep
|turn|8
|
|t:|1641880409
|switch|p2a: (🅱️)UZZIE|Clefable, F|100/100
|move|p1a: no cap|Brave Bird|p2a: (🅱️)UZZIE
|-damage|p2a: (🅱️)UZZIE|0 fnt
|faint|p2a: (🅱️)UZZIE
|-damage|p1a: no cap|48/100|[from] Recoil
|
|upkeep
|
|t:|1641880414
|switch|p2a: RUZZIE|Regieleki|100/100
|-damage|p2a: RUZZIE|88/100|[from] Stealth Rock
|turn|9
|
|t:|1641880418
|switch|p2a: GUZZIE|Articuno-Galar|100/100
|switch|p1a: bruhhh moment|Landorus-Therian, M, shiny|100/100
|-damage|p1a: bruhhh moment|88/100|[from] Stealth Rock
|-ability|p1a: bruhhh moment|Intimidate|boost
|-unboost|p2a: GUZZIE|atk|1
|-ability|p2a: GUZZIE|Competitive
|-boost|p2a: GUZZIE|spa|2
|
|-heal|p1a: bruhhh moment|94/100|[from] item: Leftovers
|upkeep
|turn|10
|
|t:|1641880430
|switch|p1a: kanye|Melmetal, shiny|94/100
|-damage|p1a: kanye|88/100|[from] Stealth Rock
|move|p2a: GUZZIE|Freezing Glare|p1a: kanye
|-resisted|p1a: kanye
|-damage|p1a: kanye|52/100
|
|upkeep
|turn|11
|c| NitroAcid|oof
|c| doom1806|ooh nice one
|j| HOF69
|
|t:|1641880444
|move|p2a: GUZZIE|Freezing Glare|p1a: kanye
|-resisted|p1a: kanye
|-damage|p1a: kanye|19/100
|move|p1a: kanye|Double Iron Bash|p2a: GUZZIE
|-damage|p2a: GUZZIE|50/100
|-damage|p2a: GUZZIE|0 fnt
|faint|p2a: GUZZIE
|-hitcount|p2: GUZZIE|2
|
|upkeep
|c| Blaziard|S h e e s h
|
|t:|1641880465
|switch|p2a: MUZZIE|Mamoswine, F|100/100
|-damage|p2a: MUZZIE|88/100|[from] Stealth Rock
|turn|12
|
|t:|1641880470
|move|p2a: MUZZIE|Earthquake|p1a: kanye
|-supereffective|p1a: kanye
|-damage|p1a: kanye|0 fnt
|faint|p1a: kanye
|
|upkeep
|
|t:|1641880477
|switch|p1a: bruh|Rotom-Wash, shiny|46/100
|-damage|p1a: bruh|33/100|[from] Stealth Rock
|turn|13
|
|t:|1641880483
|move|p1a: bruh|Hydro Pump|p2a: MUZZIE
|-supereffective|p2a: MUZZIE
|-damage|p2a: MUZZIE|0 fnt
|faint|p2a: MUZZIE
|
|upkeep
|
|t:|1641880489
|switch|p2a: FUZZIE|Ferrothorn, M|100/100
|-damage|p2a: FUZZIE|94/100|[from] Stealth Rock
|turn|14
|
|t:|1641880499
|switch|p1a: bruhhh moment|Landorus-Therian, M, shiny|94/100
|-damage|p1a: bruhhh moment|82/100|[from] Stealth Rock
|-ability|p1a: bruhhh moment|Intimidate|boost
|-unboost|p2a: FUZZIE|atk|1
|move|p2a: FUZZIE|Leech Seed|p1a: bruhhh moment
|-start|p1a: bruhhh moment|move: Leech Seed
|
|-heal|p1a: bruhhh moment|88/100|[from] item: Leftovers
|-heal|p2a: FUZZIE|100/100|[from] item: Leftovers
|-damage|p1a: bruhhh moment|76/100|[from] Leech Seed|[of] p2a: FUZZIE
|upkeep
|turn|15
|
|t:|1641880505
|switch|p1a: jolyne|Clefable, M, shiny|71/100
|move|p2a: FUZZIE|Knock Off|p1a: jolyne
|-resisted|p1a: jolyne
|-damage|p1a: jolyne|66/100
|-damage|p2a: FUZZIE|84/100|[from] item: Rocky Helmet|[of] p1a: jolyne
|-enditem|p1a: jolyne|Rocky Helmet|[from] move: Knock Off|[of] p2a: FUZZIE
|
|-heal|p2a: FUZZIE|90/100|[from] item: Leftovers
|upkeep
|turn|16
|
|t:|1641880510
|move|p1a: jolyne|Knock Off|p2a: FUZZIE
|-crit|p2a: FUZZIE
|-damage|p2a: FUZZIE|77/100
|-activate|p2a: FUZZIE|ability: Iron Barbs
|-enditem|p2a: FUZZIE|Leftovers|[from] move: Knock Off|[of] p1a: jolyne
|move|p2a: FUZZIE|Spikes|p1a: jolyne
|-sidestart|p1: Syrinix|Spikes
|
|upkeep
|turn|17
|
|t:|1641880519
|switch|p1a: no cap|Zapdos-Galar|48/100
|-damage|p1a: no cap|35/100|[from] Stealth Rock
|switch|p2a: RUZZIE|Regieleki|88/100
|-damage|p2a: RUZZIE|76/100|[from] Stealth Rock
|
|upkeep
|turn|18
|
|t:|1641880524
|switch|p1a: bruhhh moment|Landorus-Therian, M, shiny|76/100
|-damage|p1a: bruhhh moment|63/100|[from] Stealth Rock
|-ability|p1a: bruhhh moment|Intimidate|boost
|-unboost|p2a: RUZZIE|atk|1
|move|p2a: RUZZIE|Rapid Spin|p1a: bruhhh moment
|-damage|p1a: bruhhh moment|57/100
|-boost|p2a: RUZZIE|spe|1
|-sideend|p2: ni️ght tilt|Stealth Rock|[from] move: Rapid Spin|[of] p2a: RUZZIE
|
|-heal|p1a: bruhhh moment|63/100|[from] item: Leftovers
|upkeep
|turn|19
|
|t:|1641880532
|switch|p2a: FUZZIE|Ferrothorn, M|77/100
|move|p1a: bruhhh moment|Earthquake|p2a: FUZZIE
|-damage|p2a: FUZZIE|51/100
|
|-heal|p1a: bruhhh moment|69/100|[from] item: Leftovers
|upkeep
|turn|20
|
|t:|1641880541
|switch|p2a: KUZZIE|Keldeo-Resolute|100/100
|move|p1a: bruhhh moment|Defog|p2a: KUZZIE
|-unboost|p2a: KUZZIE|evasion|1
|-sideend|p1: Syrinix|Spikes|[from] move: Defog|[of] p1a: bruhhh moment
|-sideend|p1: Syrinix|Stealth Rock|[from] move: Defog|[of] p1a: bruhhh moment
|
|-heal|p1a: bruhhh moment|75/100|[from] item: Leftovers
|upkeep
|turn|21
|c|☆ni️ght tilt|yeh gg
|-message|ni️ght tilt forfeited.
|
|win|Syrinix
|n|☆Syrinix|syrinix
|n|☆ni️ght tilt|nighttilt
|n| Blaziard|blaziard
|n| NitroAcid|nitroacid
|n| doom1806|doom1806
|n| VanillaTwilight23|vanillatwilight23
|n| DvsnDvsnUltra|dvsndvsnultra
|n| breadupt|breadupt
|n| HOF69|hof69
