|j|☆llbee
|j|☆PicklesAttack
|t:|1641852353
|gametype|singles
|player|p1|llbee|265|1074
|player|p2|PicklesAttack|pokemaniac|1065
|teamsize|p1|6
|teamsize|p2|6
|gen|8
|tier|[Gen 8] OU
|rated|
|rule|Sleep Clause Mod: Limit one foe put to sleep
|rule|Species Clause: Limit one of each Pokémon
|rule|OHKO Clause: OHKO moves are banned
|rule|Evasion Moves Clause: Evasion moves are banned
|rule|Endless Battle Clause: Forcing endless battles is banned
|rule|HP Percentage Mod: HP is shown in percentages
|rule|Dynamax Clause: You cannot dynamax
|clearpoke
|poke|p1|Nidoqueen, F|
|poke|p1|Umbreon, F|
|poke|p1|Dragonite, M|
|poke|p1|Scizor, F|
|poke|p1|Togekiss, M|
|poke|p1|Latias, F|
|poke|p2|Tyrantrum, F|
|poke|p2|Crawdaunt, M|
|poke|p2|Flapple, M|
|poke|p2|Volcarona, F|
|poke|p2|Arctozolt|
|poke|p2|Salamence, M|
|teampreview
|
|t:|1641852365
|start
|switch|p1a: Nidoqueen|Nidoqueen, F, shiny|100/100
|switch|p2a: crunch|Tyrantrum, F, shiny|100/100
|turn|1
|
|t:|1641852375
|switch|p2a: FavMon|Crawdaunt, M|100/100
|move|p1a: Nidoqueen|Stealth Rock|p2a: FavMon
|-sidestart|p2: PicklesAttack|move: Stealth Rock
|
|upkeep
|turn|2
|
|t:|1641852382
|move|p2a: FavMon|Crabhammer|p1a: Nidoqueen
|-supereffective|p1a: Nidoqueen
|-crit|p1a: Nidoqueen
|-damage|p1a: Nidoqueen|0 fnt
|faint|p1a: Nidoqueen
|
|upkeep
|
|t:|1641852395
|switch|p1a: Dragonite|Dragonite, M|100/100
|turn|3
|
|t:|1641852399
|move|p1a: Dragonite|Dragon Dance|p1a: Dragonite
|-boost|p1a: Dragonite|atk|1
|-boost|p1a: Dragonite|spe|1
|move|p2a: FavMon|Knock Off|p1a: Dragonite
|-damage|p1a: Dragonite|26/100
|-enditem|p1a: Dragonite|Heavy-Duty Boots|[from] move: Knock Off|[of] p2a: FavMon
|
|upkeep
|turn|4
|c|☆PicklesAttack|be scared
|
|t:|1641852412
|move|p1a: Dragonite|Dual Wingbeat|p2a: FavMon
|-damage|p2a: FavMon|65/100
|-damage|p2a: FavMon|29/100
|-hitcount|p2a: FavMon|2
|move|p2a: FavMon|Knock Off|p1a: Dragonite
|-damage|p1a: Dragonite|0 fnt
|faint|p1a: Dragonite
|
|upkeep
|
|t:|1641852419
|switch|p1a: Togekiss|Togekiss, M|100/100
|turn|5
|
|t:|1641852427
|move|p2a: FavMon|Aqua Jet|p1a: Togekiss
|-damage|p1a: Togekiss|66/100
|move|p1a: Togekiss|Air Slash|p2a: FavMon
|-damage|p2a: FavMon|0 fnt
|faint|p2a: FavMon
|
|upkeep
|
|t:|1641852436
|switch|p2a: Cubchoo but ZAP|Arctozolt|100/100
|-damage|p2a: Cubchoo but ZAP|76/100|[from] Stealth Rock
|turn|6
|
|t:|1641852439
|switch|p1a: Umbreon|Umbreon, F, shiny|100/100
|move|p2a: Cubchoo but ZAP|Bolt Beak|p1a: Umbreon
|-damage|p1a: Umbreon|43/100
|
|-heal|p1a: Umbreon|49/100|[from] item: Leftovers
|upkeep
|turn|7
|
|t:|1641852447
|move|p1a: Umbreon|Protect|p1a: Umbreon
|-singleturn|p1a: Umbreon|Protect
|move|p2a: Cubchoo but ZAP|Bolt Beak|p1a: Umbreon
|-activate|p1a: Umbreon|move: Protect
|
|-heal|p1a: Umbreon|55/100|[from] item: Leftovers
|upkeep
|turn|8
|
|t:|1641852458
|move|p2a: Cubchoo but ZAP|Bolt Beak|p1a: Umbreon
|-damage|p1a: Umbreon|0 fnt
|faint|p1a: Umbreon
|
|upkeep
|
|t:|1641852464
|switch|p1a: Togekiss|Togekiss, M|66/100
|turn|9
|
|t:|1641852467
|move|p1a: Togekiss|Fire Blast|p2a: Cubchoo but ZAP
|-supereffective|p2a: Cubchoo but ZAP
|-damage|p2a: Cubchoo but ZAP|0 fnt
|faint|p2a: Cubchoo but ZAP
|
|upkeep
|
|t:|1641852496
|switch|p2a: FirstMonIUsedinG8|Flapple, M, shiny|100/100
|-damage|p2a: FirstMonIUsedinG8|88/100|[from] Stealth Rock
|turn|10
|
|t:|1641852503
|switch|p1a: Scizor|Scizor, F|100/100
|move|p2a: FirstMonIUsedinG8|Dragon Dance|p2a: FirstMonIUsedinG8
|-boost|p2a: FirstMonIUsedinG8|atk|1
|-boost|p2a: FirstMonIUsedinG8|spe|1
|
|upkeep
|turn|11
|
|t:|1641852511
|move|p2a: FirstMonIUsedinG8|Grav Apple|p1a: Scizor
|-resisted|p1a: Scizor
|-damage|p1a: Scizor|89/100
|-unboost|p1a: Scizor|def|1
|move|p1a: Scizor|Swords Dance|p1a: Scizor
|-boost|p1a: Scizor|atk|2
|
|-heal|p1a: Scizor|95/100|[from] item: Leftovers
|upkeep
|turn|12
|
|t:|1641852524
|move|p2a: FirstMonIUsedinG8|Outrage|p1a: Scizor
|-resisted|p1a: Scizor
|-damage|p1a: Scizor|41/100
|move|p1a: Scizor|Knock Off|p2a: FirstMonIUsedinG8
|-crit|p2a: FirstMonIUsedinG8
|-damage|p2a: FirstMonIUsedinG8|0 fnt
|-enditem|p2a: FirstMonIUsedinG8|Sitrus Berry|[from] move: Knock Off|[of] p1a: Scizor
|faint|p2a: FirstMonIUsedinG8
|
|-heal|p1a: Scizor|47/100|[from] item: Leftovers
|upkeep
|
|t:|1641852532
|switch|p2a: Salamence|Salamence, M|100/100
|-damage|p2a: Salamence|76/100|[from] Stealth Rock
|-ability|p2a: Salamence|Intimidate|boost
|-unboost|p1a: Scizor|atk|1
|turn|13
|
|t:|1641852539
|move|p1a: Scizor|Bullet Punch|p2a: Salamence
|-damage|p2a: Salamence|30/100
|move|p2a: Salamence|Dual Wingbeat|p1a: Scizor
|-damage|p1a: Scizor|20/100
|-damage|p1a: Scizor|0 fnt
|faint|p1a: Scizor
|-hitcount|p1: Scizor|2
|
|-heal|p2a: Salamence|36/100|[from] item: Leftovers
|upkeep
|
|t:|1641852557
|switch|p1a: Togekiss|Togekiss, M|66/100
|turn|14
|
|t:|1641852562
|switch|p2a: Volcarona|Volcarona, F|100/100
|move|p1a: Togekiss|Dazzling Gleam|p2a: Volcarona
|-resisted|p2a: Volcarona
|-damage|p2a: Volcarona|80/100
|
|upkeep
|turn|15
|
|t:|1641852569
|switch|p1a: Latias|Latias, F|100/100
|move|p2a: Volcarona|Quiver Dance|p2a: Volcarona
|-boost|p2a: Volcarona|spa|1
|-boost|p2a: Volcarona|spd|1
|-boost|p2a: Volcarona|spe|1
|
|upkeep
|turn|16
|
|t:|1641852577
|move|p1a: Latias|Draco Meteor|p2a: Volcarona
|-damage|p2a: Volcarona|39/100
|-unboost|p1a: Latias|spa|2
|move|p2a: Volcarona|Bug Buzz|p1a: Latias
|-supereffective|p1a: Latias
|-damage|p1a: Latias|0 fnt
|faint|p1a: Latias
|
|upkeep
|
|t:|1641852585
|switch|p1a: Togekiss|Togekiss, M|66/100
|turn|17
|
|t:|1641852588
|move|p2a: Volcarona|Flamethrower|p1a: Togekiss
|-damage|p1a: Togekiss|0 fnt
|faint|p1a: Togekiss
|
|win|PicklesAttack
|raw|llbee's rating: 1074 &rarr; <strong>1052</strong><br />(-22 for losing)
|raw|PicklesAttack's rating: 1065 &rarr; <strong>1096</strong><br />(+31 for winning)
|l|☆llbee
|c|☆PicklesAttack|Ggs
