|j|☆swdckenny
|j|☆Moveking
|t:|1641695608
|gametype|singles
|player|p1|swdckenny|102|
|player|p2|Moveking|rood|
|teamsize|p1|6
|teamsize|p2|6
|gen|8
|tier|[Gen 8] OU
|rule|Sleep Clause Mod: Limit one foe put to sleep
|rule|Species Clause: Limit one of each Pokémon
|rule|OHKO Clause: OHKO moves are banned
|rule|Evasion Moves Clause: Evasion moves are banned
|rule|Endless Battle Clause: Forcing endless battles is banned
|rule|HP Percentage Mod: HP is shown in percentages
|rule|Dynamax Clause: You cannot dynamax
|clearpoke
|poke|p1|Snorlax, M|
|poke|p1|Togekiss, F|
|poke|p1|Cloyster, F|
|poke|p1|Dragonite, M|
|poke|p1|Clefable, F|
|poke|p1|Scizor, F|
|poke|p2|Togedemaru, L1, M|
|poke|p2|Starmie|
|poke|p2|Whimsicott, F|
|poke|p2|Tyranitar, M|
|poke|p2|Excadrill, M|
|poke|p2|Clefable, M|
|teampreview
|inactive|Battle timer is ON: inactive players will automatically lose when time's up. (requested by swdckenny)
|
|t:|1641695637
|start
|switch|p1a: Togekiss|Togekiss, F|100/100
|switch|p2a: Tyranitar|Tyranitar, M, shiny|100/100
|-weather|Sandstorm|[from] ability: Sand Stream|[of] p2a: Tyranitar
|turn|1
|inactiveoff|Battle timer is now OFF.
|
|t:|1641695662
|switch|p1a: Scizor|Scizor, F|100/100
|move|p2a: Tyranitar|Stone Edge|p1a: Scizor
|-damage|p1a: Scizor|62/100
|
|-weather|Sandstorm|[upkeep]
|-heal|p1a: Scizor|68/100|[from] item: Leftovers
|upkeep
|turn|2
|j| Skadd
|
|t:|1641695731
|move|p1a: Scizor|Bullet Punch|p2a: Tyranitar
|-supereffective|p2a: Tyranitar
|-damage|p2a: Tyranitar|49/100
|move|p2a: Tyranitar|Superpower|p1a: Scizor
|-damage|p1a: Scizor|34/100
|-unboost|p2a: Tyranitar|atk|1
|-unboost|p2a: Tyranitar|def|1
|
|-weather|Sandstorm|[upkeep]
|-heal|p1a: Scizor|40/100|[from] item: Leftovers
|upkeep
|turn|3
|
|t:|1641695776
|switch|p2a: Excadrill|Excadrill, M, shiny|100/100
|-item|p2a: Excadrill|Air Balloon
|move|p1a: Scizor|Bullet Punch|p2a: Excadrill
|-resisted|p2a: Excadrill
|-damage|p2a: Excadrill|81/100
|-enditem|p2a: Excadrill|Air Balloon
|
|-weather|Sandstorm|[upkeep]
|-heal|p1a: Scizor|47/100|[from] item: Leftovers
|upkeep
|turn|4
|
|t:|1641695809
|switch|p1a: Snorlax|Snorlax, M|100/100
|move|p2a: Excadrill|Earthquake|p1a: Snorlax
|-damage|p1a: Snorlax|45/100
|-enditem|p1a: Snorlax|Iapapa Berry|[eat]
|-heal|p1a: Snorlax|78/100|[from] item: Iapapa Berry
|
|-weather|Sandstorm|[upkeep]
|-damage|p1a: Snorlax|71/100|[from] Sandstorm
|upkeep
|turn|5
|
|t:|1641695820
|switch|p1a: Dragonite|Dragonite, M|100/100
|move|p2a: Excadrill|Earthquake|p1a: Dragonite
|-immune|p1a: Dragonite
|
|-weather|Sandstorm|[upkeep]
|-damage|p1a: Dragonite|94/100|[from] Sandstorm
|upkeep
|turn|6
|
|t:|1641695836
|switch|p2a: Clefable|Clefable, M, shiny|100/100
|move|p1a: Dragonite|Fire Punch|p2a: Clefable
|-damage|p2a: Clefable|79/100
|
|-weather|Sandstorm|[upkeep]
|-damage|p1a: Dragonite|88/100|[from] Sandstorm
|-damage|p2a: Clefable|73/100|[from] Sandstorm
|-heal|p2a: Clefable|79/100|[from] item: Leftovers
|upkeep
|turn|7
|
|t:|1641695846
|switch|p1a: Scizor|Scizor, F|47/100
|move|p2a: Clefable|Moonblast|p1a: Scizor
|-resisted|p1a: Scizor
|-damage|p1a: Scizor|31/100
|
|-weather|Sandstorm|[upkeep]
|-damage|p2a: Clefable|73/100|[from] Sandstorm
|-heal|p1a: Scizor|37/100|[from] item: Leftovers
|-heal|p2a: Clefable|79/100|[from] item: Leftovers
|upkeep
|turn|8
|
|t:|1641695871
|move|p2a: Clefable|Protect|p2a: Clefable
|-singleturn|p2a: Clefable|Protect
|move|p1a: Scizor|Roost|p1a: Scizor
|-heal|p1a: Scizor|87/100
|-singleturn|p1a: Scizor|move: Roost
|
|-weather|none
|-heal|p1a: Scizor|93/100|[from] item: Leftovers
|-heal|p2a: Clefable|85/100|[from] item: Leftovers
|upkeep
|turn|9
|
|t:|1641695888
|switch|p1a: Togekiss|Togekiss, F|100/100
|move|p2a: Clefable|Flamethrower|p1a: Togekiss
|-damage|p1a: Togekiss|83/100
|-status|p1a: Togekiss|brn
|
|-heal|p2a: Clefable|91/100|[from] item: Leftovers
|-damage|p1a: Togekiss|77/100 brn|[from] brn
|upkeep
|turn|10
|
|t:|1641695906
|switch|p2a: Starmie|Starmie, shiny|100/100
|move|p1a: Togekiss|Thunder Wave|p2a: Starmie
|-status|p2a: Starmie|par
|
|-damage|p1a: Togekiss|71/100 brn|[from] brn
|upkeep
|turn|11
|
|t:|1641695924
|move|p1a: Togekiss|Air Slash|p2a: Starmie
|-damage|p2a: Starmie|65/100 par
|cant|p2a: Starmie|flinch
|
|-damage|p1a: Togekiss|65/100 brn|[from] brn
|upkeep
|turn|12
|
|t:|1641695931
|move|p1a: Togekiss|Air Slash|p2a: Starmie
|-damage|p2a: Starmie|28/100 par
|cant|p2a: Starmie|flinch
|
|-damage|p1a: Togekiss|59/100 brn|[from] brn
|upkeep
|turn|13
|
|t:|1641695944
|move|p1a: Togekiss|Air Slash|p2a: Starmie
|-damage|p2a: Starmie|0 fnt
|faint|p2a: Starmie
|
|-damage|p1a: Togekiss|53/100 brn|[from] brn
|upkeep
|
|t:|1641695949
|switch|p2a: Togedemaru|Togedemaru, L1, M, shiny|100/100
|turn|14
|
|t:|1641695971
|switch|p1a: Snorlax|Snorlax, M|71/100
|move|p2a: Togedemaru|Endeavor|p1a: Snorlax
|-damage|p1a: Snorlax|3/100
|
|upkeep
|turn|15
|
|t:|1641695984
|switch|p2a: Clefable|Clefable, M, shiny|91/100
|move|p1a: Snorlax|Earthquake|p2a: Clefable
|-damage|p2a: Clefable|65/100
|
|-heal|p2a: Clefable|71/100|[from] item: Leftovers
|upkeep
|turn|16
|
|t:|1641695995
|move|p2a: Clefable|Moonblast|p1a: Snorlax
|-damage|p1a: Snorlax|0 fnt
|faint|p1a: Snorlax
|
|-heal|p2a: Clefable|77/100|[from] item: Leftovers
|upkeep
|
|t:|1641696001
|switch|p1a: Cloyster|Cloyster, F|100/100
|turn|17
|
|t:|1641696017
|switch|p2a: Whimsicott|Whimsicott, F, shiny|100/100
|move|p1a: Cloyster|Shell Smash|p1a: Cloyster
|-unboost|p1a: Cloyster|def|1
|-unboost|p1a: Cloyster|spd|1
|-boost|p1a: Cloyster|atk|2
|-boost|p1a: Cloyster|spa|2
|-boost|p1a: Cloyster|spe|2
|-enditem|p1a: Cloyster|White Herb
|-clearnegativeboost|p1a: Cloyster|[silent]
|
|upkeep
|turn|18
|
|t:|1641696030
|move|p2a: Whimsicott|Encore|p1a: Cloyster
|-start|p1a: Cloyster|Encore
|move|p1a: Cloyster|Shell Smash|p1a: Cloyster
|-unboost|p1a: Cloyster|def|1
|-unboost|p1a: Cloyster|spd|1
|-boost|p1a: Cloyster|atk|2
|-boost|p1a: Cloyster|spa|2
|-boost|p1a: Cloyster|spe|2
|
|upkeep
|turn|19
|
|t:|1641696051
|switch|p1a: Togekiss|Togekiss, F|53/100 brn
|move|p2a: Whimsicott|Leech Seed|p1a: Togekiss
|-start|p1a: Togekiss|move: Leech Seed
|
|-damage|p1a: Togekiss|40/100 brn|[from] Leech Seed|[of] p2a: Whimsicott
|-damage|p1a: Togekiss|34/100 brn|[from] brn
|upkeep
|turn|20
|
|t:|1641696059
|move|p2a: Whimsicott|U-turn|p1a: Togekiss
|-resisted|p1a: Togekiss
|-damage|p1a: Togekiss|32/100 brn
|
|t:|1641696062
|switch|p2a: Clefable|Clefable, M, shiny|77/100|[from]move: U-turn
|move|p1a: Togekiss|Roost|p1a: Togekiss
|-heal|p1a: Togekiss|82/100 brn
|-singleturn|p1a: Togekiss|move: Roost
|
|-heal|p2a: Clefable|83/100|[from] item: Leftovers
|-damage|p1a: Togekiss|69/100 brn|[from] Leech Seed|[of] p2a: Clefable
|-heal|p2a: Clefable|95/100|[silent]
|-damage|p1a: Togekiss|63/100 brn|[from] brn
|upkeep
|turn|21
|
|t:|1641696072
|move|p1a: Togekiss|Thunder Wave|p2a: Clefable
|-status|p2a: Clefable|par
|move|p2a: Clefable|Moonblast|p1a: Togekiss
|-damage|p1a: Togekiss|39/100 brn
|
|-heal|p2a: Clefable|100/100 par|[from] item: Leftovers
|-damage|p1a: Togekiss|27/100 brn|[from] Leech Seed|[of] p2a: Clefable
|-damage|p1a: Togekiss|21/100 brn|[from] brn
|upkeep
|turn|22
|
|t:|1641696082
|move|p1a: Togekiss|Roost|p1a: Togekiss
|-heal|p1a: Togekiss|71/100 brn
|-singleturn|p1a: Togekiss|move: Roost
|move|p2a: Clefable|Moonblast|p1a: Togekiss
|-damage|p1a: Togekiss|46/100 brn
|-unboost|p1a: Togekiss|spa|1
|
|-damage|p1a: Togekiss|33/100 brn|[from] Leech Seed|[of] p2a: Clefable
|-damage|p1a: Togekiss|27/100 brn|[from] brn
|upkeep
|turn|23
|
|t:|1641696100
|move|p1a: Togekiss|Roost|p1a: Togekiss
|-heal|p1a: Togekiss|77/100 brn
|-singleturn|p1a: Togekiss|move: Roost
|move|p2a: Clefable|Moonblast|p1a: Togekiss
|-damage|p1a: Togekiss|53/100 brn
|-unboost|p1a: Togekiss|spa|1
|
|-damage|p1a: Togekiss|41/100 brn|[from] Leech Seed|[of] p2a: Clefable
|-damage|p1a: Togekiss|34/100 brn|[from] brn
|upkeep
|turn|24
|
|t:|1641696112
|move|p1a: Togekiss|Roost|p1a: Togekiss
|-heal|p1a: Togekiss|84/100 brn
|-singleturn|p1a: Togekiss|move: Roost
|move|p2a: Clefable|Moonblast|p1a: Togekiss
|-damage|p1a: Togekiss|60/100 brn
|
|-damage|p1a: Togekiss|48/100 brn|[from] Leech Seed|[of] p2a: Clefable
|-damage|p1a: Togekiss|42/100 brn|[from] brn
|upkeep
|turn|25
|
|t:|1641696148
|move|p1a: Togekiss|Roost|p1a: Togekiss
|-heal|p1a: Togekiss|92/100 brn
|-singleturn|p1a: Togekiss|move: Roost
|cant|p2a: Clefable|par
|
|-damage|p1a: Togekiss|79/100 brn|[from] Leech Seed|[of] p2a: Clefable
|-damage|p1a: Togekiss|73/100 brn|[from] brn
|upkeep
|turn|26
|
|t:|1641696158
|switch|p1a: Scizor|Scizor, F|93/100
|move|p2a: Clefable|Moonblast|p1a: Scizor
|-resisted|p1a: Scizor
|-damage|p1a: Scizor|76/100
|
|-heal|p1a: Scizor|82/100|[from] item: Leftovers
|upkeep
|turn|27
|
|t:|1641696169
|move|p1a: Scizor|Bullet Punch|p2a: Clefable
|-supereffective|p2a: Clefable
|-crit|p2a: Clefable
|-damage|p2a: Clefable|41/100 par
|move|p2a: Clefable|Flamethrower|p1a: Scizor
|-supereffective|p1a: Scizor
|-crit|p1a: Scizor
|-damage|p1a: Scizor|0 fnt
|faint|p1a: Scizor
|
|-heal|p2a: Clefable|47/100 par|[from] item: Leftovers
|upkeep
|
|t:|1641696178
|switch|p1a: Cloyster|Cloyster, F|100/100
|turn|28
|
|t:|1641696183
|move|p1a: Cloyster|Shell Smash|p1a: Cloyster
|-unboost|p1a: Cloyster|def|1
|-unboost|p1a: Cloyster|spd|1
|-boost|p1a: Cloyster|atk|2
|-boost|p1a: Cloyster|spa|2
|-boost|p1a: Cloyster|spe|2
|move|p2a: Clefable|Wish|p2a: Clefable
|
|-heal|p2a: Clefable|53/100 par|[from] item: Leftovers
|upkeep
|turn|29
|
|t:|1641696191
|move|p1a: Cloyster|Icicle Spear|p2a: Clefable
|-damage|p2a: Clefable|45/100 par
|-damage|p2a: Clefable|37/100 par
|-damage|p2a: Clefable|30/100 par
|-damage|p2a: Clefable|22/100 par
|-damage|p2a: Clefable|13/100 par
|-hitcount|p2a: Clefable|5
|move|p2a: Clefable|Moonblast|p1a: Cloyster
|-damage|p1a: Cloyster|24/100
|
|-heal|p2a: Clefable|63/100 par|[from] move: Wish|[wisher] Clefable
|-heal|p2a: Clefable|70/100 par|[from] item: Leftovers
|upkeep
|turn|30
|
|t:|1641696208
|switch|p1a: Togekiss|Togekiss, F|73/100 brn
|move|p2a: Clefable|Moonblast|p1a: Togekiss
|-damage|p1a: Togekiss|47/100 brn
|
|-heal|p2a: Clefable|76/100 par|[from] item: Leftovers
|-damage|p1a: Togekiss|41/100 brn|[from] brn
|upkeep
|turn|31
|
|t:|1641696220
|move|p1a: Togekiss|Roost|p1a: Togekiss
|-heal|p1a: Togekiss|91/100 brn
|-singleturn|p1a: Togekiss|move: Roost
|cant|p2a: Clefable|par
|
|-heal|p2a: Clefable|82/100 par|[from] item: Leftovers
|-damage|p1a: Togekiss|84/100 brn|[from] brn
|upkeep
|turn|32
|
|t:|1641696229
|move|p1a: Togekiss|Nasty Plot|p1a: Togekiss
|-boost|p1a: Togekiss|spa|2
|cant|p2a: Clefable|par
|
|-heal|p2a: Clefable|88/100 par|[from] item: Leftovers
|-damage|p1a: Togekiss|78/100 brn|[from] brn
|upkeep
|turn|33
|
|t:|1641696237
|move|p1a: Togekiss|Nasty Plot|p1a: Togekiss
|-boost|p1a: Togekiss|spa|2
|move|p2a: Clefable|Moonblast|p1a: Togekiss
|-damage|p1a: Togekiss|54/100 brn
|
|-heal|p2a: Clefable|94/100 par|[from] item: Leftovers
|-damage|p1a: Togekiss|48/100 brn|[from] brn
|upkeep
|turn|34
|
|t:|1641696246
|move|p1a: Togekiss|Roost|p1a: Togekiss
|-heal|p1a: Togekiss|98/100 brn
|-singleturn|p1a: Togekiss|move: Roost
|move|p2a: Clefable|Moonblast|p1a: Togekiss
|-damage|p1a: Togekiss|72/100 brn
|
|-heal|p2a: Clefable|99/100 par|[from] item: Leftovers
|-damage|p1a: Togekiss|66/100 brn|[from] brn
|upkeep
|turn|35
|
|t:|1641696256
|move|p1a: Togekiss|Nasty Plot|p1a: Togekiss
|-boost|p1a: Togekiss|spa|2
|move|p2a: Clefable|Moonblast|p1a: Togekiss
|-damage|p1a: Togekiss|40/100 brn
|
|-heal|p2a: Clefable|100/100 par|[from] item: Leftovers
|-damage|p1a: Togekiss|33/100 brn|[from] brn
|upkeep
|turn|36
|
|t:|1641696266
|switch|p2a: Togedemaru|Togedemaru, L1, M, shiny|100/100
|move|p1a: Togekiss|Roost|p1a: Togekiss
|-heal|p1a: Togekiss|83/100 brn
|-singleturn|p1a: Togekiss|move: Roost
|
|-damage|p1a: Togekiss|77/100 brn|[from] brn
|upkeep
|turn|37
|
|t:|1641696273
|move|p1a: Togekiss|Air Slash|p2a: Togedemaru
|-resisted|p2a: Togedemaru
|-ability|p2a: Togedemaru|Sturdy
|-damage|p2a: Togedemaru|9/100
|cant|p2a: Togedemaru|flinch
|
|-damage|p1a: Togekiss|71/100 brn|[from] brn
|upkeep
|turn|38
|
|t:|1641696288
|move|p2a: Togedemaru|Spiky Shield|p2a: Togedemaru
|-singleturn|p2a: Togedemaru|move: Protect
|move|p1a: Togekiss|Air Slash|p2a: Togedemaru
|-activate|p2a: Togedemaru|move: Protect
|
|-damage|p1a: Togekiss|65/100 brn|[from] brn
|upkeep
|turn|39
|
|t:|1641696300
|move|p2a: Togedemaru|Spiky Shield|p2a: Togedemaru
|-singleturn|p2a: Togedemaru|move: Protect
|move|p1a: Togekiss|Air Slash|p2a: Togedemaru
|-activate|p2a: Togedemaru|move: Protect
|
|-damage|p1a: Togekiss|59/100 brn|[from] brn
|upkeep
|turn|40
|
|t:|1641696306
|move|p2a: Togedemaru|Spiky Shield||[still]
|-fail|p2a: Togedemaru
|move|p1a: Togekiss|Air Slash|p2a: Togedemaru|[miss]
|-miss|p1a: Togekiss|p2a: Togedemaru
|
|-damage|p1a: Togekiss|53/100 brn|[from] brn
|upkeep
|turn|41
|
|t:|1641696315
|move|p2a: Togedemaru|Spiky Shield|p2a: Togedemaru
|-singleturn|p2a: Togedemaru|move: Protect
|move|p1a: Togekiss|Air Slash|p2a: Togedemaru
|-activate|p2a: Togedemaru|move: Protect
|
|-damage|p1a: Togekiss|46/100 brn|[from] brn
|upkeep
|turn|42
|
|t:|1641696327
|move|p2a: Togedemaru|Spiky Shield||[still]
|-fail|p2a: Togedemaru
|move|p1a: Togekiss|Air Slash|p2a: Togedemaru
|-resisted|p2a: Togedemaru
|-damage|p2a: Togedemaru|0 fnt
|faint|p2a: Togedemaru
|
|-damage|p1a: Togekiss|40/100 brn|[from] brn
|upkeep
|
|t:|1641696342
|switch|p2a: Whimsicott|Whimsicott, F, shiny|100/100
|turn|43
|
|t:|1641696348
|move|p2a: Whimsicott|Moonblast|p1a: Togekiss
|-damage|p1a: Togekiss|19/100 brn
|move|p1a: Togekiss|Air Slash|p2a: Whimsicott
|-supereffective|p2a: Whimsicott
|-damage|p2a: Whimsicott|0 fnt
|faint|p2a: Whimsicott
|
|-damage|p1a: Togekiss|13/100 brn|[from] brn
|upkeep
|
|t:|1641696355
|switch|p2a: Clefable|Clefable, M, shiny|100/100 par
|turn|44
|
|t:|1641696359
|move|p1a: Togekiss|Roost|p1a: Togekiss
|-heal|p1a: Togekiss|63/100 brn
|-singleturn|p1a: Togekiss|move: Roost
|move|p2a: Clefable|Moonblast|p1a: Togekiss
|-damage|p1a: Togekiss|37/100 brn
|
|-damage|p1a: Togekiss|31/100 brn|[from] brn
|upkeep
|turn|45
|
|t:|1641696367
|move|p1a: Togekiss|Roost|p1a: Togekiss
|-heal|p1a: Togekiss|81/100 brn
|-singleturn|p1a: Togekiss|move: Roost
|cant|p2a: Clefable|par
|
|-damage|p1a: Togekiss|75/100 brn|[from] brn
|upkeep
|turn|46
|
|t:|1641696375
|move|p1a: Togekiss|Air Slash|p2a: Clefable
|-damage|p2a: Clefable|70/100 par
|cant|p2a: Clefable|flinch
|
|-heal|p2a: Clefable|76/100 par|[from] item: Leftovers
|-damage|p1a: Togekiss|69/100 brn|[from] brn
|upkeep
|turn|47
|
|t:|1641696382
|move|p1a: Togekiss|Air Slash|p2a: Clefable
|-crit|p2a: Clefable
|-damage|p2a: Clefable|33/100 par
|cant|p2a: Clefable|flinch
|
|-heal|p2a: Clefable|39/100 par|[from] item: Leftovers
|-damage|p1a: Togekiss|63/100 brn|[from] brn
|upkeep
|turn|48
|
|t:|1641696394
|switch|p2a: Excadrill|Excadrill, M, shiny|81/100
|move|p1a: Togekiss|Air Slash|p2a: Excadrill
|-resisted|p2a: Excadrill
|-damage|p2a: Excadrill|0 fnt
|faint|p2a: Excadrill
|
|-damage|p1a: Togekiss|57/100 brn|[from] brn
|upkeep
|
|t:|1641696402
|switch|p2a: Clefable|Clefable, M, shiny|39/100 par
|turn|49
|
|t:|1641696406
|move|p1a: Togekiss|Air Slash|p2a: Clefable
|-damage|p2a: Clefable|11/100 par
|cant|p2a: Clefable|flinch
|
|-heal|p2a: Clefable|17/100 par|[from] item: Leftovers
|-damage|p1a: Togekiss|50/100 brn|[from] brn
|upkeep
|turn|50
|
|t:|1641696412
|cant|p2a: Clefable|par
|move|p1a: Togekiss|Air Slash|p2a: Clefable
|-damage|p2a: Clefable|0 fnt
|faint|p2a: Clefable
|
|-damage|p1a: Togekiss|44/100 brn|[from] brn
|upkeep
|
|t:|1641696419
|switch|p2a: Tyranitar|Tyranitar, M, shiny|49/100
|-weather|Sandstorm|[from] ability: Sand Stream|[of] p2a: Tyranitar
|turn|51
|
|t:|1641696424
|move|p1a: Togekiss|Air Slash|p2a: Tyranitar
|-resisted|p2a: Tyranitar
|-damage|p2a: Tyranitar|11/100
|cant|p2a: Tyranitar|flinch
|
|-weather|Sandstorm|[upkeep]
|-damage|p1a: Togekiss|38/100 brn|[from] Sandstorm
|-damage|p1a: Togekiss|32/100 brn|[from] brn
|upkeep
|turn|52
|
|t:|1641696432
|move|p1a: Togekiss|Air Slash|p2a: Tyranitar
|-resisted|p2a: Tyranitar
|-damage|p2a: Tyranitar|0 fnt
|faint|p2a: Tyranitar
|
|win|swdckenny
|c|☆swdckenny|:)
