|j|☆Ackesh
|j|☆SteadyCreepin
|t:|1641773674
|gametype|singles
|player|p1|Ackesh|169|1414
|player|p2|SteadyCreepin|dragontamer|1313
|teamsize|p1|6
|teamsize|p2|6
|gen|8
|tier|[Gen 8] OU
|rated|
|rule|Sleep Clause Mod: Limit one foe put to sleep
|rule|Species Clause: Limit one of each Pokémon
|rule|OHKO Clause: OHKO moves are banned
|rule|Evasion Moves Clause: Evasion moves are banned
|rule|Endless Battle Clause: Forcing endless battles is banned
|rule|HP Percentage Mod: HP is shown in percentages
|rule|Dynamax Clause: You cannot dynamax
|clearpoke
|poke|p1|Tyrantrum, F|
|poke|p1|Landorus-Therian, M|
|poke|p1|Tapu Lele|
|poke|p1|Regieleki|
|poke|p1|Zapdos|
|poke|p1|Clefable, F|
|poke|p2|Slowking-Galar, M|
|poke|p2|Politoed, F|
|poke|p2|Kingdra, M|
|poke|p2|Kabutops, M|
|poke|p2|Umbreon, M|
|poke|p2|Corviknight, F|
|teampreview
|inactive|Battle timer is ON: inactive players will automatically lose when time's up. (requested by SteadyCreepin)
|
|t:|1641773688
|start
|switch|p1a: Regieleki|Regieleki|100/100
|switch|p2a: Politoed|Politoed, F|100/100
|-weather|RainDance|[from] ability: Drizzle|[of] p2a: Politoed
|turn|1
|
|t:|1641773695
|switch|p2a: Slowking|Slowking-Galar, M|100/100
|move|p1a: Regieleki|Volt Switch|p2a: Slowking
|-damage|p2a: Slowking|68/100
|
|t:|1641773698
|switch|p1a: Landorus|Landorus-Therian, M|100/100|[from]move: Volt Switch
|-ability|p1a: Landorus|Intimidate|boost
|-unboost|p2a: Slowking|atk|1
|
|-weather|RainDance|[upkeep]
|upkeep
|turn|2
|
|t:|1641773706
|switch|p2a: Kingdra|Kingdra, M|100/100
|move|p1a: Landorus|U-turn|p2a: Kingdra
|-damage|p2a: Kingdra|47/100
|
|t:|1641773721
|switch|p1a: Zapdos|Zapdos|100/100|[from]move: U-turn
|
|-weather|RainDance|[upkeep]
|upkeep
|turn|3
|
|t:|1641773728
|move|p2a: Kingdra|Surf|p1a: Zapdos
|-damage|p1a: Zapdos|30/100
|move|p1a: Zapdos|Volt Switch|p2a: Kingdra
|-damage|p2a: Kingdra|8/100
|inactive|Ackesh has 120 seconds left.
|inactive|Ackesh has 90 seconds left.
|
|t:|1641773800
|switch|p1a: Regieleki|Regieleki|100/100|[from]move: Volt Switch
|
|-weather|RainDance|[upkeep]
|upkeep
|turn|4
|
|t:|1641773811
|switch|p2a: Umbreon|Umbreon, M, shiny|100/100
|move|p1a: Regieleki|Volt Switch|p2a: Umbreon
|-damage|p2a: Umbreon|55/100
|
|t:|1641773814
|switch|p1a: Landorus|Landorus-Therian, M|100/100|[from]move: Volt Switch
|-ability|p1a: Landorus|Intimidate|boost
|-unboost|p2a: Umbreon|atk|1
|
|-weather|RainDance|[upkeep]
|-heal|p2a: Umbreon|61/100|[from] item: Leftovers
|upkeep
|turn|5
|
|t:|1641773821
|move|p2a: Umbreon|Protect|p2a: Umbreon
|-singleturn|p2a: Umbreon|Protect
|move|p1a: Landorus|U-turn|p2a: Umbreon
|-activate|p2a: Umbreon|move: Protect
|
|-weather|RainDance|[upkeep]
|-heal|p2a: Umbreon|67/100|[from] item: Leftovers
|upkeep
|turn|6
|
|t:|1641773829
|switch|p2a: Corviknight|Corviknight, F|100/100
|-ability|p2a: Corviknight|Pressure
|move|p1a: Landorus|U-turn|p2a: Corviknight
|-resisted|p2a: Corviknight
|-damage|p2a: Corviknight|93/100
|-damage|p1a: Landorus|84/100|[from] item: Rocky Helmet|[of] p2a: Corviknight
|
|t:|1641773832
|switch|p1a: Regieleki|Regieleki|100/100|[from]move: U-turn
|
|-weather|RainDance|[upkeep]
|upkeep
|turn|7
|
|t:|1641773840
|switch|p2a: Slowking|Slowking-Galar, M|100/100
|move|p1a: Regieleki|Volt Switch|p2a: Slowking
|-damage|p2a: Slowking|67/100
|inactive|Ackesh has 120 seconds left.
|
|t:|1641773850
|switch|p1a: Tyrantrum|Tyrantrum, F|100/100|[from]move: Volt Switch
|
|-weather|RainDance|[upkeep]
|upkeep
|turn|8
|
|t:|1641773856
|switch|p2a: Corviknight|Corviknight, F|93/100
|-ability|p2a: Corviknight|Pressure
|move|p1a: Tyrantrum|Head Smash|p2a: Corviknight|[miss]
|-miss|p1a: Tyrantrum|p2a: Corviknight
|
|-weather|none
|upkeep
|turn|9
|
|t:|1641773865
|move|p1a: Tyrantrum|Head Smash|p2a: Corviknight
|-damage|p2a: Corviknight|51/100
|-damage|p1a: Tyrantrum|84/100|[from] item: Rocky Helmet|[of] p2a: Corviknight
|move|p2a: Corviknight|Bulk Up|p2a: Corviknight
|-boost|p2a: Corviknight|atk|1
|-boost|p2a: Corviknight|def|1
|
|upkeep
|turn|10
|
|t:|1641773882
|switch|p1a: Zapdos|Zapdos|30/100
|move|p2a: Corviknight|Roost|p2a: Corviknight
|-heal|p2a: Corviknight|100/100
|-singleturn|p2a: Corviknight|move: Roost
|
|upkeep
|turn|11
|
|t:|1641773891
|switch|p2a: Slowking|Slowking-Galar, M|99/100
|move|p1a: Zapdos|Roost|p1a: Zapdos
|-heal|p1a: Zapdos|80/100
|-singleturn|p1a: Zapdos|move: Roost
|
|upkeep
|turn|12
|
|t:|1641773897
|move|p1a: Zapdos|Volt Switch|p2a: Slowking
|-damage|p2a: Slowking|85/100
|
|t:|1641773903
|switch|p1a: Landorus|Landorus-Therian, M|84/100|[from]move: Volt Switch
|-ability|p1a: Landorus|Intimidate|boost
|-unboost|p2a: Slowking|atk|1
|move|p2a: Slowking|Future Sight|p1a: Landorus
|-start|p2a: Slowking|move: Future Sight
|
|upkeep
|turn|13
|
|t:|1641773913
|switch|p2a: Politoed|Politoed, F|100/100
|-weather|RainDance|[from] ability: Drizzle|[of] p2a: Politoed
|move|p1a: Landorus|U-turn|p2a: Politoed
|-damage|p2a: Politoed|62/100
|
|t:|1641773926
|switch|p1a: Regieleki|Regieleki|100/100|[from]move: U-turn
|
|-weather|RainDance|[upkeep]
|upkeep
|turn|14
|
|t:|1641773934
|switch|p2a: Slowking|Slowking-Galar, M|100/100
|move|p1a: Regieleki|Volt Switch|p2a: Slowking
|-damage|p2a: Slowking|67/100
|
|t:|1641773939
|switch|p1a: Landorus|Landorus-Therian, M|84/100|[from]move: Volt Switch
|-ability|p1a: Landorus|Intimidate|boost
|-unboost|p2a: Slowking|atk|1
|
|-weather|RainDance|[upkeep]
|-end|p1a: Landorus|move: Future Sight
|-damage|p1a: Landorus|13/100
|upkeep
|turn|15
|
|t:|1641773951
|switch|p1a: Regieleki|Regieleki|100/100
|switch|p2a: Corviknight|Corviknight, F|100/100
|-ability|p2a: Corviknight|Pressure
|
|-weather|RainDance|[upkeep]
|upkeep
|turn|16
|
|t:|1641773959
|switch|p2a: Slowking|Slowking-Galar, M|99/100
|move|p1a: Regieleki|Thunderbolt|p2a: Slowking
|-damage|p2a: Slowking|61/100
|
|-weather|RainDance|[upkeep]
|upkeep
|turn|17
|
|t:|1641773965
|move|p1a: Regieleki|Thunderbolt|p2a: Slowking
|-damage|p2a: Slowking|19/100
|-status|p2a: Slowking|par
|move|p2a: Slowking|Future Sight|p1a: Regieleki
|-start|p2a: Slowking|move: Future Sight
|
|-weather|RainDance|[upkeep]
|upkeep
|turn|18
|
|t:|1641773978
|switch|p2a: Umbreon|Umbreon, M, shiny|67/100
|move|p1a: Regieleki|Thunderbolt|p2a: Umbreon
|-damage|p2a: Umbreon|8/100
|
|-weather|RainDance|[upkeep]
|-heal|p2a: Umbreon|15/100|[from] item: Leftovers
|upkeep
|turn|19
|
|t:|1641773989
|switch|p1a: Tyrantrum|Tyrantrum, F|84/100
|move|p2a: Umbreon|Protect||[still]
|-fail|p2a: Umbreon
|
|-weather|RainDance|[upkeep]
|-end|p1a: Tyrantrum|move: Future Sight
|-damage|p1a: Tyrantrum|0 fnt
|faint|p1a: Tyrantrum
|-heal|p2a: Umbreon|21/100|[from] item: Leftovers
|upkeep
|
|t:|1641773993
|switch|p1a: Regieleki|Regieleki|100/100
|turn|20
|
|t:|1641774002
|move|p2a: Umbreon|Protect|p2a: Umbreon
|-singleturn|p2a: Umbreon|Protect
|move|p1a: Regieleki|Thunderbolt|p2a: Umbreon
|-activate|p2a: Umbreon|move: Protect
|
|-weather|none
|-heal|p2a: Umbreon|27/100|[from] item: Leftovers
|upkeep
|turn|21
|
|t:|1641774013
|switch|p2a: Slowking|Slowking-Galar, M|52/100 par
|move|p1a: Regieleki|Thunderbolt|p2a: Slowking
|-damage|p2a: Slowking|10/100 par
|
|upkeep
|turn|22
|
|t:|1641774020
|switch|p2a: Politoed|Politoed, F|62/100
|-weather|RainDance|[from] ability: Drizzle|[of] p2a: Politoed
|move|p1a: Regieleki|Thunderbolt|p2a: Politoed
|-supereffective|p2a: Politoed
|-damage|p2a: Politoed|0 fnt
|faint|p2a: Politoed
|
|-weather|RainDance|[upkeep]
|upkeep
|
|t:|1641774028
|switch|p2a: Kingdra|Kingdra, M|8/100
|turn|23
|
|t:|1641774047
|move|p1a: Regieleki|Thunderbolt|p2a: Kingdra
|-damage|p2a: Kingdra|0 fnt
|faint|p2a: Kingdra
|
|-weather|RainDance|[upkeep]
|upkeep
|
|t:|1641774058
|switch|p2a: Slowking|Slowking-Galar, M|44/100 par
|turn|24
|
|t:|1641774077
|switch|p1a: Zapdos|Zapdos|80/100
|move|p2a: Slowking|Sludge Bomb|p1a: Zapdos
|-damage|p1a: Zapdos|45/100
|
|-weather|RainDance|[upkeep]
|upkeep
|turn|25
|
|t:|1641774084
|move|p1a: Zapdos|Volt Switch|p2a: Slowking
|-damage|p2a: Slowking|30/100 par
|
|t:|1641774090
|switch|p1a: Landorus|Landorus-Therian, M|13/100|[from]move: Volt Switch
|-ability|p1a: Landorus|Intimidate|boost
|-unboost|p2a: Slowking|atk|1
|move|p2a: Slowking|Psyshock|p1a: Landorus
|-damage|p1a: Landorus|0 fnt
|faint|p1a: Landorus
|
|-weather|RainDance|[upkeep]
|upkeep
|
|t:|1641774095
|switch|p1a: Regieleki|Regieleki|100/100
|turn|26
|
|t:|1641774109
|move|p1a: Regieleki|Volt Switch|p2a: Slowking
|-damage|p2a: Slowking|0 fnt
|faint|p2a: Slowking
|
|t:|1641774117
|switch|p1a: Zapdos|Zapdos|45/100|[from]move: Volt Switch
|
|-weather|RainDance|[upkeep]
|upkeep
|
|t:|1641774121
|switch|p2a: Kabutops|Kabutops, M|100/100
|turn|27
|
|t:|1641774128
|move|p2a: Kabutops|Rapid Spin|p1a: Zapdos
|-damage|p1a: Zapdos|19/100
|-boost|p2a: Kabutops|spe|1
|-damage|p2a: Kabutops|91/100|[from] item: Life Orb
|move|p1a: Zapdos|Volt Switch|p2a: Kabutops
|-supereffective|p2a: Kabutops
|-damage|p2a: Kabutops|0 fnt
|faint|p2a: Kabutops
|
|t:|1641774141
|switch|p1a: Regieleki|Regieleki|100/100|[from]move: Volt Switch
|
|-weather|RainDance|[upkeep]
|upkeep
|
|t:|1641774146
|switch|p2a: Umbreon|Umbreon, M, shiny|27/100
|turn|28
|
|t:|1641774149
|switch|p1a: Clefable|Clefable, F|100/100
|move|p2a: Umbreon|Protect||[still]
|-fail|p2a: Umbreon
|
|-weather|RainDance|[upkeep]
|-heal|p2a: Umbreon|33/100|[from] item: Leftovers
|upkeep
|turn|29
|
|t:|1641774158
|switch|p2a: Corviknight|Corviknight, F|100/100
|-ability|p2a: Corviknight|Pressure
|move|p1a: Clefable|Cosmic Power|p1a: Clefable
|-boost|p1a: Clefable|def|1
|-boost|p1a: Clefable|spd|1
|
|-weather|none
|upkeep
|turn|30
|
|t:|1641774166
|move|p2a: Corviknight|Brave Bird|p1a: Clefable
|-damage|p1a: Clefable|81/100
|-damage|p2a: Corviknight|94/100|[from] Recoil
|move|p1a: Clefable|Cosmic Power|p1a: Clefable
|-boost|p1a: Clefable|def|1
|-boost|p1a: Clefable|spd|1
|
|-heal|p1a: Clefable|87/100|[from] item: Leftovers
|upkeep
|turn|31
|-message|SteadyCreepin forfeited.
|
|win|Ackesh
|raw|Ackesh's rating: 1414 &rarr; <strong>1428</strong><br />(+14 for winning)
|raw|SteadyCreepin's rating: 1313 &rarr; <strong>1299</strong><br />(-14 for losing)
|l|☆SteadyCreepin
