|j|☆CalCurry123
|j|☆Ackesh
|t:|1641763162
|gametype|singles
|player|p1|CalCurry123|acetrainer-gen4dp|1338
|player|p2|Ackesh|170|1354
|teamsize|p1|6
|teamsize|p2|6
|gen|8
|tier|[Gen 8] OU
|rated|
|rule|Sleep Clause Mod: Limit one foe put to sleep
|rule|Species Clause: Limit one of each Pokémon
|rule|OHKO Clause: OHKO moves are banned
|rule|Evasion Moves Clause: Evasion moves are banned
|rule|Endless Battle Clause: Forcing endless battles is banned
|rule|HP Percentage Mod: HP is shown in percentages
|rule|Dynamax Clause: You cannot dynamax
|clearpoke
|poke|p1|Tapu Koko|
|poke|p1|Hawlucha, F|
|poke|p1|Dragapult, F|
|poke|p1|Ferrothorn, M|
|poke|p1|Garchomp, M|
|poke|p1|Toxapex, M|
|poke|p2|Tyrantrum, F|
|poke|p2|Landorus-Therian, M|
|poke|p2|Tapu Lele|
|poke|p2|Regieleki|
|poke|p2|Zapdos|
|poke|p2|Heatran, F|
|teampreview
|inactive|Battle timer is ON: inactive players will automatically lose when time's up. (requested by CalCurry123)
|
|t:|1641763172
|start
|switch|p1a: Tapu Koko|Tapu Koko|100/100
|switch|p2a: Tapu Lele|Tapu Lele|100/100
|-fieldstart|move: Electric Terrain|[from] ability: Electric Surge|[of] p1a: Tapu Koko
|-fieldstart|move: Psychic Terrain|[from] ability: Psychic Surge|[of] p2a: Tapu Lele
|turn|1
|
|t:|1641763184
|switch|p2a: Landorus|Landorus-Therian, M|100/100
|-ability|p2a: Landorus|Intimidate|boost
|-unboost|p1a: Tapu Koko|atk|1
|move|p1a: Tapu Koko|Light Screen|p1a: Tapu Koko
|-sidestart|p1: CalCurry123|move: Light Screen
|
|upkeep
|turn|2
|
|t:|1641763190
|move|p1a: Tapu Koko|Taunt|p2a: Landorus
|-start|p2a: Landorus|move: Taunt
|move|p2a: Landorus|Earthquake|p1a: Tapu Koko
|-supereffective|p1a: Tapu Koko
|-damage|p1a: Tapu Koko|0 fnt
|faint|p1a: Tapu Koko
|
|upkeep
|
|t:|1641763197
|switch|p1a: Hawlucha|Hawlucha, F|100/100
|turn|3
|inactive|Ackesh has 120 seconds left.
|
|t:|1641763229
|switch|p2a: Zapdos|Zapdos|100/100
|move|p1a: Hawlucha|Swords Dance|p1a: Hawlucha
|-boost|p1a: Hawlucha|atk|2
|
|upkeep
|turn|4
|
|t:|1641763238
|move|p2a: Zapdos|Volt Switch|p1a: Hawlucha
|-supereffective|p1a: Hawlucha
|-damage|p1a: Hawlucha|58/100
|inactive|Ackesh has 120 seconds left.
|
|t:|1641763271
|switch|p2a: Landorus|Landorus-Therian, M|100/100|[from]move: Volt Switch
|-ability|p2a: Landorus|Intimidate|boost
|-unboost|p1a: Hawlucha|atk|1
|move|p1a: Hawlucha|Swords Dance|p1a: Hawlucha
|-boost|p1a: Hawlucha|atk|2
|
|upkeep
|turn|5
|
|t:|1641763285
|move|p2a: Landorus|Stone Edge|p1a: Hawlucha
|-damage|p1a: Hawlucha|0 fnt
|faint|p1a: Hawlucha
|
|-fieldend|move: Psychic Terrain
|upkeep
|
|t:|1641763292
|switch|p1a: Garchomp|Garchomp, M|100/100
|turn|6
|
|t:|1641763303
|switch|p2a: Tyrantrum|Tyrantrum, F|100/100
|move|p1a: Garchomp|Swords Dance|p1a: Garchomp
|-boost|p1a: Garchomp|atk|2
|
|upkeep
|turn|7
|
|t:|1641763316
|move|p2a: Tyrantrum|Toxic|p1a: Garchomp
|-status|p1a: Garchomp|tox
|move|p1a: Garchomp|Scale Shot|p2a: Tyrantrum
|-supereffective|p2a: Tyrantrum
|-damage|p2a: Tyrantrum|51/100
|-supereffective|p2a: Tyrantrum
|-damage|p2a: Tyrantrum|2/100
|-supereffective|p2a: Tyrantrum
|-damage|p2a: Tyrantrum|0 fnt
|faint|p2a: Tyrantrum
|-hitcount|p2: Tyrantrum|3
|-unboost|p1a: Garchomp|def|1
|-boost|p1a: Garchomp|spe|1
|
|-damage|p1a: Garchomp|94/100 tox|[from] psn
|upkeep
|
|t:|1641763318
|switch|p2a: Landorus|Landorus-Therian, M|100/100
|-ability|p2a: Landorus|Intimidate|boost
|-unboost|p1a: Garchomp|atk|1
|turn|8
|
|t:|1641763333
|switch|p2a: Tapu Lele|Tapu Lele|100/100
|-fieldstart|move: Psychic Terrain|[from] ability: Psychic Surge|[of] p2a: Tapu Lele
|move|p1a: Garchomp|Swords Dance|p1a: Garchomp
|-boost|p1a: Garchomp|atk|2
|
|-heal|p1a: Garchomp|100/100 tox|[from] item: Leftovers
|-damage|p1a: Garchomp|88/100 tox|[from] psn
|-sideend|p1: CalCurry123|move: Light Screen
|upkeep
|turn|9
|inactive|Ackesh has 120 seconds left.
|
|t:|1641763349
|switch|p2a: Landorus|Landorus-Therian, M|100/100
|-ability|p2a: Landorus|Intimidate|boost
|-unboost|p1a: Garchomp|atk|1
|move|p1a: Garchomp|Fire Fang|p2a: Landorus
|-damage|p2a: Landorus|51/100
|
|-heal|p1a: Garchomp|94/100 tox|[from] item: Leftovers
|-damage|p1a: Garchomp|76/100 tox|[from] psn
|upkeep
|turn|10
|
|t:|1641763358
|switch|p2a: Tapu Lele|Tapu Lele|100/100
|move|p1a: Garchomp|Scale Shot|p2a: Tapu Lele
|-immune|p2a: Tapu Lele
|
|-heal|p1a: Garchomp|82/100 tox|[from] item: Leftovers
|-damage|p1a: Garchomp|57/100 tox|[from] psn
|upkeep
|turn|11
|inactive|Ackesh has 120 seconds left.
|
|t:|1641763379
|move|p1a: Garchomp|Earthquake|p2a: Tapu Lele
|-damage|p2a: Tapu Lele|0 fnt
|faint|p2a: Tapu Lele
|
|-heal|p1a: Garchomp|64/100 tox|[from] item: Leftovers
|-damage|p1a: Garchomp|33/100 tox|[from] psn
|upkeep
|
|t:|1641763381
|switch|p2a: Heatran|Heatran, F|100/100
|turn|12
|
|t:|1641763387
|move|p2a: Heatran|Protect|p2a: Heatran
|-singleturn|p2a: Heatran|Protect
|move|p1a: Garchomp|Earthquake|p2a: Heatran
|-activate|p2a: Heatran|move: Protect
|
|-heal|p1a: Garchomp|39/100 tox|[from] item: Leftovers
|-damage|p1a: Garchomp|2/100 tox|[from] psn
|-fieldend|move: Psychic Terrain
|upkeep
|turn|13
|
|t:|1641763404
|switch|p2a: Zapdos|Zapdos|100/100
|move|p1a: Garchomp|Scale Shot|p2a: Zapdos
|-damage|p2a: Zapdos|74/100
|-damage|p2a: Zapdos|48/100
|-hitcount|p2a: Zapdos|2
|-unboost|p1a: Garchomp|def|1
|-boost|p1a: Garchomp|spe|1
|
|-heal|p1a: Garchomp|8/100 tox|[from] item: Leftovers
|-damage|p1a: Garchomp|0 fnt|[from] psn
|faint|p1a: Garchomp
|upkeep
|
|t:|1641763416
|switch|p1a: Dragapult|Dragapult, F|100/100
|turn|14
|
|t:|1641763430
|move|p1a: Dragapult|Shadow Ball|p2a: Zapdos
|-damage|p2a: Zapdos|5/100
|move|p2a: Zapdos|Volt Switch|p1a: Dragapult
|-resisted|p1a: Dragapult
|-damage|p1a: Dragapult|82/100
|
|t:|1641763439
|switch|p2a: Regieleki|Regieleki|100/100|[from]move: Volt Switch
|
|upkeep
|turn|15
|
|t:|1641763445
|switch|p1a: Ferrothorn|Ferrothorn, M|100/100
|move|p2a: Regieleki|Volt Switch|p1a: Ferrothorn
|-resisted|p1a: Ferrothorn
|-damage|p1a: Ferrothorn|70/100
|
|t:|1641763453
|switch|p2a: Zapdos|Zapdos|5/100|[from]move: Volt Switch
|
|-heal|p1a: Ferrothorn|76/100|[from] item: Leftovers
|upkeep
|turn|16
|
|t:|1641763459
|move|p2a: Zapdos|Heat Wave|p1a: Ferrothorn
|-supereffective|p1a: Ferrothorn
|-damage|p1a: Ferrothorn|0 fnt
|faint|p1a: Ferrothorn
|
|upkeep
|
|t:|1641763464
|switch|p1a: Dragapult|Dragapult, F|82/100
|turn|17
|
|t:|1641763467
|move|p1a: Dragapult|Shadow Ball|p2a: Zapdos
|-damage|p2a: Zapdos|0 fnt
|faint|p2a: Zapdos
|
|upkeep
|
|t:|1641763472
|switch|p2a: Regieleki|Regieleki|100/100
|turn|18
|
|t:|1641763474
|move|p2a: Regieleki|Volt Switch|p1a: Dragapult
|-resisted|p1a: Dragapult
|-damage|p1a: Dragapult|38/100
|
|t:|1641763477
|switch|p2a: Landorus|Landorus-Therian, M|51/100|[from]move: Volt Switch
|-ability|p2a: Landorus|Intimidate|boost
|-unboost|p1a: Dragapult|atk|1
|move|p1a: Dragapult|Shadow Ball|p2a: Landorus
|-damage|p2a: Landorus|0 fnt
|faint|p2a: Landorus
|
|upkeep
|
|t:|1641763479
|switch|p2a: Regieleki|Regieleki|100/100
|turn|19
|
|t:|1641763487
|switch|p1a: Toxapex|Toxapex, M|100/100
|move|p2a: Regieleki|Thunderbolt|p1a: Toxapex
|-supereffective|p1a: Toxapex
|-damage|p1a: Toxapex|0 fnt
|faint|p1a: Toxapex
|
|upkeep
|
|t:|1641763494
|switch|p1a: Dragapult|Dragapult, F|38/100
|turn|20
|-message|CalCurry123 forfeited.
|
|win|Ackesh
|raw|CalCurry123's rating: 1338 &rarr; <strong>1320</strong><br />(-18 for losing)
|raw|Ackesh's rating: 1374 &rarr; <strong>1392</strong><br />(+18 for winning)
|l|☆CalCurry123
||Ladder isn't responding, score probably updated but might not have (Request timeout).
