|j|☆GoldenTTRex1
|j|☆ddrriifftt
|t:|1641863080
|gametype|singles
|player|p1|GoldenTTRex1|hilbert-wonderlauncher|1453
|player|p2|ddrriifftt|juggler-gen1rb|1456
|teamsize|p1|6
|teamsize|p2|6
|gen|8
|tier|[Gen 8] OU
|rated|
|rule|Sleep Clause Mod: Limit one foe put to sleep
|rule|Species Clause: Limit one of each Pokémon
|rule|OHKO Clause: OHKO moves are banned
|rule|Evasion Moves Clause: Evasion moves are banned
|rule|Endless Battle Clause: Forcing endless battles is banned
|rule|HP Percentage Mod: HP is shown in percentages
|rule|Dynamax Clause: You cannot dynamax
|clearpoke
|poke|p1|Hawlucha, M|
|poke|p1|Pelipper, F|
|poke|p1|Ferrothorn, F|
|poke|p1|Seismitoad, F|
|poke|p1|Tapu Koko|
|poke|p1|Kingdra, M|
|poke|p2|Tapu Lele|
|poke|p2|Rillaboom, M|
|poke|p2|Garchomp, F|
|poke|p2|Zapdos|
|poke|p2|Heatran, F|
|poke|p2|Tapu Fini|
|teampreview
|inactive|Battle timer is ON: inactive players will automatically lose when time's up. (requested by GoldenTTRex1)
|
|t:|1641863089
|start
|switch|p1a: Tapu Koko|Tapu Koko|100/100
|switch|p2a: Garchomp|Garchomp, F|100/100
|-fieldstart|move: Electric Terrain|[from] ability: Electric Surge|[of] p1a: Tapu Koko
|turn|1
|
|t:|1641863102
|move|p1a: Tapu Koko|Dazzling Gleam|p2a: Garchomp
|-supereffective|p2a: Garchomp
|-damage|p2a: Garchomp|40/100
|move|p2a: Garchomp|Stealth Rock|p1a: Tapu Koko
|-sidestart|p1: GoldenTTRex1|move: Stealth Rock
|
|upkeep
|turn|2
|
|t:|1641863109
|switch|p2a: Heatran|Heatran, F|100/100
|move|p1a: Tapu Koko|Dazzling Gleam|p2a: Heatran
|-resisted|p2a: Heatran
|-damage|p2a: Heatran|93/100
|
|-heal|p2a: Heatran|99/100|[from] item: Leftovers
|upkeep
|turn|3
|
|t:|1641863129
|move|p1a: Tapu Koko|Thunder|p2a: Heatran
|-damage|p2a: Heatran|38/100
|move|p2a: Heatran|Magma Storm|p1a: Tapu Koko
|-damage|p1a: Tapu Koko|16/100
|-activate|p1a: Tapu Koko|move: Magma Storm|[of] p2a: Heatran
|
|-heal|p2a: Heatran|44/100|[from] item: Leftovers
|-damage|p1a: Tapu Koko|3/100|[from] move: Magma Storm|[partiallytrapped]
|upkeep
|turn|4
|
|t:|1641863136
|switch|p2a: Garchomp|Garchomp, F|40/100
|move|p1a: Tapu Koko|U-turn|p2a: Garchomp
|-damage|p2a: Garchomp|28/100
|-damage|p1a: Tapu Koko|0 fnt|[from] ability: Rough Skin|[of] p2a: Garchomp
|faint|p1a: Tapu Koko
|
|upkeep
|
|t:|1641863141
|switch|p1a: Hawlucha|Hawlucha, M|100/100
|-damage|p1a: Hawlucha|88/100|[from] Stealth Rock
|-enditem|p1a: Hawlucha|Electric Seed
|-boost|p1a: Hawlucha|def|1|[from] item: Electric Seed
|turn|5
|
|t:|1641863143
|move|p1a: Hawlucha|Swords Dance|p1a: Hawlucha
|-boost|p1a: Hawlucha|atk|2
|move|p2a: Garchomp|Toxic|p1a: Hawlucha
|-status|p1a: Hawlucha|tox
|
|-damage|p1a: Hawlucha|82/100 tox|[from] psn
|-fieldend|move: Electric Terrain
|upkeep
|turn|6
|
|t:|1641863146
|move|p1a: Hawlucha|Drain Punch|p2a: Garchomp
|-damage|p2a: Garchomp|0 fnt
|-heal|p1a: Hawlucha|99/100 tox|[from] drain|[of] p2a: Garchomp
|-damage|p1a: Hawlucha|87/100 tox|[from] ability: Rough Skin|[of] p2a: Garchomp
|-damage|p1a: Hawlucha|71/100 tox|[from] item: Rocky Helmet|[of] p2a: Garchomp
|faint|p2a: Garchomp
|
|-damage|p1a: Hawlucha|59/100 tox|[from] psn
|upkeep
|
|t:|1641863157
|switch|p2a: Zapdos|Zapdos|100/100
|turn|7
|inactive|GoldenTTRex1 has 120 seconds left.
|
|t:|1641863191
|switch|p2a: Heatran|Heatran, F|44/100
|move|p1a: Hawlucha|Acrobatics|p2a: Heatran
|-resisted|p2a: Heatran
|-damage|p2a: Heatran|0 fnt
|faint|p2a: Heatran
|
|-damage|p1a: Hawlucha|40/100 tox|[from] psn
|upkeep
|
|t:|1641863196
|switch|p2a: Zapdos|Zapdos|100/100
|turn|8
|
|t:|1641863201
|move|p1a: Hawlucha|Acrobatics|p2a: Zapdos
|-resisted|p2a: Zapdos
|-damage|p2a: Zapdos|63/100
|move|p2a: Zapdos|Discharge|p1a: Hawlucha
|-supereffective|p1a: Hawlucha
|-damage|p1a: Hawlucha|0 fnt
|faint|p1a: Hawlucha
|
|upkeep
|
|t:|1641863207
|switch|p1a: Ferrothorn|Ferrothorn, F|100/100
|-damage|p1a: Ferrothorn|94/100|[from] Stealth Rock
|turn|9
|
|t:|1641863211
|switch|p2a: Tapu Lele|Tapu Lele|100/100
|-fieldstart|move: Psychic Terrain|[from] ability: Psychic Surge|[of] p2a: Tapu Lele
|move|p1a: Ferrothorn|Stealth Rock|p2a: Tapu Lele
|-sidestart|p2: ddrriifftt|move: Stealth Rock
|
|-heal|p1a: Ferrothorn|100/100|[from] item: Leftovers
|upkeep
|turn|10
|
|t:|1641863215
|move|p2a: Tapu Lele|Focus Blast|p1a: Ferrothorn
|-supereffective|p1a: Ferrothorn
|-damage|p1a: Ferrothorn|33/100
|move|p1a: Ferrothorn|Gyro Ball|p2a: Tapu Lele
|-supereffective|p2a: Tapu Lele
|-damage|p2a: Tapu Lele|0 fnt
|faint|p2a: Tapu Lele
|
|-heal|p1a: Ferrothorn|40/100|[from] item: Leftovers
|upkeep
|
|t:|1641863226
|switch|p2a: Rillaboom|Rillaboom, M|100/100
|-damage|p2a: Rillaboom|88/100|[from] Stealth Rock
|-fieldstart|move: Grassy Terrain|[from] ability: Grassy Surge|[of] p2a: Rillaboom
|turn|11
|
|t:|1641863229
|move|p1a: Ferrothorn|Protect|p1a: Ferrothorn
|-singleturn|p1a: Ferrothorn|Protect
|move|p2a: Rillaboom|Superpower|p1a: Ferrothorn
|-activate|p1a: Ferrothorn|move: Protect
|
|-heal|p2a: Rillaboom|94/100|[from] Grassy Terrain
|-heal|p1a: Ferrothorn|46/100|[from] Grassy Terrain
|-heal|p1a: Ferrothorn|52/100|[from] item: Leftovers
|upkeep
|turn|12
|
|t:|1641863237
|switch|p2a: Zapdos|Zapdos|63/100
|move|p1a: Ferrothorn|Gyro Ball|p2a: Zapdos
|-resisted|p2a: Zapdos
|-damage|p2a: Zapdos|44/100
|
|-heal|p1a: Ferrothorn|58/100|[from] Grassy Terrain
|-heal|p1a: Ferrothorn|65/100|[from] item: Leftovers
|upkeep
|turn|13
|
|t:|1641863241
|move|p2a: Zapdos|Roost|p2a: Zapdos
|-heal|p2a: Zapdos|94/100
|-singleturn|p2a: Zapdos|move: Roost
|move|p1a: Ferrothorn|Leech Seed|p2a: Zapdos
|-start|p2a: Zapdos|move: Leech Seed
|
|-heal|p2a: Zapdos|99/100|[from] Grassy Terrain
|-heal|p1a: Ferrothorn|71/100|[from] Grassy Terrain
|-heal|p1a: Ferrothorn|77/100|[from] item: Leftovers
|-damage|p2a: Zapdos|88/100|[from] Leech Seed|[of] p1a: Ferrothorn
|-heal|p1a: Ferrothorn|91/100|[silent]
|upkeep
|turn|14
|
|t:|1641863251
|switch|p1a: Pelipper|Pelipper, F|100/100
|-damage|p1a: Pelipper|76/100|[from] Stealth Rock
|-weather|RainDance|[from] ability: Drizzle|[of] p1a: Pelipper
|move|p2a: Zapdos|Defog|p1a: Pelipper
|-unboost|p1a: Pelipper|evasion|1
|-sideend|p1: GoldenTTRex1|Stealth Rock|[from] move: Defog|[of] p2a: Zapdos
|-sideend|p2: ddrriifftt|Stealth Rock|[from] move: Defog|[of] p2a: Zapdos
|-fieldend|move: Grassy Terrain
|
|-weather|RainDance|[upkeep]
|-damage|p2a: Zapdos|75/100|[from] Leech Seed|[of] p1a: Pelipper
|-heal|p1a: Pelipper|90/100|[silent]
|upkeep
|turn|15
|
|t:|1641863256
|switch|p2a: Rillaboom|Rillaboom, M|94/100
|-fieldstart|move: Grassy Terrain|[from] ability: Grassy Surge|[of] p2a: Rillaboom
|switch|p1a: Seismitoad|Seismitoad, F|100/100
|
|-weather|RainDance|[upkeep]
|-heal|p2a: Rillaboom|100/100|[from] Grassy Terrain
|upkeep
|turn|16
|
|t:|1641863277
|switch|p1a: Ferrothorn|Ferrothorn, F|91/100
|move|p2a: Rillaboom|Grassy Glide|p1a: Ferrothorn
|-resisted|p1a: Ferrothorn
|-damage|p1a: Ferrothorn|78/100
|-damage|p2a: Rillaboom|88/100|[from] ability: Iron Barbs|[of] p1a: Ferrothorn
|
|-weather|RainDance|[upkeep]
|-heal|p2a: Rillaboom|94/100|[from] Grassy Terrain
|-heal|p1a: Ferrothorn|85/100|[from] Grassy Terrain
|-heal|p1a: Ferrothorn|91/100|[from] item: Leftovers
|upkeep
|turn|17
|
|t:|1641863285
|switch|p2a: Tapu Fini|Tapu Fini|100/100
|-fieldstart|move: Misty Terrain|[from] ability: Misty Surge|[of] p2a: Tapu Fini
|move|p1a: Ferrothorn|Gyro Ball|p2a: Tapu Fini
|-damage|p2a: Tapu Fini|69/100
|
|-weather|RainDance|[upkeep]
|-heal|p2a: Tapu Fini|75/100|[from] item: Leftovers
|-heal|p1a: Ferrothorn|97/100|[from] item: Leftovers
|upkeep
|turn|18
|
|t:|1641863290
|move|p2a: Tapu Fini|Taunt|p1a: Ferrothorn
|-start|p1a: Ferrothorn|move: Taunt
|cant|p1a: Ferrothorn|move: Taunt|Leech Seed
|
|-weather|RainDance|[upkeep]
|-heal|p2a: Tapu Fini|81/100|[from] item: Leftovers
|-heal|p1a: Ferrothorn|100/100|[from] item: Leftovers
|upkeep
|turn|19
|
|t:|1641863294
|move|p2a: Tapu Fini|Calm Mind|p2a: Tapu Fini
|-boost|p2a: Tapu Fini|spa|1
|-boost|p2a: Tapu Fini|spd|1
|move|p1a: Ferrothorn|Gyro Ball|p2a: Tapu Fini
|-damage|p2a: Tapu Fini|48/100
|
|-weather|RainDance|[upkeep]
|-heal|p2a: Tapu Fini|55/100|[from] item: Leftovers
|upkeep
|turn|20
|
|t:|1641863298
|switch|p1a: Kingdra|Kingdra, M|100/100
|move|p2a: Tapu Fini|Scald|p1a: Kingdra
|-resisted|p1a: Kingdra
|-damage|p1a: Kingdra|83/100
|
|-weather|RainDance|[upkeep]
|-heal|p2a: Tapu Fini|61/100|[from] item: Leftovers
|upkeep
|turn|21
|inactive|GoldenTTRex1 has 120 seconds left.
|
|t:|1641863332
|move|p1a: Kingdra|Surf|p2a: Tapu Fini
|-resisted|p2a: Tapu Fini
|-damage|p2a: Tapu Fini|37/100
|move|p2a: Tapu Fini|Draining Kiss|p1a: Kingdra
|-supereffective|p1a: Kingdra
|-damage|p1a: Kingdra|25/100
|-heal|p2a: Tapu Fini|75/100|[from] drain|[of] p1a: Kingdra
|
|-weather|none
|-heal|p2a: Tapu Fini|81/100|[from] item: Leftovers
|-fieldend|Misty Terrain
|upkeep
|turn|22
|
|t:|1641863359
|switch|p1a: Pelipper|Pelipper, F|90/100
|-weather|RainDance|[from] ability: Drizzle|[of] p1a: Pelipper
|move|p2a: Tapu Fini|Scald|p1a: Pelipper
|-resisted|p1a: Pelipper
|-damage|p1a: Pelipper|58/100
|-status|p1a: Pelipper|brn
|
|-weather|RainDance|[upkeep]
|-heal|p2a: Tapu Fini|87/100|[from] item: Leftovers
|-damage|p1a: Pelipper|52/100 brn|[from] brn
|upkeep
|turn|23
|
|t:|1641863363
|move|p2a: Tapu Fini|Calm Mind|p2a: Tapu Fini
|-boost|p2a: Tapu Fini|spa|1
|-boost|p2a: Tapu Fini|spd|1
|move|p1a: Pelipper|Roost|p1a: Pelipper
|-heal|p1a: Pelipper|100/100 brn
|-singleturn|p1a: Pelipper|move: Roost
|
|-weather|RainDance|[upkeep]
|-heal|p2a: Tapu Fini|93/100|[from] item: Leftovers
|-damage|p1a: Pelipper|94/100 brn|[from] brn
|upkeep
|turn|24
|
|t:|1641863367
|move|p2a: Tapu Fini|Calm Mind|p2a: Tapu Fini
|-boost|p2a: Tapu Fini|spa|1
|-boost|p2a: Tapu Fini|spd|1
|move|p1a: Pelipper|Scald|p2a: Tapu Fini
|-resisted|p2a: Tapu Fini
|-damage|p2a: Tapu Fini|87/100
|-status|p2a: Tapu Fini|brn
|
|-weather|RainDance|[upkeep]
|-heal|p2a: Tapu Fini|93/100 brn|[from] item: Leftovers
|-damage|p2a: Tapu Fini|87/100 brn|[from] brn
|-damage|p1a: Pelipper|88/100 brn|[from] brn
|upkeep
|turn|25
|
|t:|1641863370
|move|p2a: Tapu Fini|Scald|p1a: Pelipper
|-resisted|p1a: Pelipper
|-damage|p1a: Pelipper|37/100 brn
|move|p1a: Pelipper|U-turn|p2a: Tapu Fini
|-resisted|p2a: Tapu Fini
|-damage|p2a: Tapu Fini|85/100 brn
|
|t:|1641863373
|switch|p1a: Seismitoad|Seismitoad, F|100/100|[from]move: U-turn
|
|-weather|RainDance|[upkeep]
|-heal|p2a: Tapu Fini|91/100 brn|[from] item: Leftovers
|-damage|p2a: Tapu Fini|85/100 brn|[from] brn
|upkeep
|turn|26
|
|t:|1641863402
|move|p1a: Seismitoad|Power Whip|p2a: Tapu Fini
|-supereffective|p2a: Tapu Fini
|-damage|p2a: Tapu Fini|30/100 brn
|-damage|p1a: Seismitoad|91/100|[from] item: Life Orb
|move|p2a: Tapu Fini|Draining Kiss|p1a: Seismitoad
|-damage|p1a: Seismitoad|29/100
|-heal|p2a: Tapu Fini|77/100 brn|[from] drain|[of] p1a: Seismitoad
|
|-weather|RainDance|[upkeep]
|-heal|p2a: Tapu Fini|83/100 brn|[from] item: Leftovers
|-damage|p2a: Tapu Fini|77/100 brn|[from] brn
|upkeep
|turn|27
|
|t:|1641863406
|move|p1a: Seismitoad|Power Whip|p2a: Tapu Fini
|-supereffective|p2a: Tapu Fini
|-damage|p2a: Tapu Fini|23/100 brn
|-damage|p1a: Seismitoad|19/100|[from] item: Life Orb
|move|p2a: Tapu Fini|Draining Kiss|p1a: Seismitoad
|-damage|p1a: Seismitoad|0 fnt
|-heal|p2a: Tapu Fini|38/100 brn|[from] drain|[of] p1a: Seismitoad
|faint|p1a: Seismitoad
|
|-weather|RainDance|[upkeep]
|-heal|p2a: Tapu Fini|44/100 brn|[from] item: Leftovers
|-damage|p2a: Tapu Fini|38/100 brn|[from] brn
|upkeep
|
|t:|1641863409
|switch|p1a: Kingdra|Kingdra, M|25/100
|turn|28
|
|t:|1641863425
|move|p1a: Kingdra|Ice Beam|p2a: Tapu Fini
|-resisted|p2a: Tapu Fini
|-damage|p2a: Tapu Fini|31/100 brn
|move|p2a: Tapu Fini|Draining Kiss|p1a: Kingdra
|-supereffective|p1a: Kingdra
|-damage|p1a: Kingdra|0 fnt
|-heal|p2a: Tapu Fini|46/100 brn|[from] drain|[of] p1a: Kingdra
|faint|p1a: Kingdra
|
|-weather|RainDance|[upkeep]
|-heal|p2a: Tapu Fini|53/100 brn|[from] item: Leftovers
|-damage|p2a: Tapu Fini|46/100 brn|[from] brn
|upkeep
|
|t:|1641863428
|switch|p1a: Ferrothorn|Ferrothorn, F|100/100
|turn|29
|
|t:|1641863433
|move|p2a: Tapu Fini|Taunt|p1a: Ferrothorn
|-start|p1a: Ferrothorn|move: Taunt
|move|p1a: Ferrothorn|Gyro Ball|p2a: Tapu Fini
|-damage|p2a: Tapu Fini|16/100 brn
|
|-weather|none
|-heal|p2a: Tapu Fini|22/100 brn|[from] item: Leftovers
|-damage|p2a: Tapu Fini|16/100 brn|[from] brn
|upkeep
|turn|30
|
|t:|1641863437
|move|p2a: Tapu Fini|Scald|p1a: Ferrothorn
|-resisted|p1a: Ferrothorn
|-damage|p1a: Ferrothorn|76/100
|move|p1a: Ferrothorn|Gyro Ball|p2a: Tapu Fini
|-damage|p2a: Tapu Fini|0 fnt
|faint|p2a: Tapu Fini
|
|-heal|p1a: Ferrothorn|83/100|[from] item: Leftovers
|upkeep
|
|t:|1641863440
|switch|p2a: Rillaboom|Rillaboom, M|94/100
|-fieldstart|move: Grassy Terrain|[from] ability: Grassy Surge|[of] p2a: Rillaboom
|turn|31
|
|t:|1641863445
|switch|p1a: Pelipper|Pelipper, F|37/100 brn
|-weather|RainDance|[from] ability: Drizzle|[of] p1a: Pelipper
|move|p2a: Rillaboom|Superpower|p1a: Pelipper
|-resisted|p1a: Pelipper
|-damage|p1a: Pelipper|7/100 brn
|-unboost|p2a: Rillaboom|atk|1
|-unboost|p2a: Rillaboom|def|1
|
|-weather|RainDance|[upkeep]
|-heal|p2a: Rillaboom|100/100|[from] Grassy Terrain
|-damage|p1a: Pelipper|1/100 brn|[from] brn
|upkeep
|turn|32
|
|t:|1641863450
|move|p2a: Rillaboom|Superpower|p1a: Pelipper
|-resisted|p1a: Pelipper
|-damage|p1a: Pelipper|0 fnt
|-unboost|p2a: Rillaboom|atk|1
|-unboost|p2a: Rillaboom|def|1
|faint|p1a: Pelipper
|
|-weather|RainDance|[upkeep]
|upkeep
|
|t:|1641863453
|switch|p1a: Ferrothorn|Ferrothorn, F|83/100
|turn|33
|
|t:|1641863461
|switch|p2a: Zapdos|Zapdos|75/100
|move|p1a: Ferrothorn|Leech Seed|p2a: Zapdos
|-start|p2a: Zapdos|move: Leech Seed
|
|-weather|RainDance|[upkeep]
|-heal|p1a: Ferrothorn|89/100|[from] Grassy Terrain
|-heal|p1a: Ferrothorn|95/100|[from] item: Leftovers
|-damage|p2a: Zapdos|63/100|[from] Leech Seed|[of] p1a: Ferrothorn
|-heal|p1a: Ferrothorn|100/100|[silent]
|upkeep
|turn|34
|
|t:|1641863472
|move|p2a: Zapdos|Hurricane|p1a: Ferrothorn
|-damage|p1a: Ferrothorn|64/100
|-start|p1a: Ferrothorn|confusion
|-activate|p1a: Ferrothorn|confusion
|move|p1a: Ferrothorn|Stealth Rock|p2a: Zapdos
|-sidestart|p2: ddrriifftt|move: Stealth Rock
|
|-weather|RainDance|[upkeep]
|-heal|p1a: Ferrothorn|70/100|[from] Grassy Terrain
|-heal|p1a: Ferrothorn|76/100|[from] item: Leftovers
|-damage|p2a: Zapdos|51/100|[from] Leech Seed|[of] p1a: Ferrothorn
|-heal|p1a: Ferrothorn|89/100|[silent]
|upkeep
|turn|35
|
|t:|1641863476
|-activate|p1a: Ferrothorn|confusion
|move|p1a: Ferrothorn|Protect|p1a: Ferrothorn
|-singleturn|p1a: Ferrothorn|Protect
|move|p2a: Zapdos|Hurricane|p1a: Ferrothorn
|-activate|p1a: Ferrothorn|move: Protect
|
|-weather|RainDance|[upkeep]
|-heal|p1a: Ferrothorn|96/100|[from] Grassy Terrain
|-heal|p1a: Ferrothorn|100/100|[from] item: Leftovers
|-damage|p2a: Zapdos|39/100|[from] Leech Seed|[of] p1a: Ferrothorn
|-fieldend|move: Grassy Terrain
|upkeep
|turn|36
|
|t:|1641863481
|switch|p2a: Rillaboom|Rillaboom, M|100/100
|-damage|p2a: Rillaboom|88/100|[from] Stealth Rock
|-fieldstart|move: Grassy Terrain|[from] ability: Grassy Surge|[of] p2a: Rillaboom
|-end|p1a: Ferrothorn|confusion
|move|p1a: Ferrothorn|Stealth Rock||[still]
|-fail|p1a: Ferrothorn
|
|-weather|RainDance|[upkeep]
|-heal|p2a: Rillaboom|94/100|[from] Grassy Terrain
|upkeep
|turn|37
|
|t:|1641863487
|move|p1a: Ferrothorn|Protect|p1a: Ferrothorn
|-singleturn|p1a: Ferrothorn|Protect
|move|p2a: Rillaboom|Knock Off|p1a: Ferrothorn
|-activate|p1a: Ferrothorn|move: Protect
|
|-weather|RainDance|[upkeep]
|-heal|p2a: Rillaboom|100/100|[from] Grassy Terrain
|upkeep
|turn|38
|
|t:|1641863494
|move|p2a: Rillaboom|Knock Off|p1a: Ferrothorn
|-damage|p1a: Ferrothorn|62/100
|-damage|p2a: Rillaboom|88/100|[from] ability: Iron Barbs|[of] p1a: Ferrothorn
|-enditem|p1a: Ferrothorn|Leftovers|[from] move: Knock Off|[of] p2a: Rillaboom
|move|p1a: Ferrothorn|Stealth Rock||[still]
|-fail|p1a: Ferrothorn
|
|-weather|none
|-heal|p2a: Rillaboom|94/100|[from] Grassy Terrain
|-heal|p1a: Ferrothorn|69/100|[from] Grassy Terrain
|upkeep
|turn|39
|
|t:|1641863498
|switch|p2a: Zapdos|Zapdos|39/100
|move|p1a: Ferrothorn|Leech Seed|p2a: Zapdos
|-start|p2a: Zapdos|move: Leech Seed
|
|-heal|p1a: Ferrothorn|75/100|[from] Grassy Terrain
|-damage|p2a: Zapdos|26/100|[from] Leech Seed|[of] p1a: Ferrothorn
|-heal|p1a: Ferrothorn|88/100|[silent]
|upkeep
|turn|40
|
|t:|1641863503
|move|p2a: Zapdos|Hurricane|p1a: Ferrothorn|[miss]
|-miss|p2a: Zapdos|p1a: Ferrothorn
|move|p1a: Ferrothorn|Gyro Ball|p2a: Zapdos
|-resisted|p2a: Zapdos
|-damage|p2a: Zapdos|5/100
|
|-heal|p1a: Ferrothorn|95/100|[from] Grassy Terrain
|-damage|p2a: Zapdos|0 fnt|[from] Leech Seed|[of] p1a: Ferrothorn
|-heal|p1a: Ferrothorn|99/100|[silent]
|faint|p2a: Zapdos
|-fieldend|move: Grassy Terrain
|upkeep
|
|t:|1641863505
|switch|p2a: Rillaboom|Rillaboom, M|94/100
|-damage|p2a: Rillaboom|82/100|[from] Stealth Rock
|-fieldstart|move: Grassy Terrain|[from] ability: Grassy Surge|[of] p2a: Rillaboom
|turn|41
|
|t:|1641863512
|move|p1a: Ferrothorn|Protect|p1a: Ferrothorn
|-singleturn|p1a: Ferrothorn|Protect
|move|p2a: Rillaboom|Superpower|p1a: Ferrothorn
|-activate|p1a: Ferrothorn|move: Protect
|
|-heal|p2a: Rillaboom|88/100|[from] Grassy Terrain
|-heal|p1a: Ferrothorn|100/100|[from] Grassy Terrain
|upkeep
|turn|42
|
|t:|1641863515
|move|p2a: Rillaboom|Superpower|p1a: Ferrothorn
|-supereffective|p1a: Ferrothorn
|-damage|p1a: Ferrothorn|18/100
|-unboost|p2a: Rillaboom|atk|1
|-unboost|p2a: Rillaboom|def|1
|-damage|p2a: Rillaboom|76/100|[from] ability: Iron Barbs|[of] p1a: Ferrothorn
|move|p1a: Ferrothorn|Gyro Ball|p2a: Rillaboom
|-damage|p2a: Rillaboom|0 fnt
|faint|p2a: Rillaboom
|
|win|GoldenTTRex1
|raw|GoldenTTRex1's rating: 1453 &rarr; <strong>1473</strong><br />(+20 for winning)
|raw|ddrriifftt's rating: 1456 &rarr; <strong>1436</strong><br />(-20 for losing)
|c|☆ddrriifftt|gg
|l|☆ddrriifftt
|c|☆GoldenTTRex1|gg
