|j|☆Catholic Weeaboo
|j|☆NARALUKESHINN666
|t:|1641708931
|gametype|singles
|player|p1|Catholic Weeaboo|sage|1000
|player|p2|NARALUKESHINN666|steven|1034
|teamsize|p1|6
|teamsize|p2|6
|gen|8
|tier|[Gen 8] OU
|rated|
|rule|Sleep Clause Mod: Limit one foe put to sleep
|rule|Species Clause: Limit one of each Pokémon
|rule|OHKO Clause: OHKO moves are banned
|rule|Evasion Moves Clause: Evasion moves are banned
|rule|Endless Battle Clause: Forcing endless battles is banned
|rule|HP Percentage Mod: HP is shown in percentages
|rule|Dynamax Clause: You cannot dynamax
|clearpoke
|poke|p1|Suicune|
|poke|p1|Articuno|
|poke|p1|Corviknight, F|
|poke|p1|Dusclops, F|
|poke|p1|Vespiquen, F|
|poke|p1|Spiritomb, M|
|poke|p2|Relicanth, F|
|poke|p2|Octillery, M|
|poke|p2|Porygon2|
|poke|p2|Uxie|
|poke|p2|Cursola, F|
|poke|p2|Landorus-Therian, M|
|teampreview
|
|t:|1641708942
|start
|switch|p1a: Spiritomb|Spiritomb, M|100/100
|switch|p2a: Uxie|Uxie|100/100
|-ability|p1a: Spiritomb|Pressure
|turn|1
|inactive|Battle timer is ON: inactive players will automatically lose when time's up. (requested by NARALUKESHINN666)
|
|t:|1641708949
|move|p2a: Uxie|Magic Coat|p2a: Uxie
|-singleturn|p2a: Uxie|move: Magic Coat
|move|p1a: Spiritomb|Calm Mind|p1a: Spiritomb
|-boost|p1a: Spiritomb|spa|1
|-boost|p1a: Spiritomb|spd|1
|
|upkeep
|turn|2
|
|t:|1641708957
|move|p1a: Spiritomb|Calm Mind|p1a: Spiritomb
|-boost|p1a: Spiritomb|spa|1
|-boost|p1a: Spiritomb|spd|1
|move|p2a: Uxie|Trick Room|p2a: Uxie
|-fieldstart|move: Trick Room|[of] p2a: Uxie
|
|upkeep
|turn|3
|
|t:|1641708960
|move|p1a: Spiritomb|Calm Mind|p1a: Spiritomb
|-boost|p1a: Spiritomb|spa|1
|-boost|p1a: Spiritomb|spd|1
|move|p2a: Uxie|Memento|p1a: Spiritomb
|-unboost|p1a: Spiritomb|atk|2
|-unboost|p1a: Spiritomb|spa|2
|faint|p2a: Uxie
|
|upkeep
|
|t:|1641708970
|switch|p2a: Cursola|Cursola, F|100/100
|turn|4
|
|t:|1641708980
|move|p2a: Cursola|Shadow Ball|p1a: Spiritomb
|-damage|p1a: Spiritomb|78/100
|move|p1a: Spiritomb|Spite|p2a: Cursola
|-activate|p2a: Cursola|move: Spite|Shadow Ball|4
|
|-heal|p1a: Spiritomb|84/100|[from] item: Leftovers
|upkeep
|turn|5
|
|t:|1641708986
|move|p2a: Cursola|Hydro Pump|p1a: Spiritomb
|-damage|p1a: Spiritomb|64/100
|move|p1a: Spiritomb|Calm Mind|p1a: Spiritomb
|-boost|p1a: Spiritomb|spa|1
|-boost|p1a: Spiritomb|spd|1
|
|-heal|p1a: Spiritomb|70/100|[from] item: Leftovers
|upkeep
|turn|6
|
|t:|1641708990
|switch|p2a: Landorus|Landorus-Therian, M|100/100
|-ability|p2a: Landorus|Intimidate|boost
|-unboost|p1a: Spiritomb|atk|1
|move|p1a: Spiritomb|Calm Mind|p1a: Spiritomb
|-boost|p1a: Spiritomb|spa|1
|-boost|p1a: Spiritomb|spd|1
|
|-heal|p1a: Spiritomb|76/100|[from] item: Leftovers
|-fieldend|move: Trick Room
|upkeep
|turn|7
|
|t:|1641708995
|move|p2a: Landorus|Earthquake|p1a: Spiritomb
|-damage|p1a: Spiritomb|41/100
|move|p1a: Spiritomb|Will-O-Wisp|p2a: Landorus
|-status|p2a: Landorus|brn
|
|-heal|p1a: Spiritomb|47/100|[from] item: Leftovers
|-damage|p2a: Landorus|94/100 brn|[from] brn
|upkeep
|turn|8
|
|t:|1641709003
|move|p2a: Landorus|Stealth Rock|p1a: Spiritomb
|-sidestart|p1: Catholic Weeaboo|move: Stealth Rock
|move|p1a: Spiritomb|Rest|p1a: Spiritomb
|-status|p1a: Spiritomb|slp|[from] move: Rest
|-heal|p1a: Spiritomb|100/100 slp|[silent]
|
|-damage|p2a: Landorus|88/100 brn|[from] brn
|upkeep
|turn|9
|
|t:|1641709006
|move|p2a: Landorus|U-turn|p1a: Spiritomb
|-damage|p1a: Spiritomb|92/100 slp
|
|t:|1641709010
|switch|p2a: Porygon2|Porygon2|100/100|[from]move: U-turn
|-ability|p2a: Porygon2|Pressure|[from] ability: Trace|[of] p1a: Spiritomb
|-ability|p2a: Porygon2|Pressure
|cant|p1a: Spiritomb|slp
|
|-heal|p1a: Spiritomb|98/100 slp|[from] item: Leftovers
|upkeep
|turn|10
|
|t:|1641709013
|cant|p1a: Spiritomb|slp
|move|p2a: Porygon2|Trick Room|p2a: Porygon2
|-fieldstart|move: Trick Room|[of] p2a: Porygon2
|
|-heal|p1a: Spiritomb|100/100 slp|[from] item: Leftovers
|upkeep
|turn|11
|
|t:|1641709018
|-curestatus|p1a: Spiritomb|slp|[msg]
|move|p1a: Spiritomb|Calm Mind|p1a: Spiritomb
|-boost|p1a: Spiritomb|spa|1
|-boost|p1a: Spiritomb|spd|1
|move|p2a: Porygon2|Toxic|p1a: Spiritomb
|-status|p1a: Spiritomb|tox
|
|-damage|p1a: Spiritomb|95/100 tox|[from] psn
|upkeep
|turn|12
|
|t:|1641709023
|move|p1a: Spiritomb|Spite|p2a: Porygon2
|-activate|p2a: Porygon2|move: Spite|Toxic|4
|move|p2a: Porygon2|Teleport|p2a: Porygon2
|
|t:|1641709030
|switch|p2a: Relicanth|Relicanth, F|100/100|[from]move: Teleport
|
|-heal|p1a: Spiritomb|100/100 tox|[from] item: Leftovers
|-damage|p1a: Spiritomb|89/100 tox|[from] psn
|upkeep
|turn|13
|
|t:|1641709035
|move|p1a: Spiritomb|Will-O-Wisp|p2a: Relicanth|[miss]
|-miss|p1a: Spiritomb|p2a: Relicanth
|move|p2a: Relicanth|Head Smash|p1a: Spiritomb
|-damage|p1a: Spiritomb|37/100 tox
|
|-heal|p1a: Spiritomb|43/100 tox|[from] item: Leftovers
|-damage|p1a: Spiritomb|25/100 tox|[from] psn
|upkeep
|turn|14
|
|t:|1641709042
|switch|p2a: Landorus|Landorus-Therian, M|88/100 brn
|-ability|p2a: Landorus|Intimidate|boost
|-unboost|p1a: Spiritomb|atk|1
|move|p1a: Spiritomb|Will-O-Wisp|p2a: Landorus|[miss]
|-miss|p1a: Spiritomb|p2a: Landorus
|
|-heal|p1a: Spiritomb|31/100 tox|[from] item: Leftovers
|-damage|p1a: Spiritomb|7/100 tox|[from] psn
|-damage|p2a: Landorus|82/100 brn|[from] brn
|-fieldend|move: Trick Room
|upkeep
|turn|15
|
|t:|1641709047
|switch|p2a: Relicanth|Relicanth, F|100/100
|move|p1a: Spiritomb|Rest|p1a: Spiritomb
|-status|p1a: Spiritomb|slp|[from] move: Rest
|-heal|p1a: Spiritomb|100/100 slp|[silent]
|
|upkeep
|turn|16
|
|t:|1641709050
|move|p2a: Relicanth|Head Smash|p1a: Spiritomb
|-damage|p1a: Spiritomb|52/100 slp
|cant|p1a: Spiritomb|slp
|
|-heal|p1a: Spiritomb|58/100 slp|[from] item: Leftovers
|upkeep
|turn|17
|
|t:|1641709056
|move|p2a: Relicanth|Head Smash|p1a: Spiritomb|[miss]
|-miss|p2a: Relicanth|p1a: Spiritomb
|cant|p1a: Spiritomb|slp
|
|-heal|p1a: Spiritomb|64/100 slp|[from] item: Leftovers
|upkeep
|turn|18
|
|t:|1641709060
|move|p2a: Relicanth|Head Smash|p1a: Spiritomb
|-damage|p1a: Spiritomb|8/100 slp
|-curestatus|p1a: Spiritomb|slp|[msg]
|move|p1a: Spiritomb|Rest|p1a: Spiritomb
|-status|p1a: Spiritomb|slp|[from] move: Rest
|-heal|p1a: Spiritomb|100/100 slp|[silent]
|
|upkeep
|turn|19
|
|t:|1641709071
|move|p2a: Relicanth|Liquidation|p1a: Spiritomb
|-damage|p1a: Spiritomb|71/100 slp
|-unboost|p1a: Spiritomb|def|1
|cant|p1a: Spiritomb|slp
|
|-heal|p1a: Spiritomb|77/100 slp|[from] item: Leftovers
|upkeep
|turn|20
|
|t:|1641709077
|switch|p1a: Suicune|Suicune, shiny|100/100
|-damage|p1a: Suicune|88/100|[from] Stealth Rock
|-ability|p1a: Suicune|Pressure
|move|p2a: Relicanth|Liquidation|p1a: Suicune
|-resisted|p1a: Suicune
|-damage|p1a: Suicune|78/100
|
|-heal|p1a: Suicune|84/100|[from] item: Leftovers
|upkeep
|turn|21
|
|t:|1641709082
|switch|p2a: Octillery|Octillery, M|100/100
|move|p1a: Suicune|Substitute|p1a: Suicune
|-start|p1a: Suicune|Substitute
|-damage|p1a: Suicune|59/100
|
|-heal|p1a: Suicune|65/100|[from] item: Leftovers
|upkeep
|turn|22
|
|t:|1641709090
|move|p1a: Suicune|Calm Mind|p1a: Suicune
|-boost|p1a: Suicune|spa|1
|-boost|p1a: Suicune|spd|1
|move|p2a: Octillery|Energy Ball|p1a: Suicune
|-supereffective|p1a: Suicune
|-end|p1a: Suicune|Substitute
|
|-heal|p1a: Suicune|71/100|[from] item: Leftovers
|upkeep
|turn|23
|
|t:|1641709098
|switch|p1a: Corviknight|Corviknight, F|100/100
|-damage|p1a: Corviknight|88/100|[from] Stealth Rock
|-ability|p1a: Corviknight|Pressure
|switch|p2a: Porygon2|Porygon2|100/100
|-ability|p2a: Porygon2|Pressure|[from] ability: Trace|[of] p1a: Corviknight
|-ability|p2a: Porygon2|Pressure
|
|-heal|p1a: Corviknight|94/100|[from] item: Leftovers
|upkeep
|turn|24
|
|t:|1641709103
|move|p1a: Corviknight|Light Screen|p1a: Corviknight
|-sidestart|p1: Catholic Weeaboo|move: Light Screen
|move|p2a: Porygon2|Trick Room|p2a: Porygon2
|-fieldstart|move: Trick Room|[of] p2a: Porygon2
|
|-heal|p1a: Corviknight|99/100|[from] item: Leftovers
|upkeep
|turn|25
|
|t:|1641709107
|move|p1a: Corviknight|Iron Defense|p1a: Corviknight
|-boost|p1a: Corviknight|def|2
|move|p2a: Porygon2|Teleport|p2a: Porygon2
|
|t:|1641709115
|switch|p2a: Octillery|Octillery, M|100/100|[from]move: Teleport
|
|-heal|p1a: Corviknight|100/100|[from] item: Leftovers
|upkeep
|turn|26
|
|t:|1641709118
|move|p2a: Octillery|Flamethrower|p1a: Corviknight
|-supereffective|p1a: Corviknight
|-damage|p1a: Corviknight|82/100
|move|p1a: Corviknight|Spite|p2a: Octillery
|-activate|p2a: Octillery|move: Spite|Flamethrower|4
|
|-heal|p1a: Corviknight|88/100|[from] item: Leftovers
|upkeep
|turn|27
|
|t:|1641709125
|move|p2a: Octillery|Flamethrower|p1a: Corviknight
|-supereffective|p1a: Corviknight
|-damage|p1a: Corviknight|68/100
|move|p1a: Corviknight|Spite|p2a: Octillery
|-activate|p2a: Octillery|move: Spite|Flamethrower|4
|
|-heal|p1a: Corviknight|74/100|[from] item: Leftovers
|upkeep
|turn|28
|
|t:|1641709131
|move|p2a: Octillery|Flamethrower|p1a: Corviknight
|-supereffective|p1a: Corviknight
|-damage|p1a: Corviknight|52/100
|move|p1a: Corviknight|Spite|p2a: Octillery
|-activate|p2a: Octillery|move: Spite|Flamethrower|4
|
|-heal|p1a: Corviknight|58/100|[from] item: Leftovers
|-sideend|p1: Catholic Weeaboo|move: Light Screen
|-fieldend|move: Trick Room
|upkeep
|turn|29
|
|t:|1641709140
|move|p1a: Corviknight|Light Screen|p1a: Corviknight
|-sidestart|p1: Catholic Weeaboo|move: Light Screen
|move|p2a: Octillery|Flamethrower|p1a: Corviknight
|-supereffective|p1a: Corviknight
|-damage|p1a: Corviknight|39/100
|
|-heal|p1a: Corviknight|45/100|[from] item: Leftovers
|upkeep
|turn|30
|
|t:|1641709143
|move|p1a: Corviknight|Roost|p1a: Corviknight
|-heal|p1a: Corviknight|95/100
|-singleturn|p1a: Corviknight|move: Roost
|move|p2a: Octillery|Flamethrower|p1a: Corviknight
|-supereffective|p1a: Corviknight
|-damage|p1a: Corviknight|75/100
|
|-heal|p1a: Corviknight|81/100|[from] item: Leftovers
|upkeep
|turn|31
|
|t:|1641709151
|switch|p2a: Porygon2|Porygon2|100/100
|-ability|p2a: Porygon2|Pressure|[from] ability: Trace|[of] p1a: Corviknight
|-ability|p2a: Porygon2|Pressure
|move|p1a: Corviknight|Iron Defense|p1a: Corviknight
|-boost|p1a: Corviknight|def|2
|
|-heal|p1a: Corviknight|87/100|[from] item: Leftovers
|upkeep
|turn|32
|
|t:|1641709155
|move|p1a: Corviknight|Spite||[still]
|-fail|p1a: Corviknight
|move|p2a: Porygon2|Tri Attack|p1a: Corviknight
|-resisted|p1a: Corviknight
|-damage|p1a: Corviknight|81/100
|
|-heal|p1a: Corviknight|87/100|[from] item: Leftovers
|upkeep
|turn|33
|
|t:|1641709159
|move|p1a: Corviknight|Spite|p2a: Porygon2
|-activate|p2a: Porygon2|move: Spite|Tri Attack|4
|move|p2a: Porygon2|Tri Attack|p1a: Corviknight
|-resisted|p1a: Corviknight
|-damage|p1a: Corviknight|83/100
|
|-heal|p1a: Corviknight|89/100|[from] item: Leftovers
|-sideend|p1: Catholic Weeaboo|move: Light Screen
|upkeep
|turn|34
|
|t:|1641709167
|switch|p2a: Cursola|Cursola, F|100/100
|move|p1a: Corviknight|Light Screen|p1a: Corviknight
|-sidestart|p1: Catholic Weeaboo|move: Light Screen
|
|-heal|p1a: Corviknight|95/100|[from] item: Leftovers
|upkeep
|turn|35
|
|t:|1641709172
|switch|p2a: Landorus|Landorus-Therian, M|82/100 brn
|-ability|p2a: Landorus|Intimidate|boost
|-unboost|p1a: Corviknight|atk|1
|move|p1a: Corviknight|Iron Defense|p1a: Corviknight
|-boost|p1a: Corviknight|def|2
|
|-heal|p1a: Corviknight|100/100|[from] item: Leftovers
|-damage|p2a: Landorus|76/100 brn|[from] brn
|upkeep
|turn|36
|-message|NARALUKESHINN666 forfeited.
|
|win|Catholic Weeaboo
|raw|Catholic Weeaboo's rating: 1000 &rarr; <strong>1044</strong><br />(+44 for winning)
|raw|NARALUKESHINN666's rating: 1034 &rarr; <strong>1017</strong><br />(-17 for losing)
|l|☆NARALUKESHINN666
