|j|☆Smart Falcon
|j|☆Anirin quest
|t:|1641807278
|gametype|singles
|player|p1|Smart Falcon|shauntal|1230
|player|p2|Anirin quest|n|1123
|teamsize|p1|6
|teamsize|p2|6
|gen|8
|tier|[Gen 8] OU
|rated|
|rule|Sleep Clause Mod: Limit one foe put to sleep
|rule|Species Clause: Limit one of each Pokémon
|rule|OHKO Clause: OHKO moves are banned
|rule|Evasion Moves Clause: Evasion moves are banned
|rule|Endless Battle Clause: Forcing endless battles is banned
|rule|HP Percentage Mod: HP is shown in percentages
|rule|Dynamax Clause: You cannot dynamax
|clearpoke
|poke|p1|Tyranitar, M|
|poke|p1|Clefable, F|
|poke|p1|Excadrill, M|
|poke|p1|Kartana|
|poke|p1|Zapdos|
|poke|p1|Cloyster, M|
|poke|p2|Dragonite, M|
|poke|p2|Clefable, M|
|poke|p2|Scizor, M|
|poke|p2|Tangrowth, M|
|poke|p2|Rotom-Heat|
|poke|p2|Gyarados, M|
|teampreview
|inactive|Battle timer is ON: inactive players will automatically lose when time's up. (requested by Anirin quest)
|
|t:|1641807285
|start
|switch|p1a: Cloyster|Cloyster, M|100/100
|switch|p2a: Rotom|Rotom-Heat|100/100
|turn|1
|
|t:|1641807296
|move|p1a: Cloyster|Rock Blast|p2a: Rotom
|-supereffective|p2a: Rotom
|-damage|p2a: Rotom|86/100
|-supereffective|p2a: Rotom
|-damage|p2a: Rotom|70/100
|-supereffective|p2a: Rotom
|-damage|p2a: Rotom|56/100
|-supereffective|p2a: Rotom
|-damage|p2a: Rotom|40/100
|-supereffective|p2a: Rotom
|-crit|p2a: Rotom
|-damage|p2a: Rotom|16/100
|-hitcount|p2a: Rotom|5
|move|p2a: Rotom|Volt Switch|p1a: Cloyster
|-supereffective|p1a: Cloyster
|-enditem|p1a: Cloyster|Focus Sash
|-damage|p1a: Cloyster|1/100
|
|t:|1641807315
|switch|p2a: Scizor|Scizor, M, shiny|100/100|[from]move: Volt Switch
|
|upkeep
|turn|2
|
|t:|1641807322
|switch|p1a: Zapdos|Zapdos|100/100
|move|p2a: Scizor|U-turn|p1a: Zapdos
|-resisted|p1a: Zapdos
|-damage|p1a: Zapdos|80/100
|
|t:|1641807341
|switch|p2a: Clefable|Clefable, M|100/100|[from]move: U-turn
|
|upkeep
|turn|3
|
|t:|1641807348
|move|p1a: Zapdos|Volt Switch|p2a: Clefable
|-damage|p2a: Clefable|74/100
|
|t:|1641807351
|switch|p1a: Excadrill|Excadrill, M|100/100|[from]move: Volt Switch
|move|p2a: Clefable|Wish|p2a: Clefable
|
|-heal|p2a: Clefable|80/100|[from] item: Leftovers
|upkeep
|turn|4
|
|t:|1641807360
|switch|p2a: Rotom|Rotom-Heat|16/100
|move|p1a: Excadrill|Rapid Spin|p2a: Rotom
|-damage|p2a: Rotom|0 fnt
|-boost|p1a: Excadrill|spe|1
|faint|p2a: Rotom
|-damage|p1a: Excadrill|91/100|[from] item: Life Orb
|
|upkeep
|
|t:|1641807372
|switch|p2a: Gyarados|Gyarados, M, shiny|100/100
|-ability|p2a: Gyarados|Intimidate|boost
|-unboost|p1a: Excadrill|atk|1
|turn|5
|
|t:|1641807378
|move|p1a: Excadrill|Rock Slide|p2a: Gyarados
|-supereffective|p2a: Gyarados
|-damage|p2a: Gyarados|34/100
|-damage|p1a: Excadrill|81/100|[from] item: Life Orb
|move|p2a: Gyarados|Dragon Dance|p2a: Gyarados
|-boost|p2a: Gyarados|atk|1
|-boost|p2a: Gyarados|spe|1
|
|-heal|p2a: Gyarados|40/100|[from] item: Leftovers
|upkeep
|turn|6
|
|t:|1641807390
|switch|p1a: Zapdos|Zapdos|80/100
|move|p2a: Gyarados|Waterfall|p1a: Zapdos
|-damage|p1a: Zapdos|39/100
|
|-heal|p2a: Gyarados|46/100|[from] item: Leftovers
|upkeep
|turn|7
|
|t:|1641807402
|move|p2a: Gyarados|Waterfall|p1a: Zapdos
|-damage|p1a: Zapdos|0 fnt
|faint|p1a: Zapdos
|
|-heal|p2a: Gyarados|52/100|[from] item: Leftovers
|upkeep
|
|t:|1641807409
|switch|p1a: Clefable|Clefable, F, shiny|100/100
|turn|8
|
|t:|1641807418
|switch|p2a: Scizor|Scizor, M, shiny|100/100
|move|p1a: Clefable|Thunder Wave|p2a: Scizor
|-status|p2a: Scizor|par
|
|upkeep
|turn|9
|l|☆Anirin quest
|inactive|Anirin quest disconnected and has a minute to reconnect!
|player|p2|
|j|☆Anirin quest
|inactive|Anirin quest reconnected and has 110 seconds left.
|player|p2|Anirin quest|n
|
|t:|1641807464
|move|p2a: Scizor|Knock Off|p1a: Clefable
|-resisted|p1a: Clefable
|-damage|p1a: Clefable|78/100
|-enditem|p1a: Clefable|Leftovers|[from] move: Knock Off|[of] p2a: Scizor
|move|p1a: Clefable|Teleport|p1a: Clefable
|
|t:|1641807469
|switch|p1a: Kartana|Kartana|100/100|[from]move: Teleport
|
|upkeep
|turn|10
|
|t:|1641807475
|switch|p2a: Clefable|Clefable, M|80/100
|move|p1a: Kartana|Swords Dance|p1a: Kartana
|-boost|p1a: Kartana|atk|2
|
|-heal|p2a: Clefable|86/100|[from] item: Leftovers
|upkeep
|turn|11
|inactive|Anirin quest has 120 seconds left.
|
|t:|1641807486
|move|p1a: Kartana|Leaf Blade|p2a: Clefable
|-damage|p2a: Clefable|0 fnt
|faint|p2a: Clefable
|-ability|p1a: Kartana|Beast Boost|boost
|-boost|p1a: Kartana|atk|1
|-damage|p1a: Kartana|91/100|[from] item: Life Orb
|
|upkeep
|
|t:|1641807495
|switch|p2a: Tangrowth|Tangrowth, M, shiny|100/100
|turn|12
|
|t:|1641807511
|move|p1a: Kartana|Knock Off|p2a: Tangrowth
|-damage|p2a: Tangrowth|21/100
|-damage|p1a: Kartana|74/100|[from] item: Rocky Helmet|[of] p2a: Tangrowth
|-enditem|p2a: Tangrowth|Rocky Helmet|[from] move: Knock Off|[of] p1a: Kartana
|-damage|p1a: Kartana|65/100|[from] item: Life Orb
|move|p2a: Tangrowth|Knock Off|p1a: Kartana
|-damage|p1a: Kartana|41/100
|-enditem|p1a: Kartana|Life Orb|[from] move: Knock Off|[of] p2a: Tangrowth
|
|upkeep
|turn|13
|
|t:|1641807524
|switch|p2a: Gyarados|Gyarados, M, shiny|52/100
|-ability|p2a: Gyarados|Intimidate|boost
|-unboost|p1a: Kartana|atk|1
|move|p1a: Kartana|Leaf Blade|p2a: Gyarados
|-damage|p2a: Gyarados|0 fnt
|faint|p2a: Gyarados
|-ability|p1a: Kartana|Beast Boost|boost
|-boost|p1a: Kartana|atk|1
|
|upkeep
|inactive|Anirin quest has 120 seconds left.
|
|t:|1641807539
|switch|p2a: Scizor|Scizor, M, shiny|100/100 par
|turn|14
|
|t:|1641807556
|move|p1a: Kartana|Knock Off|p2a: Scizor
|-damage|p2a: Scizor|0 fnt
|-enditem|p2a: Scizor|Choice Band|[from] move: Knock Off|[of] p1a: Kartana
|faint|p2a: Scizor
|-ability|p1a: Kartana|Beast Boost|boost
|-boost|p1a: Kartana|atk|1
|
|upkeep
|inactive|Anirin quest has 120 seconds left.
|-message|Anirin quest forfeited.
|
|win|Smart Falcon
|raw|Smart Falcon's rating: 1230 &rarr; <strong>1248</strong><br />(+18 for winning)
|raw|Anirin quest's rating: 1123 &rarr; <strong>1105</strong><br />(-18 for losing)
|l|☆Anirin quest
