|j|☆lrcanassa
|j|☆PicklesAttack
|t:|1641853298
|gametype|singles
|player|p1|lrcanassa|wattson|1024
|player|p2|PicklesAttack|pokemaniac|1057
|teamsize|p1|6
|teamsize|p2|6
|gen|8
|tier|[Gen 8] OU
|rated|
|rule|Sleep Clause Mod: Limit one foe put to sleep
|rule|Species Clause: Limit one of each Pokémon
|rule|OHKO Clause: OHKO moves are banned
|rule|Evasion Moves Clause: Evasion moves are banned
|rule|Endless Battle Clause: Forcing endless battles is banned
|rule|HP Percentage Mod: HP is shown in percentages
|rule|Dynamax Clause: You cannot dynamax
|clearpoke
|poke|p1|Combusken, F|
|poke|p1|Venusaur, M|
|poke|p1|Toxapex, M|
|poke|p1|Zapdos|
|poke|p1|Zoroark, F|
|poke|p1|Ribombee, F|
|poke|p2|Tyrantrum, F|
|poke|p2|Crawdaunt, F|
|poke|p2|Flapple, F|
|poke|p2|Volcarona, M|
|poke|p2|Salamence, M|
|poke|p2|Blaziken, F|
|teampreview
|
|t:|1641853317
|start
|switch|p1a: Ribombee|Ribombee, F|100/100
|switch|p2a: crunch|Tyrantrum, F, shiny|100/100
|turn|1
|
|t:|1641853328
|move|p1a: Ribombee|Moonblast|p2a: crunch
|-supereffective|p2a: crunch
|-damage|p2a: crunch|0 fnt
|faint|p2a: crunch
|
|upkeep
|
|t:|1641853334
|switch|p2a: Volcarona|Volcarona, M|100/100
|turn|2
|
|t:|1641853339
|switch|p1a: Toxapex|Toxapex, M|100/100
|move|p2a: Volcarona|Quiver Dance|p2a: Volcarona
|-boost|p2a: Volcarona|spa|1
|-boost|p2a: Volcarona|spd|1
|-boost|p2a: Volcarona|spe|1
|
|upkeep
|turn|3
|
|t:|1641853348
|switch|p2a: FavMon|Crawdaunt, F|100/100
|move|p1a: Toxapex|Haze|p1a: Toxapex
|-clearallboost
|
|upkeep
|turn|4
|
|t:|1641853353
|move|p2a: FavMon|Swords Dance|p2a: FavMon
|-boost|p2a: FavMon|atk|2
|move|p1a: Toxapex|Toxic Spikes|p2a: FavMon
|-sidestart|p2: PicklesAttack|move: Toxic Spikes
|
|upkeep
|turn|5
|
|t:|1641853361
|move|p2a: FavMon|Knock Off|p1a: Toxapex
|-damage|p1a: Toxapex|0 fnt
|-enditem|p1a: Toxapex|Black Sludge|[from] move: Knock Off|[of] p2a: FavMon
|faint|p1a: Toxapex
|
|upkeep
|
|t:|1641853365
|switch|p1a: Combusken|Combusken, F|100/100
|turn|6
|
|t:|1641853370
|move|p1a: Combusken|Protect|p1a: Combusken
|-singleturn|p1a: Combusken|Protect
|move|p2a: FavMon|Aqua Jet|p1a: Combusken
|-activate|p1a: Combusken|move: Protect
|
|-ability|p1a: Combusken|Speed Boost|boost
|-boost|p1a: Combusken|spe|1
|upkeep
|turn|7
|inactive|Battle timer is ON: inactive players will automatically lose when time's up. (requested by lrcanassa)
|
|t:|1641853392
|move|p1a: Combusken|Thunder Punch|p2a: FavMon
|-supereffective|p2a: FavMon
|-damage|p2a: FavMon|30/100
|-damage|p1a: Combusken|91/100|[from] item: Life Orb
|move|p2a: FavMon|Knock Off|p1a: Combusken
|-resisted|p1a: Combusken
|-damage|p1a: Combusken|0 fnt
|-enditem|p1a: Combusken|Life Orb|[from] move: Knock Off|[of] p2a: FavMon
|faint|p1a: Combusken
|
|upkeep
|
|t:|1641853410
|switch|p1a: Zapdos|Zapdos|100/100
|turn|8
|
|t:|1641853414
|move|p2a: FavMon|Aqua Jet|p1a: Zapdos
|-damage|p1a: Zapdos|44/100
|move|p1a: Zapdos|Volt Switch|p2a: FavMon
|-supereffective|p2a: FavMon
|-damage|p2a: FavMon|0 fnt
|faint|p2a: FavMon
|
|t:|1641853425
|switch|p1a: Venusaur|Venusaur, M|100/100|[from]move: Volt Switch
|
|upkeep
|
|t:|1641853433
|switch|p2a: Salamence|Salamence, M|100/100
|-ability|p2a: Salamence|Intimidate|boost
|-unboost|p1a: Venusaur|atk|1
|turn|9
|
|t:|1641853439
|switch|p1a: Zapdos|Zapdos|44/100
|move|p2a: Salamence|Dragon Dance|p2a: Salamence
|-boost|p2a: Salamence|atk|1
|-boost|p2a: Salamence|spe|1
|
|upkeep
|turn|10
|
|t:|1641853448
|move|p2a: Salamence|Dragon Dance|p2a: Salamence
|-boost|p2a: Salamence|atk|1
|-boost|p2a: Salamence|spe|1
|move|p1a: Zapdos|Volt Switch|p2a: Salamence
|-damage|p2a: Salamence|53/100
|
|t:|1641853457
|switch|p1a: Ribombee|Ribombee, F|100/100|[from]move: Volt Switch
|
|-heal|p2a: Salamence|59/100|[from] item: Leftovers
|upkeep
|turn|11
|
|t:|1641853460
|move|p2a: Salamence|Dual Wingbeat|p1a: Ribombee
|-supereffective|p1a: Ribombee
|-crit|p1a: Ribombee
|-enditem|p1a: Ribombee|Focus Sash
|-damage|p1a: Ribombee|1/100
|-supereffective|p1a: Ribombee
|-damage|p1a: Ribombee|0 fnt
|faint|p1a: Ribombee
|-hitcount|p1: Ribombee|2
|
|-heal|p2a: Salamence|65/100|[from] item: Leftovers
|upkeep
|
|t:|1641853463
|switch|p1a: Venusaur|Venusaur, M|100/100
|turn|12
|
|t:|1641853468
|move|p2a: Salamence|Dual Wingbeat|p1a: Venusaur
|-damage|p1a: Venusaur|15/100
|replace|p1a: Zoroark|Zoroark, F
|-end|p1a: Zoroark|Illusion
|-damage|p1a: Zoroark|0 fnt
|faint|p1a: Zoroark
|-hitcount|p1: Zoroark|2
|
|-heal|p2a: Salamence|71/100|[from] item: Leftovers
|upkeep
|c|☆lrcanassa|Gg
|-message|lrcanassa forfeited.
|
|win|PicklesAttack
|raw|lrcanassa's rating: 1024 &rarr; <strong>1012</strong><br />(-12 for losing)
|raw|PicklesAttack's rating: 1057 &rarr; <strong>1085</strong><br />(+28 for winning)
|l|☆lrcanassa
|c|☆PicklesAttack|Ggs
