|j|☆DumbLick1337
|j|☆dahs090
|t:|1641882826
|gametype|singles
|player|p1|DumbLick1337|102|1361
|player|p2|dahs090|fisherman-gen4|1460
|teamsize|p1|6
|teamsize|p2|6
|gen|8
|tier|[Gen 8] OU
|rated|
|rule|Sleep Clause Mod: Limit one foe put to sleep
|rule|Species Clause: Limit one of each Pokémon
|rule|OHKO Clause: OHKO moves are banned
|rule|Evasion Moves Clause: Evasion moves are banned
|rule|Endless Battle Clause: Forcing endless battles is banned
|rule|HP Percentage Mod: HP is shown in percentages
|rule|Dynamax Clause: You cannot dynamax
|clearpoke
|poke|p1|Rotom-Heat|
|poke|p1|Corviknight, F|
|poke|p1|Clefable, M|
|poke|p1|Seismitoad, F|
|poke|p1|Hydreigon, M|
|poke|p1|Gyarados, F|
|poke|p2|Melmetal|
|poke|p2|Urshifu-*, M|
|poke|p2|Dragonite, F|
|poke|p2|Ferrothorn, M|
|poke|p2|Zapdos|
|poke|p2|Dragapult, F|
|teampreview
|c|☆DumbLick1337|hf
|inactive|Battle timer is ON: inactive players will automatically lose when time's up. (requested by DumbLick1337)
|j| HaywireHax
|
|t:|1641882858
|start
|switch|p1a: Clefable|Clefable, M|100/100
|switch|p2a: Zapdos|Zapdos|100/100
|turn|1
|
|t:|1641882864
|move|p2a: Zapdos|Discharge|p1a: Clefable
|-damage|p1a: Clefable|70/100
|-status|p1a: Clefable|par
|move|p1a: Clefable|Calm Mind|p1a: Clefable
|-boost|p1a: Clefable|spa|1
|-boost|p1a: Clefable|spd|1
|
|-heal|p1a: Clefable|76/100 par|[from] item: Leftovers
|upkeep
|turn|2
|
|t:|1641882890
|switch|p2a: Melmetal|Melmetal|100/100
|move|p1a: Clefable|Calm Mind|p1a: Clefable
|-boost|p1a: Clefable|spa|1
|-boost|p1a: Clefable|spd|1
|
|-heal|p1a: Clefable|82/100 par|[from] item: Leftovers
|upkeep
|turn|3
|
|t:|1641882898
|switch|p1a: Seismitoad|Seismitoad, F|100/100
|move|p2a: Melmetal|Double Iron Bash|p1a: Seismitoad
|-resisted|p1a: Seismitoad
|-damage|p1a: Seismitoad|85/100
|-resisted|p1a: Seismitoad
|-damage|p1a: Seismitoad|69/100
|-hitcount|p1a: Seismitoad|2
|
|-heal|p1a: Seismitoad|75/100|[from] item: Leftovers
|upkeep
|turn|4
|
|t:|1641882907
|switch|p2a: Ferrothorn|Ferrothorn, M|100/100
|move|p1a: Seismitoad|Stealth Rock|p2a: Ferrothorn
|-sidestart|p2: dahs090|move: Stealth Rock
|
|-heal|p1a: Seismitoad|81/100|[from] item: Leftovers
|upkeep
|turn|5
|
|t:|1641882915
|switch|p1a: Clefable|Clefable, M|82/100 par
|move|p2a: Ferrothorn|Stealth Rock|p1a: Clefable
|-sidestart|p1: DumbLick1337|move: Stealth Rock
|
|-heal|p1a: Clefable|88/100 par|[from] item: Leftovers
|upkeep
|turn|6
|
|t:|1641882922
|cant|p1a: Clefable|par
|move|p2a: Ferrothorn|Gyro Ball|p1a: Clefable
|-supereffective|p1a: Clefable
|-damage|p1a: Clefable|61/100 par
|
|-heal|p1a: Clefable|67/100 par|[from] item: Leftovers
|upkeep
|turn|7
|
|t:|1641882929
|switch|p2a: Melmetal|Melmetal|100/100
|-damage|p2a: Melmetal|94/100|[from] Stealth Rock
|move|p1a: Clefable|Calm Mind|p1a: Clefable
|-boost|p1a: Clefable|spa|1
|-boost|p1a: Clefable|spd|1
|
|-heal|p1a: Clefable|73/100 par|[from] item: Leftovers
|upkeep
|turn|8
|
|t:|1641882938
|cant|p1a: Clefable|par
|move|p2a: Melmetal|Double Iron Bash|p1a: Clefable
|-supereffective|p1a: Clefable
|-damage|p1a: Clefable|7/100 par
|-supereffective|p1a: Clefable
|-damage|p1a: Clefable|0 fnt
|faint|p1a: Clefable
|-hitcount|p1: Clefable|2
|
|upkeep
|
|t:|1641882939
|switch|p1a: Seismitoad|Seismitoad, F|81/100
|-damage|p1a: Seismitoad|75/100|[from] Stealth Rock
|turn|9
|
|t:|1641882963
|switch|p2a: Ferrothorn|Ferrothorn, M|100/100
|-damage|p2a: Ferrothorn|94/100|[from] Stealth Rock
|move|p1a: Seismitoad|Earthquake|p2a: Ferrothorn
|-damage|p2a: Ferrothorn|73/100
|
|-heal|p1a: Seismitoad|81/100|[from] item: Leftovers
|upkeep
|turn|10
|
|t:|1641882973
|move|p1a: Seismitoad|Scald|p2a: Ferrothorn
|-resisted|p2a: Ferrothorn
|-damage|p2a: Ferrothorn|63/100
|-status|p2a: Ferrothorn|brn
|move|p2a: Ferrothorn|Leech Seed|p1a: Seismitoad
|-start|p1a: Seismitoad|move: Leech Seed
|
|-heal|p1a: Seismitoad|87/100|[from] item: Leftovers
|-damage|p1a: Seismitoad|74/100|[from] Leech Seed|[of] p2a: Ferrothorn
|-heal|p2a: Ferrothorn|77/100 brn|[silent]
|-damage|p2a: Ferrothorn|71/100 brn|[from] brn
|upkeep
|turn|11
|
|t:|1641882983
|move|p1a: Seismitoad|Earthquake|p2a: Ferrothorn
|-damage|p2a: Ferrothorn|50/100 brn
|move|p2a: Ferrothorn|Leech Seed||[still]
|-fail|p2a: Ferrothorn
|
|-heal|p1a: Seismitoad|80/100|[from] item: Leftovers
|-damage|p1a: Seismitoad|68/100|[from] Leech Seed|[of] p2a: Ferrothorn
|-heal|p2a: Ferrothorn|65/100 brn|[silent]
|-damage|p2a: Ferrothorn|58/100 brn|[from] brn
|upkeep
|turn|12
|
|t:|1641882994
|move|p1a: Seismitoad|Earthquake|p2a: Ferrothorn
|-damage|p2a: Ferrothorn|39/100 brn
|move|p2a: Ferrothorn|Leech Seed|p1a: Seismitoad|[miss]
|-miss|p2a: Ferrothorn|p1a: Seismitoad
|
|-heal|p1a: Seismitoad|74/100|[from] item: Leftovers
|-damage|p1a: Seismitoad|62/100|[from] Leech Seed|[of] p2a: Ferrothorn
|-heal|p2a: Ferrothorn|54/100 brn|[silent]
|-damage|p2a: Ferrothorn|48/100 brn|[from] brn
|upkeep
|turn|13
|
|t:|1641883003
|move|p2a: Ferrothorn|Protect|p2a: Ferrothorn
|-singleturn|p2a: Ferrothorn|Protect
|move|p1a: Seismitoad|Earthquake|p2a: Ferrothorn
|-activate|p2a: Ferrothorn|move: Protect
|
|-heal|p1a: Seismitoad|68/100|[from] item: Leftovers
|-damage|p1a: Seismitoad|56/100|[from] Leech Seed|[of] p2a: Ferrothorn
|-heal|p2a: Ferrothorn|62/100 brn|[silent]
|-damage|p2a: Ferrothorn|56/100 brn|[from] brn
|upkeep
|turn|14
|
|t:|1641883014
|switch|p2a: Zapdos|Zapdos|100/100
|move|p1a: Seismitoad|Earthquake|p2a: Zapdos
|-immune|p2a: Zapdos
|
|-heal|p1a: Seismitoad|62/100|[from] item: Leftovers
|-damage|p1a: Seismitoad|49/100|[from] Leech Seed|[of] p2a: Zapdos
|upkeep
|turn|15
|
|t:|1641883023
|switch|p2a: Ferrothorn|Ferrothorn, M|56/100 brn
|-damage|p2a: Ferrothorn|50/100 brn|[from] Stealth Rock
|switch|p1a: Hydreigon|Hydreigon, M|100/100
|-damage|p1a: Hydreigon|88/100|[from] Stealth Rock
|
|-damage|p2a: Ferrothorn|43/100 brn|[from] brn
|upkeep
|turn|16
|
|t:|1641883032
|move|p1a: Hydreigon|Dark Pulse|p2a: Ferrothorn
|-damage|p2a: Ferrothorn|10/100 brn
|move|p2a: Ferrothorn|Leech Seed|p1a: Hydreigon
|-start|p1a: Hydreigon|move: Leech Seed
|
|-damage|p1a: Hydreigon|76/100|[from] Leech Seed|[of] p2a: Ferrothorn
|-heal|p2a: Ferrothorn|21/100 brn|[silent]
|-damage|p2a: Ferrothorn|15/100 brn|[from] brn
|upkeep
|turn|17
|
|t:|1641883041
|move|p2a: Ferrothorn|Protect|p2a: Ferrothorn
|-singleturn|p2a: Ferrothorn|Protect
|move|p1a: Hydreigon|Dark Pulse|p2a: Ferrothorn
|-activate|p2a: Ferrothorn|move: Protect
|
|-damage|p1a: Hydreigon|64/100|[from] Leech Seed|[of] p2a: Ferrothorn
|-heal|p2a: Ferrothorn|26/100 brn|[silent]
|-damage|p2a: Ferrothorn|20/100 brn|[from] brn
|upkeep
|turn|18
|
|t:|1641883051
|switch|p2a: Melmetal|Melmetal|94/100
|-damage|p2a: Melmetal|88/100|[from] Stealth Rock
|move|p1a: Hydreigon|Dark Pulse|p2a: Melmetal
|-damage|p2a: Melmetal|61/100
|
|-damage|p1a: Hydreigon|51/100|[from] Leech Seed|[of] p2a: Melmetal
|-heal|p2a: Melmetal|69/100|[silent]
|upkeep
|turn|19
|
|t:|1641883067
|switch|p1a: Corviknight|Corviknight, F|100/100
|-damage|p1a: Corviknight|88/100|[from] Stealth Rock
|-ability|p1a: Corviknight|Pressure
|move|p2a: Melmetal|Thunder Punch|p1a: Corviknight
|-supereffective|p1a: Corviknight
|-damage|p1a: Corviknight|34/100
|
|-heal|p1a: Corviknight|41/100|[from] item: Leftovers
|upkeep
|turn|20
|
|t:|1641883077
|move|p1a: Corviknight|Roost|p1a: Corviknight
|-heal|p1a: Corviknight|91/100
|-singleturn|p1a: Corviknight|move: Roost
|move|p2a: Melmetal|Thunder Punch|p1a: Corviknight
|-damage|p1a: Corviknight|65/100
|
|-heal|p1a: Corviknight|71/100|[from] item: Leftovers
|upkeep
|turn|21
|
|t:|1641883085
|move|p1a: Corviknight|Roost|p1a: Corviknight
|-heal|p1a: Corviknight|100/100
|-singleturn|p1a: Corviknight|move: Roost
|move|p2a: Melmetal|Earthquake|p1a: Corviknight
|-supereffective|p1a: Corviknight
|-damage|p1a: Corviknight|44/100
|
|-heal|p1a: Corviknight|51/100|[from] item: Leftovers
|upkeep
|turn|22
|
|t:|1641883094
|move|p1a: Corviknight|Roost|p1a: Corviknight
|-heal|p1a: Corviknight|100/100
|-singleturn|p1a: Corviknight|move: Roost
|move|p2a: Melmetal|Earthquake|p1a: Corviknight
|-supereffective|p1a: Corviknight
|-damage|p1a: Corviknight|48/100
|
|-heal|p1a: Corviknight|54/100|[from] item: Leftovers
|upkeep
|turn|23
|
|t:|1641883103
|switch|p2a: Dragapult|Dragapult, F|100/100
|-damage|p2a: Dragapult|88/100|[from] Stealth Rock
|move|p1a: Corviknight|Roost|p1a: Corviknight
|-heal|p1a: Corviknight|100/100
|-singleturn|p1a: Corviknight|move: Roost
|
|upkeep
|turn|24
|
|t:|1641883112
|move|p2a: Dragapult|U-turn|p1a: Corviknight
|-resisted|p1a: Corviknight
|-damage|p1a: Corviknight|98/100
|
|t:|1641883115
|switch|p2a: Ferrothorn|Ferrothorn, M|20/100 brn|[from]move: U-turn
|-damage|p2a: Ferrothorn|14/100 brn|[from] Stealth Rock
|move|p1a: Corviknight|Roost|p1a: Corviknight
|-heal|p1a: Corviknight|100/100
|-singleturn|p1a: Corviknight|move: Roost
|
|-damage|p2a: Ferrothorn|8/100 brn|[from] brn
|upkeep
|turn|25
|
|t:|1641883124
|move|p1a: Corviknight|Brave Bird|p2a: Ferrothorn
|-crit|p2a: Ferrothorn
|-damage|p2a: Ferrothorn|0 fnt
|-damage|p1a: Corviknight|88/100|[from] ability: Iron Barbs|[of] p2a: Ferrothorn
|-damage|p1a: Corviknight|71/100|[from] item: Rocky Helmet|[of] p2a: Ferrothorn
|faint|p2a: Ferrothorn
|-damage|p1a: Corviknight|69/100|[from] Recoil
|
|-heal|p1a: Corviknight|76/100|[from] item: Leftovers
|upkeep
|
|t:|1641883134
|switch|p2a: Zapdos|Zapdos|100/100
|turn|26
|
|t:|1641883138
|move|p2a: Zapdos|Discharge|p1a: Corviknight
|-supereffective|p1a: Corviknight
|-damage|p1a: Corviknight|21/100
|move|p1a: Corviknight|Roost|p1a: Corviknight
|-heal|p1a: Corviknight|71/100
|-singleturn|p1a: Corviknight|move: Roost
|
|-heal|p1a: Corviknight|77/100|[from] item: Leftovers
|upkeep
|turn|27
|
|t:|1641883147
|move|p2a: Zapdos|Discharge|p1a: Corviknight
|-supereffective|p1a: Corviknight
|-damage|p1a: Corviknight|21/100
|-status|p1a: Corviknight|par
|cant|p1a: Corviknight|par
|
|-heal|p1a: Corviknight|28/100 par|[from] item: Leftovers
|upkeep
|turn|28
|
|t:|1641883155
|switch|p1a: Hydreigon|Hydreigon, M|51/100
|-damage|p1a: Hydreigon|39/100|[from] Stealth Rock
|move|p2a: Zapdos|Discharge|p1a: Hydreigon
|-resisted|p1a: Hydreigon
|-damage|p1a: Hydreigon|20/100
|
|upkeep
|turn|29
|
|t:|1641883166
|move|p1a: Hydreigon|Draco Meteor|p2a: Zapdos
|-damage|p2a: Zapdos|56/100
|-unboost|p1a: Hydreigon|spa|2
|move|p2a: Zapdos|Roost|p2a: Zapdos
|-heal|p2a: Zapdos|100/100
|-singleturn|p2a: Zapdos|move: Roost
|
|upkeep
|turn|30
|
|t:|1641883174
|move|p1a: Hydreigon|Draco Meteor|p2a: Zapdos
|-damage|p2a: Zapdos|79/100
|-unboost|p1a: Hydreigon|spa|2
|move|p2a: Zapdos|Discharge|p1a: Hydreigon
|-resisted|p1a: Hydreigon
|-damage|p1a: Hydreigon|0 fnt
|faint|p1a: Hydreigon
|
|upkeep
|
|t:|1641883174
|switch|p1a: rotomheat|Rotom-Heat|100/100
|turn|31
|l| HaywireHax
|
|t:|1641883184
|move|p1a: rotomheat|Thunderbolt|p2a: Zapdos
|-damage|p2a: Zapdos|49/100
|move|p2a: Zapdos|Toxic|p1a: rotomheat
|-status|p1a: rotomheat|tox
|
|-damage|p1a: rotomheat|94/100 tox|[from] psn
|upkeep
|turn|32
|
|t:|1641883195
|move|p1a: rotomheat|Volt Switch|p2a: Zapdos
|-damage|p2a: Zapdos|26/100
|
|t:|1641883195
|switch|p1a: Seismitoad|Seismitoad, F|49/100|[from]move: Volt Switch
|-damage|p1a: Seismitoad|43/100|[from] Stealth Rock
|move|p2a: Zapdos|Roost|p2a: Zapdos
|-heal|p2a: Zapdos|76/100
|-singleturn|p2a: Zapdos|move: Roost
|
|-heal|p1a: Seismitoad|49/100|[from] item: Leftovers
|upkeep
|turn|33
|
|t:|1641883209
|move|p2a: Zapdos|Toxic|p1a: Seismitoad
|-status|p1a: Seismitoad|tox
|move|p1a: Seismitoad|Toxic|p2a: Zapdos
|-status|p2a: Zapdos|tox
|
|-heal|p1a: Seismitoad|55/100 tox|[from] item: Leftovers
|-damage|p2a: Zapdos|70/100 tox|[from] psn
|-damage|p1a: Seismitoad|49/100 tox|[from] psn
|upkeep
|turn|34
|
|t:|1641883227
|switch|p2a: Dragapult|Dragapult, F|88/100
|-damage|p2a: Dragapult|76/100|[from] Stealth Rock
|move|p1a: Seismitoad|Toxic|p2a: Dragapult|[miss]
|-miss|p1a: Seismitoad|p2a: Dragapult
|
|-heal|p1a: Seismitoad|55/100 tox|[from] item: Leftovers
|-damage|p1a: Seismitoad|43/100 tox|[from] psn
|upkeep
|turn|35
|
|t:|1641883240
|switch|p1a: Corviknight|Corviknight, F|28/100 par
|-damage|p1a: Corviknight|15/100 par|[from] Stealth Rock
|-ability|p1a: Corviknight|Pressure
|move|p2a: Dragapult|Shadow Ball|p1a: Corviknight
|-damage|p1a: Corviknight|0 fnt
|faint|p1a: Corviknight
|
|upkeep
|
|t:|1641883241
|switch|p1a: Gyarados|Gyarados, F|100/100
|-damage|p1a: Gyarados|76/100|[from] Stealth Rock
|turn|36
|inactive|dahs090 has 120 seconds left.
|
|t:|1641883285
|switch|p2a: Zapdos|Zapdos|70/100 tox
|move|p1a: Gyarados|Earthquake|p2a: Zapdos
|-immune|p2a: Zapdos
|
|-heal|p1a: Gyarados|82/100|[from] item: Leftovers
|-damage|p2a: Zapdos|63/100 tox|[from] psn
|upkeep
|turn|37
|
|t:|1641883293
|switch|p1a: Seismitoad|Seismitoad, F|43/100 tox
|-damage|p1a: Seismitoad|37/100 tox|[from] Stealth Rock
|move|p2a: Zapdos|Discharge|p1a: Seismitoad
|-immune|p1a: Seismitoad
|
|-heal|p1a: Seismitoad|43/100 tox|[from] item: Leftovers
|-damage|p2a: Zapdos|51/100 tox|[from] psn
|-damage|p1a: Seismitoad|37/100 tox|[from] psn
|upkeep
|turn|38
|inactive|dahs090 has 120 seconds left.
|
|t:|1641883304
|move|p2a: Zapdos|Heat Wave|p1a: Seismitoad
|-resisted|p1a: Seismitoad
|-damage|p1a: Seismitoad|24/100 tox
|move|p1a: Seismitoad|Toxic|p2a: Zapdos
|-fail|p2a: Zapdos|tox
|
|-heal|p1a: Seismitoad|30/100 tox|[from] item: Leftovers
|-damage|p2a: Zapdos|32/100 tox|[from] psn
|-damage|p1a: Seismitoad|18/100 tox|[from] psn
|upkeep
|turn|39
|inactive|dahs090 has 120 seconds left.
|
|t:|1641883317
|move|p2a: Zapdos|Roost|p2a: Zapdos
|-heal|p2a: Zapdos|82/100 tox
|-singleturn|p2a: Zapdos|move: Roost
|move|p1a: Seismitoad|Scald|p2a: Zapdos
|-damage|p2a: Zapdos|64/100 tox
|
|-heal|p1a: Seismitoad|24/100 tox|[from] item: Leftovers
|-damage|p2a: Zapdos|39/100 tox|[from] psn
|-damage|p1a: Seismitoad|6/100 tox|[from] psn
|upkeep
|turn|40
|inactive|dahs090 has 120 seconds left.
|
|t:|1641883338
|move|p2a: Zapdos|Heat Wave|p1a: Seismitoad
|-resisted|p1a: Seismitoad
|-damage|p1a: Seismitoad|0 fnt
|faint|p1a: Seismitoad
|
|-damage|p2a: Zapdos|8/100 tox|[from] psn
|upkeep
|
|t:|1641883338
|switch|p1a: rotomheat|Rotom-Heat|94/100 tox
|turn|41
|
|t:|1641883349
|move|p1a: rotomheat|Thunderbolt|p2a: Zapdos
|-damage|p2a: Zapdos|0 fnt
|faint|p2a: Zapdos
|
|-damage|p1a: rotomheat|88/100 tox|[from] psn
|upkeep
|
|t:|1641883371
|switch|p2a: Melmetal|Melmetal|69/100
|-damage|p2a: Melmetal|63/100|[from] Stealth Rock
|turn|42
|
|t:|1641883382
|move|p1a: rotomheat|Thunderbolt|p2a: Melmetal
|-damage|p2a: Melmetal|34/100
|move|p2a: Melmetal|Thunder Punch|p1a: rotomheat
|-resisted|p1a: rotomheat
|-damage|p1a: rotomheat|65/100 tox
|
|-damage|p1a: rotomheat|52/100 tox|[from] psn
|upkeep
|turn|43
|
|t:|1641883387
|move|p1a: rotomheat|Thunderbolt|p2a: Melmetal
|-damage|p2a: Melmetal|8/100
|move|p2a: Melmetal|Thunder Punch|p1a: rotomheat
|-resisted|p1a: rotomheat
|-damage|p1a: rotomheat|28/100 tox
|
|-damage|p1a: rotomheat|9/100 tox|[from] psn
|upkeep
|turn|44
|
|t:|1641883402
|move|p1a: rotomheat|Volt Switch|p2a: Melmetal
|-damage|p2a: Melmetal|0 fnt
|faint|p2a: Melmetal
|
|t:|1641883402
|switch|p1a: Gyarados|Gyarados, F|82/100|[from]move: Volt Switch
|-damage|p1a: Gyarados|57/100|[from] Stealth Rock
|
|-heal|p1a: Gyarados|63/100|[from] item: Leftovers
|upkeep
|
|t:|1641883413
|switch|p2a: Dragapult|Dragapult, F|76/100
|-damage|p2a: Dragapult|64/100|[from] Stealth Rock
|turn|45
|
|t:|1641883421
|switch|p1a: rotomheat|Rotom-Heat|9/100 tox
|move|p2a: Dragapult|Draco Meteor|p1a: rotomheat
|-damage|p1a: rotomheat|0 fnt
|-unboost|p2a: Dragapult|spa|2
|faint|p1a: rotomheat
|
|upkeep
|
|t:|1641883421
|switch|p1a: Gyarados|Gyarados, F|63/100
|-damage|p1a: Gyarados|38/100|[from] Stealth Rock
|turn|46
|
|t:|1641883438
|switch|p2a: Dragonite|Dragonite, F|100/100
|move|p1a: Gyarados|Earthquake|p2a: Dragonite
|-immune|p2a: Dragonite
|
|-heal|p1a: Gyarados|44/100|[from] item: Leftovers
|upkeep
|turn|47
|
|t:|1641883446
|move|p2a: Dragonite|Dragon Dance|p2a: Dragonite
|-boost|p2a: Dragonite|atk|1
|-boost|p2a: Dragonite|spe|1
|move|p1a: Gyarados|Waterfall|p2a: Dragonite
|-resisted|p2a: Dragonite
|-damage|p2a: Dragonite|89/100
|
|-heal|p1a: Gyarados|50/100|[from] item: Leftovers
|upkeep
|turn|48
|
|t:|1641883453
|move|p2a: Dragonite|Dual Wingbeat|p1a: Gyarados
|-damage|p1a: Gyarados|13/100
|-damage|p1a: Gyarados|0 fnt
|faint|p1a: Gyarados
|-hitcount|p1: Gyarados|2
|
|win|dahs090
|raw|DumbLick1337's rating: 1361 &rarr; <strong>1347</strong><br />(-14 for losing)
|raw|dahs090's rating: 1460 &rarr; <strong>1474</strong><br />(+14 for winning)
|c|☆DumbLick1337|gg
|l|☆DumbLick1337
