|j|☆SJBLHX
|j|☆Zephyr1517
|t:|1641812173
|gametype|singles
|player|p1|SJBLHX|dawn-gen4pt|1181
|player|p2|Zephyr1517|elio|1182
|teamsize|p1|6
|teamsize|p2|6
|gen|8
|tier|[Gen 8] OU
|rated|
|rule|Sleep Clause Mod: Limit one foe put to sleep
|rule|Species Clause: Limit one of each Pokémon
|rule|OHKO Clause: OHKO moves are banned
|rule|Evasion Moves Clause: Evasion moves are banned
|rule|Endless Battle Clause: Forcing endless battles is banned
|rule|HP Percentage Mod: HP is shown in percentages
|rule|Dynamax Clause: You cannot dynamax
|clearpoke
|poke|p1|Hatterene, F|
|poke|p1|Zeraora|
|poke|p1|Gyarados, F|
|poke|p1|Dragapult, M|
|poke|p1|Blissey, F|
|poke|p1|Blaziken, F|
|poke|p2|Nihilego|
|poke|p2|Zapdos-Galar|
|poke|p2|Kartana|
|poke|p2|Celesteela|
|poke|p2|Garchomp, F|
|poke|p2|Tapu Fini|
|teampreview
|
|t:|1641812182
|start
|switch|p1a: Hatterene|Hatterene, F|100/100
|switch|p2a: Garchomp|Garchomp, F|100/100
|turn|1
|
|t:|1641812187
|move|p2a: Garchomp|Earthquake|p1a: Hatterene
|-crit|p1a: Hatterene
|-damage|p1a: Hatterene|49/100
|move|p1a: Hatterene|Dazzling Gleam|p2a: Garchomp
|-supereffective|p2a: Garchomp
|-damage|p2a: Garchomp|33/100
|
|-heal|p1a: Hatterene|55/100|[from] item: Leftovers
|upkeep
|turn|2
|
|t:|1641812219
|switch|p2a: Nihilego|Nihilego|100/100
|move|p1a: Hatterene|Trick Room|p1a: Hatterene
|-fieldstart|move: Trick Room|[of] p1a: Hatterene
|
|-heal|p1a: Hatterene|61/100|[from] item: Leftovers
|upkeep
|turn|3
|
|t:|1641812229
|move|p1a: Hatterene|Calm Mind|p1a: Hatterene
|-boost|p1a: Hatterene|spa|1
|-boost|p1a: Hatterene|spd|1
|move|p2a: Nihilego|Meteor Beam||[still]
|-prepare|p2a: Nihilego|Meteor Beam
|-boost|p2a: Nihilego|spa|1
|-enditem|p2a: Nihilego|Power Herb
|-anim|p2a: Nihilego|Meteor Beam|p1a: Hatterene
|-damage|p1a: Hatterene|1/100
|
|-heal|p1a: Hatterene|7/100|[from] item: Leftovers
|upkeep
|turn|4
|
|t:|1641812240
|move|p1a: Hatterene|Mystical Fire|p2a: Nihilego
|-resisted|p2a: Nihilego
|-damage|p2a: Nihilego|87/100
|-unboost|p2a: Nihilego|spa|1
|move|p2a: Nihilego|Power Gem|p1a: Hatterene
|-damage|p1a: Hatterene|0 fnt
|faint|p1a: Hatterene
|-ability|p2a: Nihilego|Beast Boost|boost
|-boost|p2a: Nihilego|spe|1
|
|upkeep
|
|t:|1641812255
|switch|p1a: Gyarados|Gyarados, F|100/100
|turn|5
|
|t:|1641812263
|move|p1a: Gyarados|Waterfall|p2a: Nihilego
|-supereffective|p2a: Nihilego
|-damage|p2a: Nihilego|0 fnt
|faint|p2a: Nihilego
|-ability|p1a: Gyarados|Moxie|boost
|-boost|p1a: Gyarados|atk|1
|
|upkeep
|
|t:|1641812271
|switch|p2a: Celesteela|Celesteela|100/100
|turn|6
|
|t:|1641812278
|move|p2a: Celesteela|Meteor Beam||[still]
|-prepare|p2a: Celesteela|Meteor Beam
|-boost|p2a: Celesteela|spa|1
|-enditem|p2a: Celesteela|Power Herb
|-anim|p2a: Celesteela|Meteor Beam|p1a: Gyarados
|-supereffective|p1a: Gyarados
|-damage|p1a: Gyarados|0 fnt
|faint|p1a: Gyarados
|-ability|p2a: Celesteela|Beast Boost|boost
|-boost|p2a: Celesteela|spa|1
|
|-fieldend|move: Trick Room
|upkeep
|
|t:|1641812286
|switch|p1a: Blaziken|Blaziken, F, shiny|100/100
|turn|7
|
|t:|1641812290
|move|p1a: Blaziken|Protect|p1a: Blaziken
|-singleturn|p1a: Blaziken|Protect
|move|p2a: Celesteela|Air Slash|p1a: Blaziken
|-activate|p1a: Blaziken|move: Protect
|
|-ability|p1a: Blaziken|Speed Boost|boost
|-boost|p1a: Blaziken|spe|1
|upkeep
|turn|8
|
|t:|1641812297
|move|p1a: Blaziken|Swords Dance|p1a: Blaziken
|-boost|p1a: Blaziken|atk|2
|move|p2a: Celesteela|Air Slash|p1a: Blaziken
|-supereffective|p1a: Blaziken
|-enditem|p1a: Blaziken|Focus Sash
|-damage|p1a: Blaziken|1/100
|
|-ability|p1a: Blaziken|Speed Boost|boost
|-boost|p1a: Blaziken|spe|1
|upkeep
|turn|9
|
|t:|1641812310
|switch|p2a: Garchomp|Garchomp, F|33/100
|move|p1a: Blaziken|Flare Blitz|p2a: Garchomp
|-resisted|p2a: Garchomp
|-crit|p2a: Garchomp
|-damage|p2a: Garchomp|0 fnt
|-damage|p1a: Blaziken|0 fnt|[from] ability: Rough Skin|[of] p2a: Garchomp
|faint|p2a: Garchomp
|faint|p1a: Blaziken
|
|upkeep
|
|t:|1641812328
|switch|p2a: Kartana|Kartana|100/100
|switch|p1a: Dragapult|Dragapult, M|100/100
|turn|10
|
|t:|1641812343
|move|p1a: Dragapult|Phantom Force||[still]
|-prepare|p1a: Dragapult|Phantom Force
|move|p2a: Kartana|Knock Off|p1a: Dragapult|[miss]
|-miss|p2a: Kartana|p1a: Dragapult
|
|upkeep
|turn|11
|
|t:|1641812347
|move|p1a: Dragapult|Phantom Force|p2a: Kartana|[from]lockedmove
|-damage|p2a: Kartana|56/100
|move|p2a: Kartana|Knock Off|p1a: Dragapult
|-supereffective|p1a: Dragapult
|-damage|p1a: Dragapult|0 fnt
|-enditem|p1a: Dragapult|Choice Scarf|[from] move: Knock Off|[of] p2a: Kartana
|faint|p1a: Dragapult
|-ability|p2a: Kartana|Beast Boost|boost
|-boost|p2a: Kartana|atk|1
|
|upkeep
|
|t:|1641812356
|switch|p1a: Zeraora|Zeraora, shiny|100/100
|turn|12
|
|t:|1641812364
|move|p1a: Zeraora|Knock Off|p2a: Kartana
|-damage|p2a: Kartana|26/100
|-enditem|p2a: Kartana|Choice Scarf|[from] move: Knock Off|[of] p1a: Zeraora
|move|p2a: Kartana|Knock Off|p1a: Zeraora
|-damage|p1a: Zeraora|10/100
|-enditem|p1a: Zeraora|Choice Scarf|[from] move: Knock Off|[of] p2a: Kartana
|
|upkeep
|turn|13
|
|t:|1641812373
|move|p1a: Zeraora|Knock Off|p2a: Kartana
|-damage|p2a: Kartana|5/100
|move|p2a: Kartana|Knock Off|p1a: Zeraora
|-damage|p1a: Zeraora|0 fnt
|faint|p1a: Zeraora
|-ability|p2a: Kartana|Beast Boost|boost
|-boost|p2a: Kartana|atk|1
|
|upkeep
|
|t:|1641812380
|switch|p1a: Blissey|Blissey, F|100/100
|turn|14
|
|t:|1641812383
|move|p2a: Kartana|Knock Off|p1a: Blissey
|-damage|p1a: Blissey|25/100
|-enditem|p1a: Blissey|Leftovers|[from] move: Knock Off|[of] p2a: Kartana
|move|p1a: Blissey|Seismic Toss|p2a: Kartana
|-damage|p2a: Kartana|0 fnt
|faint|p2a: Kartana
|
|upkeep
|
|t:|1641812389
|switch|p2a: Zapdos|Zapdos-Galar|100/100
|turn|15
|
|t:|1641812392
|move|p2a: Zapdos|Close Combat|p1a: Blissey
|-supereffective|p1a: Blissey
|-damage|p1a: Blissey|0 fnt
|-unboost|p2a: Zapdos|def|1
|-unboost|p2a: Zapdos|spd|1
|faint|p1a: Blissey
|
|win|Zephyr1517
|raw|SJBLHX's rating: 1181 &rarr; <strong>1156</strong><br />(-25 for losing)
|raw|Zephyr1517's rating: 1182 &rarr; <strong>1207</strong><br />(+25 for winning)
