|j|☆LionelMesii
|j|☆greystaple
|t:|1641848554
|gametype|singles
|player|p1|LionelMesii|veteran|1542
|player|p2|greystaple|hilbert-wonderlauncher|1619
|teamsize|p1|6
|teamsize|p2|6
|gen|8
|tier|[Gen 8] OU
|rated|
|rule|Sleep Clause Mod: Limit one foe put to sleep
|rule|Species Clause: Limit one of each Pokémon
|rule|OHKO Clause: OHKO moves are banned
|rule|Evasion Moves Clause: Evasion moves are banned
|rule|Endless Battle Clause: Forcing endless battles is banned
|rule|HP Percentage Mod: HP is shown in percentages
|rule|Dynamax Clause: You cannot dynamax
|clearpoke
|poke|p1|Blissey, F|
|poke|p1|Toxapex, M|
|poke|p1|Dragonite, M|
|poke|p1|Corviknight, M|
|poke|p1|Quagsire, M|
|poke|p1|Zapdos|
|poke|p2|Garchomp, M|
|poke|p2|Melmetal|
|poke|p2|Tapu Lele|
|poke|p2|Tornadus-Therian, M|
|poke|p2|Ferrothorn, F|
|poke|p2|Rotom-Wash|
|teampreview
|
|t:|1641848600
|start
|switch|p1a: Quagsire|Quagsire, M|100/100
|switch|p2a: Tapu Lele|Tapu Lele|100/100
|-fieldstart|move: Psychic Terrain|[from] ability: Psychic Surge|[of] p2a: Tapu Lele
|turn|1
|
|t:|1641848606
|switch|p1a: Corviknight|Corviknight, M, shiny|100/100
|-ability|p1a: Corviknight|Pressure
|move|p2a: Tapu Lele|Future Sight|p1a: Corviknight
|-start|p2a: Tapu Lele|move: Future Sight
|
|upkeep
|turn|2
|
|t:|1641848612
|switch|p2a: Ferrothorn|Ferrothorn, F|100/100
|move|p1a: Corviknight|U-turn|p2a: Ferrothorn
|-damage|p2a: Ferrothorn|92/100
|-damage|p1a: Corviknight|88/100|[from] ability: Iron Barbs|[of] p2a: Ferrothorn
|
|t:|1641848621
|switch|p1a: Dragonite|Dragonite, M|100/100|[from]move: U-turn
|
|upkeep
|turn|3
|
|t:|1641848631
|switch|p2a: Rotom|Rotom-Wash|100/100
|move|p1a: Dragonite|Flamethrower|p2a: Rotom
|-resisted|p2a: Rotom
|-damage|p2a: Rotom|92/100
|
|-end|p1a: Dragonite|move: Future Sight
|-damage|p1a: Dragonite|76/100
|-heal|p2a: Rotom|99/100|[from] item: Leftovers
|upkeep
|turn|4
|
|t:|1641848641
|move|p2a: Rotom|Volt Switch|p1a: Dragonite
|-damage|p1a: Dragonite|61/100
|
|t:|1641848647
|switch|p2a: Ferrothorn|Ferrothorn, F|92/100|[from]move: Volt Switch
|move|p1a: Dragonite|Roost|p1a: Dragonite
|-heal|p1a: Dragonite|100/100
|-singleturn|p1a: Dragonite|move: Roost
|
|upkeep
|turn|5
|
|t:|1641848654
|switch|p2a: Rotom|Rotom-Wash|99/100
|move|p1a: Dragonite|Flamethrower|p2a: Rotom
|-resisted|p2a: Rotom
|-damage|p2a: Rotom|90/100
|-status|p2a: Rotom|brn
|
|-heal|p2a: Rotom|97/100 brn|[from] item: Leftovers
|-damage|p2a: Rotom|90/100 brn|[from] brn
|-fieldend|move: Psychic Terrain
|upkeep
|turn|6
|
|t:|1641848668
|switch|p1a: Quagsire|Quagsire, M|100/100
|move|p2a: Rotom|Will-O-Wisp|p1a: Quagsire|[miss]
|-miss|p2a: Rotom|p1a: Quagsire
|
|-heal|p2a: Rotom|97/100 brn|[from] item: Leftovers
|-damage|p2a: Rotom|90/100 brn|[from] brn
|upkeep
|turn|7
|
|t:|1641848676
|switch|p2a: Ferrothorn|Ferrothorn, F|92/100
|switch|p1a: Blissey|Blissey, F|100/100
|
|upkeep
|turn|8
|
|t:|1641848682
|switch|p1a: Corviknight|Corviknight, M, shiny|88/100
|-ability|p1a: Corviknight|Pressure
|move|p2a: Ferrothorn|Stealth Rock|p1a: Corviknight
|-sidestart|p1: LionelMesii|move: Stealth Rock
|
|-heal|p1a: Corviknight|94/100|[from] item: Leftovers
|upkeep
|turn|9
|
|t:|1641848689
|move|p1a: Corviknight|Defog|p2a: Ferrothorn
|-unboost|p2a: Ferrothorn|evasion|1
|-sideend|p1: LionelMesii|Stealth Rock|[from] move: Defog|[of] p1a: Corviknight
|move|p2a: Ferrothorn|Leech Seed|p1a: Corviknight
|-start|p1a: Corviknight|move: Leech Seed
|
|-heal|p1a: Corviknight|100/100|[from] item: Leftovers
|-damage|p1a: Corviknight|88/100|[from] Leech Seed|[of] p2a: Ferrothorn
|-heal|p2a: Ferrothorn|100/100|[silent]
|upkeep
|turn|10
|
|t:|1641848702
|switch|p1a: Zapdos|Zapdos|100/100
|-ability|p1a: Zapdos|Pressure
|move|p2a: Ferrothorn|Stealth Rock|p1a: Zapdos
|-sidestart|p1: LionelMesii|move: Stealth Rock
|
|upkeep
|turn|11
|inactive|Battle timer is ON: inactive players will automatically lose when time's up. (requested by LionelMesii)
|
|t:|1641848718
|switch|p2a: Garchomp|Garchomp, M|100/100
|move|p1a: Zapdos|Defog|p2a: Garchomp
|-unboost|p2a: Garchomp|evasion|1
|-sideend|p1: LionelMesii|Stealth Rock|[from] move: Defog|[of] p1a: Zapdos
|
|upkeep
|turn|12
|
|t:|1641848724
|switch|p1a: Quagsire|Quagsire, M|100/100
|move|p2a: Garchomp|Scale Shot|p1a: Quagsire
|-damage|p1a: Quagsire|91/100
|-damage|p1a: Quagsire|83/100
|-hitcount|p1a: Quagsire|2
|-unboost|p2a: Garchomp|def|1
|-boost|p2a: Garchomp|spe|1
|
|-heal|p1a: Quagsire|89/100|[from] item: Leftovers
|upkeep
|turn|13
|
|t:|1641848745
|switch|p2a: Ferrothorn|Ferrothorn, F|100/100
|move|p1a: Quagsire|Scald|p2a: Ferrothorn
|-resisted|p2a: Ferrothorn
|-damage|p2a: Ferrothorn|94/100
|-status|p2a: Ferrothorn|brn
|
|-heal|p1a: Quagsire|95/100|[from] item: Leftovers
|-damage|p2a: Ferrothorn|88/100 brn|[from] brn
|upkeep
|turn|14
|
|t:|1641848760
|switch|p1a: Corviknight|Corviknight, M, shiny|88/100
|-ability|p1a: Corviknight|Pressure
|move|p2a: Ferrothorn|Leech Seed|p1a: Corviknight
|-start|p1a: Corviknight|move: Leech Seed
|
|-heal|p1a: Corviknight|94/100|[from] item: Leftovers
|-damage|p1a: Corviknight|82/100|[from] Leech Seed|[of] p2a: Ferrothorn
|-heal|p2a: Ferrothorn|100/100 brn|[silent]
|-damage|p2a: Ferrothorn|95/100 brn|[from] brn
|upkeep
|turn|15
|
|t:|1641848770
|switch|p1a: Zapdos|Zapdos|100/100
|-ability|p1a: Zapdos|Pressure
|move|p2a: Ferrothorn|Body Press|p1a: Zapdos
|-resisted|p1a: Zapdos
|-crit|p1a: Zapdos
|-damage|p1a: Zapdos|93/100
|
|-damage|p2a: Ferrothorn|89/100 brn|[from] brn
|upkeep
|turn|16
|
|t:|1641848788
|switch|p2a: Garchomp|Garchomp, M|100/100
|move|p1a: Zapdos|Heat Wave|p2a: Garchomp
|-resisted|p2a: Garchomp
|-damage|p2a: Garchomp|85/100
|
|-heal|p2a: Garchomp|92/100|[from] item: Leftovers
|upkeep
|turn|17
|
|t:|1641848795
|switch|p1a: Quagsire|Quagsire, M|95/100
|move|p2a: Garchomp|Scale Shot|p1a: Quagsire
|-damage|p1a: Quagsire|86/100
|-damage|p1a: Quagsire|77/100
|-hitcount|p1a: Quagsire|2
|-unboost|p2a: Garchomp|def|1
|-boost|p2a: Garchomp|spe|1
|
|-heal|p2a: Garchomp|98/100|[from] item: Leftovers
|-heal|p1a: Quagsire|83/100|[from] item: Leftovers
|upkeep
|turn|18
|inactive|greystaple has 120 seconds left.
|
|t:|1641848841
|switch|p2a: Tapu Lele|Tapu Lele|100/100
|-fieldstart|move: Psychic Terrain|[from] ability: Psychic Surge|[of] p2a: Tapu Lele
|move|p1a: Quagsire|Toxic|p2a: Tapu Lele
|-status|p2a: Tapu Lele|tox
|
|-heal|p1a: Quagsire|90/100|[from] item: Leftovers
|-damage|p2a: Tapu Lele|94/100 tox|[from] psn
|upkeep
|turn|19
|
|t:|1641848850
|switch|p1a: Corviknight|Corviknight, M, shiny|82/100
|-ability|p1a: Corviknight|Pressure
|move|p2a: Tapu Lele|Future Sight|p1a: Corviknight
|-start|p2a: Tapu Lele|move: Future Sight
|
|-heal|p1a: Corviknight|88/100|[from] item: Leftovers
|-damage|p2a: Tapu Lele|82/100 tox|[from] psn
|upkeep
|turn|20
|inactive|greystaple has 120 seconds left.
|
|t:|1641848870
|switch|p2a: Tornadus|Tornadus-Therian, M|100/100
|move|p1a: Corviknight|U-turn|p2a: Tornadus
|-resisted|p2a: Tornadus
|-damage|p2a: Tornadus|93/100
|
|t:|1641848900
|switch|p1a: Blissey|Blissey, F|100/100|[from]move: U-turn
|
|upkeep
|turn|21
|
|t:|1641848917
|move|p2a: Tornadus|Knock Off|p1a: Blissey
|-damage|p1a: Blissey|84/100
|-enditem|p1a: Blissey|Leftovers|[from] move: Knock Off|[of] p2a: Tornadus
|move|p1a: Blissey|Toxic|p2a: Tornadus
|-status|p2a: Tornadus|tox
|
|-end|p1a: Blissey|move: Future Sight
|-damage|p1a: Blissey|54/100
|-damage|p2a: Tornadus|87/100 tox|[from] psn
|upkeep
|turn|22
|
|t:|1641848927
|move|p2a: Tornadus|U-turn|p1a: Blissey
|-crit|p1a: Blissey
|-damage|p1a: Blissey|35/100
|
|t:|1641848953
|switch|p2a: Ferrothorn|Ferrothorn, F|89/100 brn|[from]move: U-turn
|move|p1a: Blissey|Soft-Boiled|p1a: Blissey
|-heal|p1a: Blissey|85/100
|
|-damage|p2a: Ferrothorn|83/100 brn|[from] brn
|-fieldend|move: Psychic Terrain
|upkeep
|turn|23
|
|t:|1641848963
|switch|p1a: Corviknight|Corviknight, M, shiny|88/100
|-ability|p1a: Corviknight|Pressure
|switch|p2a: Rotom|Rotom-Wash|90/100 brn
|
|-heal|p2a: Rotom|97/100 brn|[from] item: Leftovers
|-heal|p1a: Corviknight|94/100|[from] item: Leftovers
|-damage|p2a: Rotom|90/100 brn|[from] brn
|upkeep
|turn|24
|
|t:|1641848975
|move|p2a: Rotom|Will-O-Wisp|p1a: Corviknight
|-status|p1a: Corviknight|brn
|move|p1a: Corviknight|Roost|p1a: Corviknight
|-heal|p1a: Corviknight|100/100 brn
|-singleturn|p1a: Corviknight|move: Roost
|
|-heal|p2a: Rotom|97/100 brn|[from] item: Leftovers
|-damage|p2a: Rotom|90/100 brn|[from] brn
|-damage|p1a: Corviknight|94/100 brn|[from] brn
|upkeep
|turn|25
|
|t:|1641848984
|switch|p1a: Quagsire|Quagsire, M|90/100
|move|p2a: Rotom|Volt Switch|p1a: Quagsire
|-immune|p1a: Quagsire
|
|-heal|p2a: Rotom|97/100 brn|[from] item: Leftovers
|-heal|p1a: Quagsire|96/100|[from] item: Leftovers
|-damage|p2a: Rotom|90/100 brn|[from] brn
|upkeep
|turn|26
|
|t:|1641848993
|switch|p2a: Ferrothorn|Ferrothorn, F|83/100 brn
|switch|p1a: Blissey|Blissey, F|85/100
|
|-damage|p2a: Ferrothorn|77/100 brn|[from] brn
|upkeep
|turn|27
|inactive|greystaple has 120 seconds left.
|
|t:|1641849012
|move|p1a: Blissey|Heal Bell|p1a: Blissey
|-activate|p1a: Blissey|move: Heal Bell
|-curestatus|p1: Corviknight|brn|[msg]
|move|p2a: Ferrothorn|Leech Seed|p1a: Blissey
|-start|p1a: Blissey|move: Leech Seed
|
|-damage|p1a: Blissey|73/100|[from] Leech Seed|[of] p2a: Ferrothorn
|-heal|p2a: Ferrothorn|100/100 brn|[silent]
|-damage|p2a: Ferrothorn|95/100 brn|[from] brn
|upkeep
|turn|28
|
|t:|1641849021
|switch|p1a: Corviknight|Corviknight, M, shiny|94/100
|-ability|p1a: Corviknight|Pressure
|move|p2a: Ferrothorn|Stealth Rock|p1a: Corviknight
|-sidestart|p1: LionelMesii|move: Stealth Rock
|
|-heal|p1a: Corviknight|100/100|[from] item: Leftovers
|-damage|p2a: Ferrothorn|89/100 brn|[from] brn
|upkeep
|turn|29
|
|t:|1641849032
|switch|p2a: Rotom|Rotom-Wash|90/100 brn
|move|p1a: Corviknight|Defog|p2a: Rotom
|-unboost|p2a: Rotom|evasion|1
|-sideend|p1: LionelMesii|Stealth Rock|[from] move: Defog|[of] p1a: Corviknight
|
|-heal|p2a: Rotom|97/100 brn|[from] item: Leftovers
|-damage|p2a: Rotom|90/100 brn|[from] brn
|upkeep
|turn|30
|
|t:|1641849040
|switch|p1a: Blissey|Blissey, F|73/100
|move|p2a: Rotom|Will-O-Wisp|p1a: Blissey
|-status|p1a: Blissey|brn
|
|-heal|p2a: Rotom|97/100 brn|[from] item: Leftovers
|-damage|p2a: Rotom|90/100 brn|[from] brn
|-damage|p1a: Blissey|67/100 brn|[from] brn
|upkeep
|turn|31
|
|t:|1641849050
|move|p2a: Rotom|Volt Switch|p1a: Blissey
|-damage|p1a: Blissey|57/100 brn
|
|t:|1641849052
|switch|p2a: Melmetal|Melmetal|100/100|[from]move: Volt Switch
|move|p1a: Blissey|Soft-Boiled|p1a: Blissey
|-heal|p1a: Blissey|100/100 brn
|
|-damage|p1a: Blissey|94/100 brn|[from] brn
|upkeep
|turn|32
|
|t:|1641849065
|-curestatus|p1a: Blissey|brn|[from] ability: Natural Cure
|switch|p1a: Toxapex|Toxapex, M|100/100
|move|p2a: Melmetal|Thunder Punch|p1a: Toxapex
|-supereffective|p1a: Toxapex
|-damage|p1a: Toxapex|56/100
|
|upkeep
|turn|33
|
|t:|1641849074
|move|p2a: Melmetal|Thunder Punch|p1a: Toxapex
|-supereffective|p1a: Toxapex
|-damage|p1a: Toxapex|15/100
|move|p1a: Toxapex|Recover|p1a: Toxapex
|-heal|p1a: Toxapex|66/100
|
|upkeep
|turn|34
|
|t:|1641849081
|switch|p1a: Zapdos|Zapdos|93/100
|-ability|p1a: Zapdos|Pressure
|move|p2a: Melmetal|Thunder Punch|p1a: Zapdos
|-damage|p1a: Zapdos|67/100
|
|upkeep
|turn|35
|
|t:|1641849094
|switch|p2a: Garchomp|Garchomp, M|98/100
|move|p1a: Zapdos|Roost|p1a: Zapdos
|-heal|p1a: Zapdos|100/100
|-singleturn|p1a: Zapdos|move: Roost
|
|-heal|p2a: Garchomp|100/100|[from] item: Leftovers
|upkeep
|turn|36
|
|t:|1641849103
|switch|p1a: Quagsire|Quagsire, M|96/100
|move|p2a: Garchomp|Earthquake|p1a: Quagsire
|-damage|p1a: Quagsire|58/100
|
|-heal|p1a: Quagsire|64/100|[from] item: Leftovers
|upkeep
|turn|37
|
|t:|1641849110
|switch|p2a: Ferrothorn|Ferrothorn, F|89/100 brn
|move|p1a: Quagsire|Recover|p1a: Quagsire
|-heal|p1a: Quagsire|100/100
|
|-damage|p2a: Ferrothorn|83/100 brn|[from] brn
|upkeep
|turn|38
|
|t:|1641849123
|switch|p1a: Corviknight|Corviknight, M, shiny|100/100
|-ability|p1a: Corviknight|Pressure
|move|p2a: Ferrothorn|Stealth Rock|p1a: Corviknight
|-sidestart|p1: LionelMesii|move: Stealth Rock
|
|-damage|p2a: Ferrothorn|77/100 brn|[from] brn
|upkeep
|turn|39
|
|t:|1641849131
|switch|p2a: Melmetal|Melmetal|100/100
|move|p1a: Corviknight|Defog|p2a: Melmetal
|-unboost|p2a: Melmetal|evasion|1
|-sideend|p1: LionelMesii|Stealth Rock|[from] move: Defog|[of] p1a: Corviknight
|
|upkeep
|turn|40
|inactive|greystaple has 120 seconds left.
|
|t:|1641849162
|switch|p1a: Quagsire|Quagsire, M|100/100
|move|p2a: Melmetal|Thunder Punch|p1a: Quagsire
|-immune|p1a: Quagsire
|
|upkeep
|turn|41
|
|t:|1641849168
|move|p2a: Melmetal|Toxic|p1a: Quagsire
|-status|p1a: Quagsire|tox
|move|p1a: Quagsire|Scald|p2a: Melmetal
|-damage|p2a: Melmetal|81/100
|
|-damage|p1a: Quagsire|94/100 tox|[from] psn
|upkeep
|turn|42
|
|t:|1641849187
|switch|p2a: Ferrothorn|Ferrothorn, F|77/100 brn
|switch|p1a: Toxapex|Toxapex, M|99/100
|
|-damage|p2a: Ferrothorn|71/100 brn|[from] brn
|upkeep
|turn|43
|
|t:|1641849195
|switch|p1a: Blissey|Blissey, F|94/100
|move|p2a: Ferrothorn|Leech Seed|p1a: Blissey
|-start|p1a: Blissey|move: Leech Seed
|
|-damage|p1a: Blissey|82/100|[from] Leech Seed|[of] p2a: Ferrothorn
|-heal|p2a: Ferrothorn|96/100 brn|[silent]
|-damage|p2a: Ferrothorn|90/100 brn|[from] brn
|upkeep
|turn|44
|
|t:|1641849203
|move|p1a: Blissey|Heal Bell|p1a: Blissey
|-activate|p1a: Blissey|move: Heal Bell
|-curestatus|p1: Quagsire|tox|[msg]
|move|p2a: Ferrothorn|Stealth Rock|p1a: Blissey
|-sidestart|p1: LionelMesii|move: Stealth Rock
|
|-damage|p1a: Blissey|69/100|[from] Leech Seed|[of] p2a: Ferrothorn
|-heal|p2a: Ferrothorn|100/100 brn|[silent]
|-damage|p2a: Ferrothorn|95/100 brn|[from] brn
|upkeep
|turn|45
|
|t:|1641849212
|switch|p1a: Zapdos|Zapdos|100/100
|-ability|p1a: Zapdos|Pressure
|switch|p2a: Melmetal|Melmetal|81/100
|
|upkeep
|turn|46
|
|t:|1641849224
|move|p1a: Zapdos|Heat Wave|p2a: Melmetal|[miss]
|-miss|p1a: Zapdos|p2a: Melmetal
|move|p2a: Melmetal|Toxic|p1a: Zapdos
|-status|p1a: Zapdos|tox
|
|-damage|p1a: Zapdos|94/100 tox|[from] psn
|upkeep
|turn|47
|
|t:|1641849231
|switch|p2a: Garchomp|Garchomp, M|100/100
|move|p1a: Zapdos|Defog|p2a: Garchomp
|-unboost|p2a: Garchomp|evasion|1
|-sideend|p1: LionelMesii|Stealth Rock|[from] move: Defog|[of] p1a: Zapdos
|
|-damage|p1a: Zapdos|82/100 tox|[from] psn
|upkeep
|turn|48
|
|t:|1641849249
|switch|p1a: Quagsire|Quagsire, M|94/100
|move|p2a: Garchomp|Earthquake|p1a: Quagsire
|-damage|p1a: Quagsire|61/100
|
|-heal|p1a: Quagsire|67/100|[from] item: Leftovers
|upkeep
|turn|49
|
|t:|1641849256
|switch|p2a: Ferrothorn|Ferrothorn, F|95/100 brn
|move|p1a: Quagsire|Recover|p1a: Quagsire
|-heal|p1a: Quagsire|100/100
|
|-damage|p2a: Ferrothorn|89/100 brn|[from] brn
|upkeep
|turn|50
|inactive|greystaple has 120 seconds left.
|
|t:|1641849287
|switch|p1a: Corviknight|Corviknight, M, shiny|100/100
|-ability|p1a: Corviknight|Pressure
|move|p2a: Ferrothorn|Leech Seed|p1a: Corviknight
|-start|p1a: Corviknight|move: Leech Seed
|
|-damage|p1a: Corviknight|88/100|[from] Leech Seed|[of] p2a: Ferrothorn
|-heal|p2a: Ferrothorn|100/100 brn|[silent]
|-damage|p2a: Ferrothorn|95/100 brn|[from] brn
|upkeep
|turn|51
|
|t:|1641849296
|move|p1a: Corviknight|U-turn|p2a: Ferrothorn
|-damage|p2a: Ferrothorn|86/100 brn
|-damage|p1a: Corviknight|75/100|[from] ability: Iron Barbs|[of] p2a: Ferrothorn
|
|t:|1641849300
|switch|p1a: Dragonite|Dragonite, M|100/100|[from]move: U-turn
|move|p2a: Ferrothorn|Stealth Rock|p1a: Dragonite
|-sidestart|p1: LionelMesii|move: Stealth Rock
|
|-damage|p2a: Ferrothorn|80/100 brn|[from] brn
|upkeep
|turn|52
|
|t:|1641849307
|switch|p2a: Garchomp|Garchomp, M|100/100
|move|p1a: Dragonite|Defog|p2a: Garchomp
|-unboost|p2a: Garchomp|evasion|1
|-sideend|p1: LionelMesii|Stealth Rock|[from] move: Defog|[of] p1a: Dragonite
|
|upkeep
|turn|53
|
|t:|1641849315
|switch|p1a: Corviknight|Corviknight, M, shiny|75/100
|-ability|p1a: Corviknight|Pressure
|move|p2a: Garchomp|Scale Shot|p1a: Corviknight
|-resisted|p1a: Corviknight
|-damage|p1a: Corviknight|70/100
|-resisted|p1a: Corviknight
|-damage|p1a: Corviknight|65/100
|-hitcount|p1a: Corviknight|2
|-unboost|p2a: Garchomp|def|1
|-boost|p2a: Garchomp|spe|1
|
|-heal|p1a: Corviknight|71/100|[from] item: Leftovers
|upkeep
|turn|54
|
|t:|1641849328
|move|p2a: Garchomp|Fire Fang|p1a: Corviknight
|-supereffective|p1a: Corviknight
|-damage|p1a: Corviknight|37/100
|move|p1a: Corviknight|Roost|p1a: Corviknight
|-heal|p1a: Corviknight|87/100
|-singleturn|p1a: Corviknight|move: Roost
|
|-heal|p1a: Corviknight|94/100|[from] item: Leftovers
|upkeep
|turn|55
|
|t:|1641849342
|switch|p1a: Quagsire|Quagsire, M|100/100
|move|p2a: Garchomp|Fire Fang|p1a: Quagsire
|-resisted|p1a: Quagsire
|-crit|p1a: Quagsire
|-damage|p1a: Quagsire|89/100
|
|-heal|p1a: Quagsire|95/100|[from] item: Leftovers
|upkeep
|turn|56
|
|t:|1641849350
|switch|p2a: Ferrothorn|Ferrothorn, F|80/100 brn
|move|p1a: Quagsire|Scald|p2a: Ferrothorn
|-resisted|p2a: Ferrothorn
|-damage|p2a: Ferrothorn|74/100 brn
|
|-heal|p1a: Quagsire|100/100|[from] item: Leftovers
|-damage|p2a: Ferrothorn|68/100 brn|[from] brn
|upkeep
|turn|57
|
|t:|1641849359
|switch|p1a: Corviknight|Corviknight, M, shiny|94/100
|-ability|p1a: Corviknight|Pressure
|move|p2a: Ferrothorn|Leech Seed|p1a: Corviknight
|-start|p1a: Corviknight|move: Leech Seed
|
|-heal|p1a: Corviknight|99/100|[from] item: Leftovers
|-damage|p1a: Corviknight|87/100|[from] Leech Seed|[of] p2a: Ferrothorn
|-heal|p2a: Ferrothorn|82/100 brn|[silent]
|-damage|p2a: Ferrothorn|76/100 brn|[from] brn
|upkeep
|turn|58
|
|t:|1641849372
|switch|p1a: Dragonite|Dragonite, M|100/100
|move|p2a: Ferrothorn|Body Press|p1a: Dragonite
|-resisted|p1a: Dragonite
|-damage|p1a: Dragonite|97/100
|
|-damage|p2a: Ferrothorn|70/100 brn|[from] brn
|upkeep
|turn|59
|
|t:|1641849380
|switch|p2a: Garchomp|Garchomp, M|100/100
|move|p1a: Dragonite|Flamethrower|p2a: Garchomp
|-resisted|p2a: Garchomp
|-damage|p2a: Garchomp|91/100
|
|-heal|p2a: Garchomp|97/100|[from] item: Leftovers
|upkeep
|turn|60
|
|t:|1641849394
|switch|p1a: Corviknight|Corviknight, M, shiny|87/100
|-ability|p1a: Corviknight|Pressure
|move|p2a: Garchomp|Fire Fang|p1a: Corviknight
|-supereffective|p1a: Corviknight
|-damage|p1a: Corviknight|55/100
|-status|p1a: Corviknight|brn
|
|-heal|p2a: Garchomp|100/100|[from] item: Leftovers
|-heal|p1a: Corviknight|61/100 brn|[from] item: Leftovers
|-damage|p1a: Corviknight|55/100 brn|[from] brn
|upkeep
|turn|61
|
|t:|1641849405
|move|p2a: Garchomp|Earthquake|p1a: Corviknight
|-immune|p1a: Corviknight
|move|p1a: Corviknight|Defog|p2a: Garchomp
|-unboost|p2a: Garchomp|evasion|1
|
|-heal|p1a: Corviknight|61/100 brn|[from] item: Leftovers
|-damage|p1a: Corviknight|55/100 brn|[from] brn
|upkeep
|turn|62
|
|t:|1641849413
|move|p2a: Garchomp|Scale Shot|p1a: Corviknight
|-resisted|p1a: Corviknight
|-damage|p1a: Corviknight|50/100 brn
|-resisted|p1a: Corviknight
|-damage|p1a: Corviknight|44/100 brn
|-resisted|p1a: Corviknight
|-damage|p1a: Corviknight|39/100 brn
|-resisted|p1a: Corviknight
|-damage|p1a: Corviknight|34/100 brn
|-resisted|p1a: Corviknight
|-damage|p1a: Corviknight|30/100 brn
|-hitcount|p1a: Corviknight|5
|-unboost|p2a: Garchomp|def|1
|-boost|p2a: Garchomp|spe|1
|move|p1a: Corviknight|Roost|p1a: Corviknight
|-heal|p1a: Corviknight|80/100 brn
|-singleturn|p1a: Corviknight|move: Roost
|
|-heal|p1a: Corviknight|86/100 brn|[from] item: Leftovers
|-damage|p1a: Corviknight|80/100 brn|[from] brn
|upkeep
|turn|63
|
|t:|1641849431
|switch|p2a: Tornadus|Tornadus-Therian, M|100/100 tox
|move|p1a: Corviknight|Roost|p1a: Corviknight
|-heal|p1a: Corviknight|100/100 brn
|-singleturn|p1a: Corviknight|move: Roost
|
|-damage|p2a: Tornadus|94/100 tox|[from] psn
|-damage|p1a: Corviknight|94/100 brn|[from] brn
|upkeep
|turn|64
|
|t:|1641849440
|switch|p1a: Blissey|Blissey, F|69/100
|move|p2a: Tornadus|Knock Off|p1a: Blissey
|-damage|p1a: Blissey|58/100
|
|-damage|p2a: Tornadus|82/100 tox|[from] psn
|upkeep
|turn|65
|
|t:|1641849448
|move|p2a: Tornadus|U-turn|p1a: Blissey
|-damage|p1a: Blissey|46/100
|
|t:|1641849455
|switch|p2a: Melmetal|Melmetal|81/100|[from]move: U-turn
|move|p1a: Blissey|Heal Bell|p1a: Blissey
|-activate|p1a: Blissey|move: Heal Bell
|-curestatus|p1: Corviknight|brn|[msg]
|-curestatus|p1: Zapdos|tox|[msg]
|
|upkeep
|turn|66
|
|t:|1641849464
|switch|p1a: Toxapex|Toxapex, M|100/100
|move|p2a: Melmetal|Toxic|p1a: Toxapex
|-immune|p1a: Toxapex
|
|upkeep
|turn|67
|
|t:|1641849470
|move|p2a: Melmetal|Thunder Punch|p1a: Toxapex
|-supereffective|p1a: Toxapex
|-damage|p1a: Toxapex|53/100
|move|p1a: Toxapex|Knock Off|p2a: Melmetal
|-damage|p2a: Melmetal|71/100
|-enditem|p2a: Melmetal|Protective Pads|[from] move: Knock Off|[of] p1a: Toxapex
|
|upkeep
|turn|68
|
|t:|1641849477
|move|p2a: Melmetal|Thunder Punch|p1a: Toxapex
|-supereffective|p1a: Toxapex
|-damage|p1a: Toxapex|6/100
|-status|p1a: Toxapex|par
|-damage|p2a: Melmetal|54/100|[from] item: Rocky Helmet|[of] p1a: Toxapex
|move|p1a: Toxapex|Recover|p1a: Toxapex
|-heal|p1a: Toxapex|56/100 par
|
|upkeep
|turn|69
|
|t:|1641849485
|switch|p2a: Rotom|Rotom-Wash|90/100 brn
|switch|p1a: Quagsire|Quagsire, M|100/100
|
|-heal|p2a: Rotom|97/100 brn|[from] item: Leftovers
|-damage|p2a: Rotom|90/100 brn|[from] brn
|upkeep
|turn|70
|
|t:|1641849493
|switch|p2a: Ferrothorn|Ferrothorn, F|70/100 brn
|switch|p1a: Blissey|Blissey, F|46/100
|
|-damage|p2a: Ferrothorn|64/100 brn|[from] brn
|upkeep
|turn|71
|
|t:|1641849499
|move|p1a: Blissey|Soft-Boiled|p1a: Blissey
|-heal|p1a: Blissey|96/100
|move|p2a: Ferrothorn|Stealth Rock|p1a: Blissey
|-sidestart|p1: LionelMesii|move: Stealth Rock
|
|-damage|p2a: Ferrothorn|58/100 brn|[from] brn
|upkeep
|turn|72
|
|t:|1641849510
|switch|p1a: Corviknight|Corviknight, M, shiny|94/100
|-damage|p1a: Corviknight|82/100|[from] Stealth Rock
|-ability|p1a: Corviknight|Pressure
|switch|p2a: Garchomp|Garchomp, M|100/100
|
|-heal|p1a: Corviknight|88/100|[from] item: Leftovers
|upkeep
|turn|73
|
|t:|1641849520
|move|p2a: Garchomp|Scale Shot|p1a: Corviknight
|-resisted|p1a: Corviknight
|-damage|p1a: Corviknight|83/100
|-resisted|p1a: Corviknight
|-damage|p1a: Corviknight|78/100
|-hitcount|p1a: Corviknight|2
|-unboost|p2a: Garchomp|def|1
|-boost|p2a: Garchomp|spe|1
|move|p1a: Corviknight|Defog|p2a: Garchomp
|-unboost|p2a: Garchomp|evasion|1
|-sideend|p1: LionelMesii|Stealth Rock|[from] move: Defog|[of] p1a: Corviknight
|
|-heal|p1a: Corviknight|85/100|[from] item: Leftovers
|upkeep
|turn|74
|
|t:|1641849531
|switch|p1a: Quagsire|Quagsire, M|100/100
|move|p2a: Garchomp|Fire Fang|p1a: Quagsire
|-resisted|p1a: Quagsire
|-damage|p1a: Quagsire|93/100
|
|-heal|p1a: Quagsire|99/100|[from] item: Leftovers
|upkeep
|turn|75
|
|t:|1641849539
|switch|p2a: Ferrothorn|Ferrothorn, F|58/100 brn
|move|p1a: Quagsire|Scald|p2a: Ferrothorn
|-resisted|p2a: Ferrothorn
|-damage|p2a: Ferrothorn|52/100 brn
|
|-heal|p1a: Quagsire|100/100|[from] item: Leftovers
|-damage|p2a: Ferrothorn|46/100 brn|[from] brn
|upkeep
|turn|76
|
|t:|1641849550
|switch|p1a: Corviknight|Corviknight, M, shiny|85/100
|-ability|p1a: Corviknight|Pressure
|move|p2a: Ferrothorn|Leech Seed|p1a: Corviknight
|-start|p1a: Corviknight|move: Leech Seed
|
|-heal|p1a: Corviknight|91/100|[from] item: Leftovers
|-damage|p1a: Corviknight|78/100|[from] Leech Seed|[of] p2a: Ferrothorn
|-heal|p2a: Ferrothorn|60/100 brn|[silent]
|-damage|p2a: Ferrothorn|54/100 brn|[from] brn
|upkeep
|turn|77
|
|t:|1641849560
|switch|p1a: Dragonite|Dragonite, M|97/100
|move|p2a: Ferrothorn|Stealth Rock|p1a: Dragonite
|-sidestart|p1: LionelMesii|move: Stealth Rock
|
|-damage|p2a: Ferrothorn|48/100 brn|[from] brn
|upkeep
|turn|78
|
|t:|1641849568
|move|p1a: Dragonite|Defog|p2a: Ferrothorn
|-unboost|p2a: Ferrothorn|evasion|1
|-sideend|p1: LionelMesii|Stealth Rock|[from] move: Defog|[of] p1a: Dragonite
|move|p2a: Ferrothorn|Leech Seed|p1a: Dragonite
|-start|p1a: Dragonite|move: Leech Seed
|
|-damage|p1a: Dragonite|85/100|[from] Leech Seed|[of] p2a: Ferrothorn
|-heal|p2a: Ferrothorn|62/100 brn|[silent]
|-damage|p2a: Ferrothorn|56/100 brn|[from] brn
|upkeep
|turn|79
|
|t:|1641849577
|switch|p1a: Corviknight|Corviknight, M, shiny|78/100
|-ability|p1a: Corviknight|Pressure
|switch|p2a: Garchomp|Garchomp, M|100/100
|
|-heal|p1a: Corviknight|85/100|[from] item: Leftovers
|upkeep
|turn|80
|
|t:|1641849587
|move|p2a: Garchomp|Scale Shot|p1a: Corviknight
|-resisted|p1a: Corviknight
|-damage|p1a: Corviknight|80/100
|-resisted|p1a: Corviknight
|-damage|p1a: Corviknight|75/100
|-hitcount|p1a: Corviknight|2
|-unboost|p2a: Garchomp|def|1
|-boost|p2a: Garchomp|spe|1
|move|p1a: Corviknight|Roost|p1a: Corviknight
|-heal|p1a: Corviknight|100/100
|-singleturn|p1a: Corviknight|move: Roost
|
|upkeep
|turn|81
|
|t:|1641849612
|switch|p1a: Quagsire|Quagsire, M|100/100
|move|p2a: Garchomp|Fire Fang|p1a: Quagsire
|-resisted|p1a: Quagsire
|-damage|p1a: Quagsire|93/100
|
|-heal|p1a: Quagsire|99/100|[from] item: Leftovers
|upkeep
|turn|82
|
|t:|1641849620
|switch|p2a: Tornadus|Tornadus-Therian, M|100/100 tox
|move|p1a: Quagsire|Earthquake|p2a: Tornadus
|-immune|p2a: Tornadus
|
|-heal|p1a: Quagsire|100/100|[from] item: Leftovers
|-damage|p2a: Tornadus|94/100 tox|[from] psn
|upkeep
|turn|83
|
|t:|1641849628
|switch|p1a: Blissey|Blissey, F|96/100
|move|p2a: Tornadus|Knock Off|p1a: Blissey
|-damage|p1a: Blissey|85/100
|
|-damage|p2a: Tornadus|82/100 tox|[from] psn
|upkeep
|turn|84
|
|t:|1641849640
|move|p2a: Tornadus|U-turn|p1a: Blissey
|-damage|p1a: Blissey|72/100
|
|t:|1641849646
|switch|p2a: Melmetal|Melmetal|54/100|[from]move: U-turn
|move|p1a: Blissey|Seismic Toss|p2a: Melmetal
|-damage|p2a: Melmetal|31/100
|
|upkeep
|turn|85
|
|t:|1641849653
|switch|p2a: Tapu Lele|Tapu Lele|82/100 tox
|-fieldstart|move: Psychic Terrain|[from] ability: Psychic Surge|[of] p2a: Tapu Lele
|switch|p1a: Toxapex|Toxapex, M|90/100 par
|
|-damage|p2a: Tapu Lele|76/100 tox|[from] psn
|upkeep
|turn|86
|
|t:|1641849661
|switch|p1a: Corviknight|Corviknight, M, shiny|100/100
|-ability|p1a: Corviknight|Pressure
|move|p2a: Tapu Lele|Future Sight|p1a: Corviknight
|-start|p2a: Tapu Lele|move: Future Sight
|
|-damage|p2a: Tapu Lele|64/100 tox|[from] psn
|upkeep
|turn|87
|
|t:|1641849679
|switch|p2a: Rotom|Rotom-Wash|90/100 brn
|move|p1a: Corviknight|U-turn|p2a: Rotom
|-damage|p2a: Rotom|75/100 brn
|
|t:|1641849684
|switch|p1a: Blissey|Blissey, F|72/100|[from]move: U-turn
|
|-heal|p2a: Rotom|82/100 brn|[from] item: Leftovers
|-damage|p2a: Rotom|75/100 brn|[from] brn
|upkeep
|turn|88
|
|t:|1641849695
|move|p2a: Rotom|Volt Switch|p1a: Blissey
|-damage|p1a: Blissey|63/100
|
|t:|1641849699
|switch|p2a: Tornadus|Tornadus-Therian, M|100/100 tox|[from]move: Volt Switch
|move|p1a: Blissey|Soft-Boiled|p1a: Blissey
|-heal|p1a: Blissey|100/100
|
|-end|p1a: Blissey|move: Future Sight
|-damage|p1a: Blissey|68/100
|-damage|p2a: Tornadus|94/100 tox|[from] psn
|upkeep
|turn|89
|
|t:|1641849709
|move|p2a: Tornadus|U-turn|p1a: Blissey
|-crit|p1a: Blissey
|-damage|p1a: Blissey|48/100
|
|t:|1641849715
|switch|p2a: Ferrothorn|Ferrothorn, F|56/100 brn|[from]move: U-turn
|move|p1a: Blissey|Soft-Boiled|p1a: Blissey
|-heal|p1a: Blissey|98/100
|
|-damage|p2a: Ferrothorn|50/100 brn|[from] brn
|-fieldend|move: Psychic Terrain
|upkeep
|turn|90
|
|t:|1641849722
|switch|p1a: Corviknight|Corviknight, M, shiny|100/100
|-ability|p1a: Corviknight|Pressure
|switch|p2a: Rotom|Rotom-Wash|75/100 brn
|
|-heal|p2a: Rotom|82/100 brn|[from] item: Leftovers
|-damage|p2a: Rotom|75/100 brn|[from] brn
|upkeep
|turn|91
|
|t:|1641849737
|switch|p1a: Blissey|Blissey, F|98/100
|move|p2a: Rotom|Will-O-Wisp|p1a: Blissey
|-status|p1a: Blissey|brn
|
|-heal|p2a: Rotom|82/100 brn|[from] item: Leftovers
|-damage|p2a: Rotom|75/100 brn|[from] brn
|-damage|p1a: Blissey|92/100 brn|[from] brn
|upkeep
|turn|92
|inactive|greystaple has 120 seconds left.
|
|t:|1641849781
|move|p2a: Rotom|Volt Switch|p1a: Blissey
|-damage|p1a: Blissey|82/100 brn
|
|t:|1641849785
|switch|p2a: Melmetal|Melmetal|31/100|[from]move: Volt Switch
|move|p1a: Blissey|Seismic Toss|p2a: Melmetal
|-damage|p2a: Melmetal|7/100
|
|-damage|p1a: Blissey|76/100 brn|[from] brn
|upkeep
|turn|93
|
|t:|1641849793
|-curestatus|p1a: Blissey|brn|[from] ability: Natural Cure
|switch|p1a: Corviknight|Corviknight, M, shiny|100/100
|-ability|p1a: Corviknight|Pressure
|move|p2a: Melmetal|Toxic|p1a: Corviknight
|-immune|p1a: Corviknight
|
|upkeep
|turn|94
|inactive|greystaple has 120 seconds left.
|
|t:|1641849811
|switch|p2a: Rotom|Rotom-Wash|75/100 brn
|move|p1a: Corviknight|U-turn|p2a: Rotom
|-damage|p2a: Rotom|61/100 brn
|
|t:|1641849823
|switch|p1a: Blissey|Blissey, F|76/100|[from]move: U-turn
|
|-heal|p2a: Rotom|67/100 brn|[from] item: Leftovers
|-damage|p2a: Rotom|61/100 brn|[from] brn
|upkeep
|turn|95
|
|t:|1641849834
|move|p2a: Rotom|Volt Switch|p1a: Blissey
|-damage|p1a: Blissey|66/100
|inactive|greystaple has 120 seconds left.
|
|t:|1641849840
|switch|p2a: Ferrothorn|Ferrothorn, F|50/100 brn|[from]move: Volt Switch
|move|p1a: Blissey|Seismic Toss|p2a: Ferrothorn
|-damage|p2a: Ferrothorn|21/100 brn
|-damage|p1a: Blissey|53/100|[from] ability: Iron Barbs|[of] p2a: Ferrothorn
|
|-damage|p2a: Ferrothorn|15/100 brn|[from] brn
|upkeep
|turn|96
|
|t:|1641849853
|move|p1a: Blissey|Seismic Toss|p2a: Ferrothorn
|-damage|p2a: Ferrothorn|0 fnt
|-damage|p1a: Blissey|41/100|[from] ability: Iron Barbs|[of] p2a: Ferrothorn
|faint|p2a: Ferrothorn
|
|upkeep
|inactive|greystaple has 120 seconds left.
|
|t:|1641849864
|switch|p2a: Garchomp|Garchomp, M|100/100
|turn|97
|
|t:|1641849869
|switch|p1a: Quagsire|Quagsire, M|100/100
|move|p2a: Garchomp|Earthquake|p1a: Quagsire
|-damage|p1a: Quagsire|66/100
|
|-heal|p1a: Quagsire|72/100|[from] item: Leftovers
|upkeep
|turn|98
|
|t:|1641849878
|switch|p2a: Tornadus|Tornadus-Therian, M|100/100 tox
|move|p1a: Quagsire|Recover|p1a: Quagsire
|-heal|p1a: Quagsire|100/100
|
|-damage|p2a: Tornadus|94/100 tox|[from] psn
|upkeep
|turn|99
|
|t:|1641849887
|switch|p1a: Corviknight|Corviknight, M, shiny|100/100
|-ability|p1a: Corviknight|Pressure
|move|p2a: Tornadus|Knock Off|p1a: Corviknight
|-damage|p1a: Corviknight|87/100
|-enditem|p1a: Corviknight|Leftovers|[from] move: Knock Off|[of] p2a: Tornadus
|
|-damage|p2a: Tornadus|82/100 tox|[from] psn
|upkeep
|turn|100
|
|t:|1641849896
|move|p2a: Tornadus|Heat Wave|p1a: Corviknight
|-supereffective|p1a: Corviknight
|-damage|p1a: Corviknight|48/100
|move|p1a: Corviknight|U-turn|p2a: Tornadus
|-resisted|p2a: Tornadus
|-damage|p2a: Tornadus|74/100 tox
|
|t:|1641849901
|switch|p1a: Blissey|Blissey, F|41/100|[from]move: U-turn
|
|-damage|p2a: Tornadus|55/100 tox|[from] psn
|upkeep
|turn|101
|
|t:|1641849916
|move|p2a: Tornadus|U-turn|p1a: Blissey
|-damage|p1a: Blissey|29/100
|
|t:|1641849922
|switch|p2a: Melmetal|Melmetal|7/100|[from]move: U-turn
|move|p1a: Blissey|Soft-Boiled|p1a: Blissey
|-heal|p1a: Blissey|79/100
|
|upkeep
|turn|102
|
|t:|1641849928
|switch|p2a: Garchomp|Garchomp, M|100/100
|switch|p1a: Toxapex|Toxapex, M|100/100 par
|
|upkeep
|turn|103
|
|t:|1641849934
|switch|p1a: Quagsire|Quagsire, M|100/100
|move|p2a: Garchomp|Swords Dance|p2a: Garchomp
|-boost|p2a: Garchomp|atk|2
|
|upkeep
|turn|104
|
|t:|1641849940
|switch|p2a: Tornadus|Tornadus-Therian, M|88/100 tox
|move|p1a: Quagsire|Toxic|p2a: Tornadus
|-fail|p2a: Tornadus|tox
|
|-damage|p2a: Tornadus|82/100 tox|[from] psn
|upkeep
|turn|105
|
|t:|1641849950
|switch|p1a: Blissey|Blissey, F|79/100
|move|p2a: Tornadus|U-turn|p1a: Blissey
|-damage|p1a: Blissey|66/100
|j| Colonelo
|inactive|greystaple has 120 seconds left.
|
|t:|1641849982
|switch|p2a: Garchomp|Garchomp, M|100/100|[from]move: U-turn
|
|upkeep
|turn|106
|
|t:|1641849987
|switch|p1a: Quagsire|Quagsire, M|100/100
|move|p2a: Garchomp|Earthquake|p1a: Quagsire
|-damage|p1a: Quagsire|63/100
|
|-heal|p1a: Quagsire|69/100|[from] item: Leftovers
|upkeep
|turn|107
|inactive|greystaple has 120 seconds left.
|
|t:|1641850012
|move|p2a: Garchomp|Earthquake|p1a: Quagsire
|-damage|p1a: Quagsire|32/100
|move|p1a: Quagsire|Recover|p1a: Quagsire
|-heal|p1a: Quagsire|82/100
|
|-heal|p1a: Quagsire|88/100|[from] item: Leftovers
|upkeep
|turn|108
|
|t:|1641850019
|switch|p2a: Tornadus|Tornadus-Therian, M|100/100 tox
|move|p1a: Quagsire|Scald|p2a: Tornadus
|-damage|p2a: Tornadus|88/100 tox
|
|-heal|p1a: Quagsire|94/100|[from] item: Leftovers
|-damage|p2a: Tornadus|82/100 tox|[from] psn
|upkeep
|turn|109
|inactive|LionelMesii has 120 seconds left.
|
|t:|1641850069
|move|p2a: Tornadus|U-turn|p1a: Quagsire
|-damage|p1a: Quagsire|84/100
|
|t:|1641850079
|switch|p2a: Melmetal|Melmetal|7/100|[from]move: U-turn
|move|p1a: Quagsire|Scald|p2a: Melmetal
|-damage|p2a: Melmetal|0 fnt
|faint|p2a: Melmetal
|
|-heal|p1a: Quagsire|90/100|[from] item: Leftovers
|upkeep
|
|t:|1641850081
|switch|p2a: Tapu Lele|Tapu Lele|64/100 tox
|-fieldstart|move: Psychic Terrain|[from] ability: Psychic Surge|[of] p2a: Tapu Lele
|turn|110
|
|t:|1641850095
|switch|p1a: Dragonite|Dragonite, M|85/100
|move|p2a: Tapu Lele|Psychic|p1a: Dragonite
|-damage|p1a: Dragonite|49/100
|
|-damage|p2a: Tapu Lele|58/100 tox|[from] psn
|upkeep
|turn|111
|
|t:|1641850102
|switch|p2a: Garchomp|Garchomp, M|100/100
|move|p1a: Dragonite|Roost|p1a: Dragonite
|-heal|p1a: Dragonite|99/100
|-singleturn|p1a: Dragonite|move: Roost
|
|upkeep
|turn|112
|
|t:|1641850118
|switch|p1a: Quagsire|Quagsire, M|90/100
|move|p2a: Garchomp|Scale Shot|p1a: Quagsire
|-damage|p1a: Quagsire|81/100
|-damage|p1a: Quagsire|72/100
|-damage|p1a: Quagsire|62/100
|-hitcount|p1a: Quagsire|3
|-unboost|p2a: Garchomp|def|1
|-boost|p2a: Garchomp|spe|1
|
|-heal|p1a: Quagsire|69/100|[from] item: Leftovers
|upkeep
|turn|113
|
|t:|1641850129
|move|p2a: Garchomp|Earthquake|p1a: Quagsire
|-damage|p1a: Quagsire|32/100
|move|p1a: Quagsire|Recover|p1a: Quagsire
|-heal|p1a: Quagsire|82/100
|
|-heal|p1a: Quagsire|89/100|[from] item: Leftovers
|upkeep
|turn|114
|
|t:|1641850138
|switch|p2a: Tornadus|Tornadus-Therian, M|100/100 tox
|move|p1a: Quagsire|Scald|p2a: Tornadus
|-damage|p2a: Tornadus|88/100 tox
|
|-heal|p1a: Quagsire|95/100|[from] item: Leftovers
|-damage|p2a: Tornadus|82/100 tox|[from] psn
|-fieldend|move: Psychic Terrain
|upkeep
|turn|115
|inactive|greystaple has 90 seconds left.
|
|t:|1641850161
|switch|p1a: Blissey|Blissey, F|66/100
|move|p2a: Tornadus|U-turn|p1a: Blissey
|-damage|p1a: Blissey|54/100
|
|t:|1641850164
|switch|p2a: Garchomp|Garchomp, M|100/100|[from]move: U-turn
|
|upkeep
|turn|116
|
|t:|1641850170
|switch|p1a: Quagsire|Quagsire, M|95/100
|move|p2a: Garchomp|Scale Shot|p1a: Quagsire
|-damage|p1a: Quagsire|85/100
|-damage|p1a: Quagsire|75/100
|-damage|p1a: Quagsire|65/100
|-damage|p1a: Quagsire|56/100
|-damage|p1a: Quagsire|46/100
|-hitcount|p1a: Quagsire|5
|-unboost|p2a: Garchomp|def|1
|-boost|p2a: Garchomp|spe|1
|
|-heal|p1a: Quagsire|52/100|[from] item: Leftovers
|upkeep
|turn|117
|inactive|greystaple has 90 seconds left.
|
|t:|1641850191
|move|p2a: Garchomp|Earthquake|p1a: Quagsire
|-damage|p1a: Quagsire|15/100
|move|p1a: Quagsire|Recover|p1a: Quagsire
|-heal|p1a: Quagsire|65/100
|
|-heal|p1a: Quagsire|71/100|[from] item: Leftovers
|upkeep
|turn|118
|
|t:|1641850205
|switch|p2a: Tornadus|Tornadus-Therian, M|100/100 tox
|move|p1a: Quagsire|Recover|p1a: Quagsire
|-heal|p1a: Quagsire|100/100
|
|-damage|p2a: Tornadus|94/100 tox|[from] psn
|upkeep
|turn|119
|inactive|greystaple has 60 seconds left.
|
|t:|1641850262
|switch|p1a: Blissey|Blissey, F|54/100
|move|p2a: Tornadus|U-turn|p1a: Blissey
|-damage|p1a: Blissey|42/100
|
|t:|1641850264
|switch|p2a: Garchomp|Garchomp, M|100/100|[from]move: U-turn
|
|upkeep
|turn|120
|
|t:|1641850274
|switch|p1a: Quagsire|Quagsire, M|100/100
|move|p2a: Garchomp|Scale Shot|p1a: Quagsire
|-damage|p1a: Quagsire|92/100
|-damage|p1a: Quagsire|82/100
|-hitcount|p1a: Quagsire|2
|-unboost|p2a: Garchomp|def|1
|-boost|p2a: Garchomp|spe|1
|
|-heal|p1a: Quagsire|88/100|[from] item: Leftovers
|upkeep
|turn|121
|inactive|LionelMesii has 90 seconds left.
|
|t:|1641850290
|switch|p2a: Tornadus|Tornadus-Therian, M|100/100 tox
|switch|p1a: Corviknight|Corviknight, M, shiny|48/100
|-ability|p1a: Corviknight|Pressure
|
|-damage|p2a: Tornadus|94/100 tox|[from] psn
|upkeep
|turn|122
|inactive|LionelMesii has 90 seconds left.
|
|t:|1641850298
|move|p2a: Tornadus|Heat Wave|p1a: Corviknight
|-supereffective|p1a: Corviknight
|-damage|p1a: Corviknight|12/100
|move|p1a: Corviknight|Roost|p1a: Corviknight
|-heal|p1a: Corviknight|62/100
|-singleturn|p1a: Corviknight|move: Roost
|
|-damage|p2a: Tornadus|82/100 tox|[from] psn
|upkeep
|turn|123
|inactive|LionelMesii has 90 seconds left.
|
|t:|1641850307
|move|p2a: Tornadus|U-turn|p1a: Corviknight
|-resisted|p1a: Corviknight
|-damage|p1a: Corviknight|59/100
|
|t:|1641850308
|switch|p2a: Rotom|Rotom-Wash|61/100 brn|[from]move: U-turn
|move|p1a: Corviknight|Roost|p1a: Corviknight
|-heal|p1a: Corviknight|100/100
|-singleturn|p1a: Corviknight|move: Roost
|
|-heal|p2a: Rotom|67/100 brn|[from] item: Leftovers
|-damage|p2a: Rotom|61/100 brn|[from] brn
|upkeep
|turn|124
|
|t:|1641850318
|move|p2a: Rotom|Volt Switch|p1a: Corviknight
|-supereffective|p1a: Corviknight
|-damage|p1a: Corviknight|60/100
|
|t:|1641850331
|switch|p2a: Tornadus|Tornadus-Therian, M|100/100 tox|[from]move: Volt Switch
|move|p1a: Corviknight|U-turn|p2a: Tornadus
|-resisted|p2a: Tornadus
|-damage|p2a: Tornadus|93/100 tox
|
|t:|1641850336
|switch|p1a: Blissey|Blissey, F|42/100|[from]move: U-turn
|
|-damage|p2a: Tornadus|87/100 tox|[from] psn
|upkeep
|turn|125
|
|t:|1641850345
|move|p2a: Tornadus|Hurricane|p1a: Blissey|[miss]
|-miss|p2a: Tornadus|p1a: Blissey
|move|p1a: Blissey|Soft-Boiled|p1a: Blissey
|-heal|p1a: Blissey|92/100
|
|-damage|p2a: Tornadus|75/100 tox|[from] psn
|upkeep
|turn|126
|
|t:|1641850353
|move|p2a: Tornadus|U-turn|p1a: Blissey
|-crit|p1a: Blissey
|-damage|p1a: Blissey|73/100
|inactive|greystaple has 60 seconds left.
|
|t:|1641850382
|switch|p2a: Rotom|Rotom-Wash|61/100 brn|[from]move: U-turn
|move|p1a: Blissey|Seismic Toss|p2a: Rotom
|-damage|p2a: Rotom|28/100 brn
|
|-heal|p2a: Rotom|34/100 brn|[from] item: Leftovers
|-damage|p2a: Rotom|28/100 brn|[from] brn
|upkeep
|turn|127
|
|t:|1641850394
|move|p2a: Rotom|Volt Switch|p1a: Blissey
|-damage|p1a: Blissey|64/100
|inactive|greystaple has 30 seconds left.
|
|t:|1641850414
|switch|p2a: Tornadus|Tornadus-Therian, M|100/100 tox|[from]move: Volt Switch
|move|p1a: Blissey|Soft-Boiled|p1a: Blissey
|-heal|p1a: Blissey|100/100
|
|-damage|p2a: Tornadus|94/100 tox|[from] psn
|upkeep
|turn|128
|
|t:|1641850422
|move|p2a: Tornadus|U-turn|p1a: Blissey
|-damage|p1a: Blissey|87/100
|inactive|greystaple has 30 seconds left.
|
|t:|1641850433
|switch|p2a: Rotom|Rotom-Wash|28/100 brn|[from]move: U-turn
|move|p1a: Blissey|Seismic Toss|p2a: Rotom
|-damage|p2a: Rotom|0 fnt
|faint|p2a: Rotom
|
|upkeep
|inactive|greystaple has 30 seconds left.
|
|t:|1641850439
|switch|p2a: Garchomp|Garchomp, M|100/100
|turn|129
|
|t:|1641850443
|switch|p1a: Quagsire|Quagsire, M|88/100
|move|p2a: Garchomp|Scale Shot|p1a: Quagsire
|-damage|p1a: Quagsire|79/100
|-damage|p1a: Quagsire|70/100
|-hitcount|p1a: Quagsire|2
|-unboost|p2a: Garchomp|def|1
|-boost|p2a: Garchomp|spe|1
|
|-heal|p1a: Quagsire|76/100|[from] item: Leftovers
|upkeep
|turn|130
|inactive|LionelMesii has 120 seconds left.
|inactive|greystaple has 30 seconds left.
|
|t:|1641850455
|move|p2a: Garchomp|Earthquake|p1a: Quagsire
|-damage|p1a: Quagsire|41/100
|move|p1a: Quagsire|Recover|p1a: Quagsire
|-heal|p1a: Quagsire|91/100
|
|-heal|p1a: Quagsire|97/100|[from] item: Leftovers
|upkeep
|turn|131
|
|t:|1641850462
|switch|p2a: Tornadus|Tornadus-Therian, M|100/100 tox
|move|p1a: Quagsire|Scald|p2a: Tornadus
|-damage|p2a: Tornadus|88/100 tox
|
|-heal|p1a: Quagsire|100/100|[from] item: Leftovers
|-damage|p2a: Tornadus|82/100 tox|[from] psn
|upkeep
|turn|132
|inactive|greystaple has 30 seconds left.
|
|t:|1641850476
|switch|p1a: Corviknight|Corviknight, M, shiny|60/100
|-ability|p1a: Corviknight|Pressure
|move|p2a: Tornadus|Hurricane|p1a: Corviknight|[miss]
|-miss|p2a: Tornadus|p1a: Corviknight
|
|-damage|p2a: Tornadus|69/100 tox|[from] psn
|upkeep
|turn|133
|
|t:|1641850485
|switch|p2a: Garchomp|Garchomp, M|100/100
|move|p1a: Corviknight|Roost|p1a: Corviknight
|-heal|p1a: Corviknight|100/100
|-singleturn|p1a: Corviknight|move: Roost
|
|upkeep
|turn|134
|inactive|greystaple has 30 seconds left.
|l| Colonelo
|
|t:|1641850502
|switch|p1a: Quagsire|Quagsire, M|100/100
|move|p2a: Garchomp|Scale Shot|p1a: Quagsire|[miss]
|-miss|p2a: Garchomp|p1a: Quagsire
|
|upkeep
|turn|135
|inactive|greystaple has 30 seconds left this turn.
|
|t:|1641850510
|switch|p2a: Tornadus|Tornadus-Therian, M|100/100 tox
|move|p1a: Quagsire|Scald|p2a: Tornadus
|-damage|p2a: Tornadus|89/100 tox
|
|-damage|p2a: Tornadus|83/100 tox|[from] psn
|upkeep
|turn|136
|j| Colonelo
|inactive|greystaple has 30 seconds left.
|
|t:|1641850521
|switch|p1a: Blissey|Blissey, F|87/100
|move|p2a: Tornadus|Hurricane|p1a: Blissey
|-damage|p1a: Blissey|71/100
|
|-damage|p2a: Tornadus|71/100 tox|[from] psn
|upkeep
|turn|137
|inactive|greystaple has 30 seconds left this turn.
|
|t:|1641850532
|move|p2a: Tornadus|U-turn|p1a: Blissey
|-damage|p1a: Blissey|58/100
|inactive|greystaple has 30 seconds left.
|inactive|greystaple has 20 seconds left.
|
|t:|1641850550
|switch|p2a: Tapu Lele|Tapu Lele|58/100 tox|[from]move: U-turn
|-fieldstart|move: Psychic Terrain|[from] ability: Psychic Surge|[of] p2a: Tapu Lele
|move|p1a: Blissey|Toxic|p2a: Tapu Lele
|-fail|p2a: Tapu Lele|tox
|
|-damage|p2a: Tapu Lele|52/100 tox|[from] psn
|upkeep
|turn|138
|inactive|greystaple has 25 seconds left this turn.
|
|t:|1641850559
|switch|p1a: Corviknight|Corviknight, M, shiny|100/100
|-ability|p1a: Corviknight|Pressure
|move|p2a: Tapu Lele|Focus Blast|p1a: Corviknight|[miss]
|-miss|p2a: Tapu Lele|p1a: Corviknight
|
|-damage|p2a: Tapu Lele|40/100 tox|[from] psn
|upkeep
|turn|139
|inactive|greystaple has 30 seconds left this turn.
|
|t:|1641850568
|switch|p2a: Tornadus|Tornadus-Therian, M|100/100 tox
|move|p1a: Corviknight|U-turn|p2a: Tornadus
|-resisted|p2a: Tornadus
|-damage|p2a: Tornadus|93/100 tox
|
|t:|1641850573
|switch|p1a: Blissey|Blissey, F|58/100|[from]move: U-turn
|
|-damage|p2a: Tornadus|87/100 tox|[from] psn
|upkeep
|turn|140
|inactive|LionelMesii has 120 seconds left.
|
|t:|1641850580
|move|p2a: Tornadus|Hurricane|p1a: Blissey|[miss]
|-miss|p2a: Tornadus|p1a: Blissey
|move|p1a: Blissey|Soft-Boiled|p1a: Blissey
|-heal|p1a: Blissey|100/100
|
|-damage|p2a: Tornadus|74/100 tox|[from] psn
|upkeep
|turn|141
|inactive|LionelMesii has 120 seconds left.
|
|t:|1641850587
|move|p2a: Tornadus|Hurricane|p1a: Blissey
|-damage|p1a: Blissey|84/100
|-start|p1a: Blissey|confusion
|-activate|p1a: Blissey|confusion
|move|p1a: Blissey|Toxic|p2a: Tornadus
|-fail|p2a: Tornadus|tox
|
|-damage|p2a: Tornadus|56/100 tox|[from] psn
|-fieldend|move: Psychic Terrain
|upkeep
|turn|142
|inactive|LionelMesii has 120 seconds left.
|inactive|greystaple has 30 seconds left.
|
|t:|1641850603
|switch|p2a: Garchomp|Garchomp, M|100/100
|switch|p1a: Corviknight|Corviknight, M, shiny|100/100
|-ability|p1a: Corviknight|Pressure
|
|upkeep
|turn|143
|inactive|LionelMesii has 120 seconds left.
|inactive|greystaple has 30 seconds left.
|
|t:|1641850610
|switch|p1a: Quagsire|Quagsire, M|100/100
|move|p2a: Garchomp|Scale Shot|p1a: Quagsire
|-damage|p1a: Quagsire|92/100
|-damage|p1a: Quagsire|82/100
|-damage|p1a: Quagsire|74/100
|-hitcount|p1a: Quagsire|3
|-unboost|p2a: Garchomp|def|1
|-boost|p2a: Garchomp|spe|1
|
|-heal|p1a: Quagsire|80/100|[from] item: Leftovers
|upkeep
|turn|144
|inactive|LionelMesii has 120 seconds left.
|
|t:|1641850624
|move|p2a: Garchomp|Earthquake|p1a: Quagsire
|-damage|p1a: Quagsire|41/100
|move|p1a: Quagsire|Scald|p2a: Garchomp
|-damage|p2a: Garchomp|80/100
|
|-heal|p2a: Garchomp|86/100|[from] item: Leftovers
|-heal|p1a: Quagsire|47/100|[from] item: Leftovers
|upkeep
|turn|145
|inactive|greystaple has 30 seconds left.
|
|t:|1641850635
|move|p2a: Garchomp|Earthquake|p1a: Quagsire
|-damage|p1a: Quagsire|12/100
|move|p1a: Quagsire|Recover|p1a: Quagsire
|-heal|p1a: Quagsire|62/100
|
|-heal|p2a: Garchomp|93/100|[from] item: Leftovers
|-heal|p1a: Quagsire|69/100|[from] item: Leftovers
|upkeep
|turn|146
|
|t:|1641850642
|move|p2a: Garchomp|Earthquake|p1a: Quagsire
|-damage|p1a: Quagsire|35/100
|move|p1a: Quagsire|Recover|p1a: Quagsire
|-heal|p1a: Quagsire|85/100
|
|-heal|p2a: Garchomp|99/100|[from] item: Leftovers
|-heal|p1a: Quagsire|91/100|[from] item: Leftovers
|upkeep
|turn|147
|inactive|greystaple has 30 seconds left.
|
|t:|1641850659
|move|p2a: Garchomp|Earthquake|p1a: Quagsire
|-damage|p1a: Quagsire|54/100
|move|p1a: Quagsire|Toxic|p2a: Garchomp
|-status|p2a: Garchomp|tox
|
|-heal|p2a: Garchomp|100/100 tox|[from] item: Leftovers
|-heal|p1a: Quagsire|60/100|[from] item: Leftovers
|-damage|p2a: Garchomp|94/100 tox|[from] psn
|upkeep
|turn|148
|inactive|greystaple has 30 seconds left this turn.
|
|t:|1641850668
|move|p2a: Garchomp|Earthquake|p1a: Quagsire
|-damage|p1a: Quagsire|24/100
|move|p1a: Quagsire|Recover|p1a: Quagsire
|-heal|p1a: Quagsire|74/100
|
|-heal|p2a: Garchomp|100/100 tox|[from] item: Leftovers
|-heal|p1a: Quagsire|80/100|[from] item: Leftovers
|-damage|p2a: Garchomp|88/100 tox|[from] psn
|upkeep
|turn|149
|inactive|greystaple has 30 seconds left.
|
|t:|1641850679
|switch|p2a: Tornadus|Tornadus-Therian, M|89/100 tox
|move|p1a: Quagsire|Recover|p1a: Quagsire
|-heal|p1a: Quagsire|100/100
|
|-damage|p2a: Tornadus|83/100 tox|[from] psn
|upkeep
|turn|150
|inactive|greystaple has 30 seconds left this turn.
|
|t:|1641850686
|switch|p1a: Corviknight|Corviknight, M, shiny|100/100
|-ability|p1a: Corviknight|Pressure
|move|p2a: Tornadus|Hurricane|p1a: Corviknight
|-resisted|p1a: Corviknight
|-damage|p1a: Corviknight|86/100
|
|-damage|p2a: Tornadus|70/100 tox|[from] psn
|upkeep
|turn|151
|inactive|greystaple has 30 seconds left.
|inactive|greystaple has 20 seconds left.
|
|t:|1641850702
|move|p2a: Tornadus|Heat Wave|p1a: Corviknight
|-supereffective|p1a: Corviknight
|-damage|p1a: Corviknight|49/100
|move|p1a: Corviknight|U-turn|p2a: Tornadus
|-resisted|p2a: Tornadus
|-damage|p2a: Tornadus|63/100 tox
|inactive|greystaple has 25 seconds left this turn.
|
|t:|1641850708
|switch|p1a: Zapdos|Zapdos|82/100|[from]move: U-turn
|-ability|p1a: Zapdos|Pressure
|
|-damage|p2a: Tornadus|45/100 tox|[from] psn
|upkeep
|turn|152
|inactive|greystaple has 30 seconds left this turn.
|
|t:|1641850716
|switch|p1a: Corviknight|Corviknight, M, shiny|49/100
|-ability|p1a: Corviknight|Pressure
|move|p2a: Tornadus|Knock Off|p1a: Corviknight
|-damage|p1a: Corviknight|39/100
|
|-damage|p2a: Tornadus|20/100 tox|[from] psn
|upkeep
|turn|153
|inactive|greystaple has 30 seconds left.
|inactive|greystaple has 20 seconds left.
|inactive|greystaple has 15 seconds left.
|
|t:|1641850737
|move|p2a: Tornadus|Heat Wave|p1a: Corviknight
|-supereffective|p1a: Corviknight
|-damage|p1a: Corviknight|2/100
|move|p1a: Corviknight|Roost|p1a: Corviknight
|-heal|p1a: Corviknight|52/100
|-singleturn|p1a: Corviknight|move: Roost
|
|-damage|p2a: Tornadus|0 fnt|[from] psn
|faint|p2a: Tornadus
|upkeep
|inactive|greystaple has 20 seconds left this turn.
|
|t:|1641850740
|switch|p2a: Tapu Lele|Tapu Lele|40/100 tox
|-fieldstart|move: Psychic Terrain|[from] ability: Psychic Surge|[of] p2a: Tapu Lele
|turn|154
|inactive|greystaple has 25 seconds left this turn.
|
|t:|1641850749
|move|p2a: Tapu Lele|Psychic|p1a: Corviknight
|-resisted|p1a: Corviknight
|-damage|p1a: Corviknight|30/100
|move|p1a: Corviknight|Roost|p1a: Corviknight
|-heal|p1a: Corviknight|80/100
|-singleturn|p1a: Corviknight|move: Roost
|
|-damage|p2a: Tapu Lele|34/100 tox|[from] psn
|upkeep
|turn|155
|inactive|greystaple has 30 seconds left this turn.
|
|t:|1641850757
|move|p2a: Tapu Lele|Psychic|p1a: Corviknight
|-resisted|p1a: Corviknight
|-damage|p1a: Corviknight|57/100
|move|p1a: Corviknight|Roost|p1a: Corviknight
|-heal|p1a: Corviknight|100/100
|-singleturn|p1a: Corviknight|move: Roost
|
|-damage|p2a: Tapu Lele|22/100 tox|[from] psn
|upkeep
|turn|156
|
|t:|1641850766
|move|p2a: Tapu Lele|Psychic|p1a: Corviknight
|-resisted|p1a: Corviknight
|-damage|p1a: Corviknight|77/100
|move|p1a: Corviknight|Roost|p1a: Corviknight
|-heal|p1a: Corviknight|100/100
|-singleturn|p1a: Corviknight|move: Roost
|
|-damage|p2a: Tapu Lele|4/100 tox|[from] psn
|upkeep
|turn|157
|inactive|greystaple has 30 seconds left.
|
|t:|1641850781
|move|p2a: Tapu Lele|Psychic|p1a: Corviknight
|-resisted|p1a: Corviknight
|-damage|p1a: Corviknight|77/100
|move|p1a: Corviknight|Roost|p1a: Corviknight
|-heal|p1a: Corviknight|100/100
|-singleturn|p1a: Corviknight|move: Roost
|
|-damage|p2a: Tapu Lele|0 fnt|[from] psn
|faint|p2a: Tapu Lele
|upkeep
|inactive|greystaple has 30 seconds left this turn.
|
|t:|1641850783
|switch|p2a: Garchomp|Garchomp, M|88/100 tox
|turn|158
|inactive|LionelMesii has 120 seconds left.
|
|t:|1641850792
|move|p2a: Garchomp|Fire Fang|p1a: Corviknight
|-supereffective|p1a: Corviknight
|-damage|p1a: Corviknight|69/100
|move|p1a: Corviknight|U-turn|p2a: Garchomp
|-damage|p2a: Garchomp|73/100 tox
|-damage|p1a: Corviknight|57/100|[from] ability: Rough Skin|[of] p2a: Garchomp
|inactive|LionelMesii has 120 seconds left.
|
|t:|1641850799
|switch|p1a: Quagsire|Quagsire, M|100/100|[from]move: U-turn
|
|-heal|p2a: Garchomp|79/100 tox|[from] item: Leftovers
|-damage|p2a: Garchomp|73/100 tox|[from] psn
|-fieldend|move: Psychic Terrain
|upkeep
|turn|159
|inactive|LionelMesii has 120 seconds left.
|
|t:|1641850805
|move|p2a: Garchomp|Earthquake|p1a: Quagsire
|-damage|p1a: Quagsire|67/100
|move|p1a: Quagsire|Scald|p2a: Garchomp
|-damage|p2a: Garchomp|55/100 tox
|
|-heal|p2a: Garchomp|61/100 tox|[from] item: Leftovers
|-heal|p1a: Quagsire|73/100|[from] item: Leftovers
|-damage|p2a: Garchomp|48/100 tox|[from] psn
|upkeep
|turn|160
|inactive|LionelMesii has 120 seconds left.
|
|t:|1641850815
|move|p2a: Garchomp|Scale Shot|p1a: Quagsire
|-damage|p1a: Quagsire|64/100
|-damage|p1a: Quagsire|56/100
|-damage|p1a: Quagsire|46/100
|-hitcount|p1a: Quagsire|3
|-unboost|p2a: Garchomp|def|1
|-boost|p2a: Garchomp|spe|1
|move|p1a: Quagsire|Recover|p1a: Quagsire
|-heal|p1a: Quagsire|96/100
|
|-heal|p2a: Garchomp|55/100 tox|[from] item: Leftovers
|-heal|p1a: Quagsire|100/100|[from] item: Leftovers
|-damage|p2a: Garchomp|36/100 tox|[from] psn
|upkeep
|turn|161
|inactive|LionelMesii has 120 seconds left.
|
|t:|1641850829
|move|p2a: Garchomp|Scale Shot|p1a: Quagsire
|-damage|p1a: Quagsire|91/100
|-damage|p1a: Quagsire|82/100
|-hitcount|p1a: Quagsire|2
|-unboost|p2a: Garchomp|def|1
|-boost|p2a: Garchomp|spe|1
|move|p1a: Quagsire|Earthquake|p2a: Garchomp
|-damage|p2a: Garchomp|5/100 tox
|
|-heal|p2a: Garchomp|11/100 tox|[from] item: Leftovers
|-heal|p1a: Quagsire|88/100|[from] item: Leftovers
|-damage|p2a: Garchomp|0 fnt|[from] psn
|faint|p2a: Garchomp
|
|win|LionelMesii
|upkeep
|raw|LionelMesii's rating: 1542 &rarr; <strong>1567</strong><br />(+25 for winning)
|raw|greystaple's rating: 1633 &rarr; <strong>1608</strong><br />(-25 for losing)
|c|☆greystaple|gg
|c|☆LionelMesii|gg
|l|☆LionelMesii
||Ladder isn't responding, score probably updated but might not have (Request timeout).
