|j|☆TwoHolyBackhands
|j|☆German.nn
|t:|1641843581
|gametype|singles
|player|p1|TwoHolyBackhands|ghetsis-gen5bw|1163
|player|p2|German.nn|102|1202
|teamsize|p1|6
|teamsize|p2|6
|gen|8
|tier|[Gen 8] OU
|rated|
|rule|Sleep Clause Mod: Limit one foe put to sleep
|rule|Species Clause: Limit one of each Pokémon
|rule|OHKO Clause: OHKO moves are banned
|rule|Evasion Moves Clause: Evasion moves are banned
|rule|Endless Battle Clause: Forcing endless battles is banned
|rule|HP Percentage Mod: HP is shown in percentages
|rule|Dynamax Clause: You cannot dynamax
|clearpoke
|poke|p1|Aegislash, M|
|poke|p1|Rillaboom, M|
|poke|p1|Blacephalon|
|poke|p1|Ferrothorn, F|
|poke|p1|Heatran, M|
|poke|p1|Landorus-Therian, M|
|poke|p2|Pelipper, M|
|poke|p2|Barraskewda, M|
|poke|p2|Regieleki|
|poke|p2|Tapu Lele|
|poke|p2|Landorus-Therian, M|
|poke|p2|Ferrothorn, M|
|teampreview
|inactive|Battle timer is ON: inactive players will automatically lose when time's up. (requested by German.nn)
|
|t:|1641843601
|start
|switch|p1a: I love Fire|Heatran, M|100/100
|switch|p2a: Landorus|Landorus-Therian, M|100/100
|-ability|p2a: Landorus|Intimidate|boost
|-unboost|p1a: I love Fire|atk|1
|turn|1
|
|t:|1641843609
|switch|p1a: Hoo?|Rillaboom, M|100/100
|-fieldstart|move: Grassy Terrain|[from] ability: Grassy Surge|[of] p1a: Hoo?
|move|p2a: Landorus|Stealth Rock|p1a: Hoo?
|-sidestart|p1: TwoHolyBackhands|move: Stealth Rock
|
|upkeep
|turn|2
|
|t:|1641843619
|switch|p2a: Ferrothorn|Ferrothorn, M|100/100
|move|p1a: Hoo?|Wood Hammer|p2a: Ferrothorn
|-resisted|p2a: Ferrothorn
|-damage|p2a: Ferrothorn|85/100
|-damage|p1a: Hoo?|88/100|[from] ability: Iron Barbs|[of] p2a: Ferrothorn
|-damage|p1a: Hoo?|83/100|[from] Recoil
|
|-heal|p1a: Hoo?|89/100|[from] Grassy Terrain
|-heal|p2a: Ferrothorn|91/100|[from] Grassy Terrain
|-heal|p2a: Ferrothorn|97/100|[from] item: Leftovers
|upkeep
|turn|3
|
|t:|1641843631
|move|p1a: Hoo?|Low Kick|p2a: Ferrothorn
|-supereffective|p2a: Ferrothorn
|-damage|p2a: Ferrothorn|45/100
|-damage|p1a: Hoo?|77/100|[from] ability: Iron Barbs|[of] p2a: Ferrothorn
|move|p2a: Ferrothorn|Knock Off|p1a: Hoo?
|-damage|p1a: Hoo?|52/100
|-enditem|p1a: Hoo?|Terrain Extender|[from] move: Knock Off|[of] p2a: Ferrothorn
|
|-heal|p1a: Hoo?|58/100|[from] Grassy Terrain
|-heal|p2a: Ferrothorn|51/100|[from] Grassy Terrain
|-heal|p2a: Ferrothorn|57/100|[from] item: Leftovers
|upkeep
|turn|4
|inactive|German.nn has 120 seconds left.
|
|t:|1641843678
|move|p1a: Hoo?|Low Kick|p2a: Ferrothorn
|-supereffective|p2a: Ferrothorn
|-damage|p2a: Ferrothorn|6/100
|-damage|p1a: Hoo?|46/100|[from] ability: Iron Barbs|[of] p2a: Ferrothorn
|move|p2a: Ferrothorn|Spikes|p1a: Hoo?
|-sidestart|p1: TwoHolyBackhands|Spikes
|
|-heal|p1a: Hoo?|52/100|[from] Grassy Terrain
|-heal|p2a: Ferrothorn|12/100|[from] Grassy Terrain
|-heal|p2a: Ferrothorn|18/100|[from] item: Leftovers
|upkeep
|turn|5
|
|t:|1641843700
|switch|p2a: Pelipper|Pelipper, M|100/100
|-weather|RainDance|[from] ability: Drizzle|[of] p2a: Pelipper
|move|p1a: Hoo?|Low Kick|p2a: Pelipper
|-resisted|p2a: Pelipper
|-damage|p2a: Pelipper|89/100
|
|-weather|RainDance|[upkeep]
|-heal|p1a: Hoo?|58/100|[from] Grassy Terrain
|upkeep
|turn|6
|inactive|German.nn has 90 seconds left.
|
|t:|1641843715
|switch|p1a: IJustWantHugs:(|Ferrothorn, F|100/100
|-damage|p1a: IJustWantHugs:(|88/100|[from] Spikes
|-damage|p1a: IJustWantHugs:(|82/100|[from] Stealth Rock
|move|p2a: Pelipper|Hurricane|p1a: IJustWantHugs:(
|-damage|p1a: IJustWantHugs:(|34/100
|
|-weather|RainDance|[upkeep]
|-heal|p1a: IJustWantHugs:(|40/100|[from] Grassy Terrain
|-heal|p1a: IJustWantHugs:(|47/100|[from] item: Leftovers
|upkeep
|turn|7
|c|☆TwoHolyBackhands|thats a buff peliper
|inactive|TwoHolyBackhands has 120 seconds left.
|
|t:|1641843747
|move|p2a: Pelipper|Hurricane|p1a: IJustWantHugs:(
|-damage|p1a: IJustWantHugs:(|0 fnt
|faint|p1a: IJustWantHugs:(
|
|-weather|RainDance|[upkeep]
|upkeep
|
|t:|1641843751
|switch|p1a: How original|Landorus-Therian, M|100/100
|-damage|p1a: How original|88/100|[from] Stealth Rock
|-ability|p1a: How original|Intimidate|boost
|-unboost|p2a: Pelipper|atk|1
|turn|8
|
|t:|1641843760
|switch|p2a: Landorus|Landorus-Therian, M|100/100
|-ability|p2a: Landorus|Intimidate|boost
|-unboost|p1a: How original|atk|1
|move|p1a: How original|Defog|p2a: Landorus
|-unboost|p2a: Landorus|evasion|1
|-sideend|p1: TwoHolyBackhands|Spikes|[from] move: Defog|[of] p1a: How original
|-sideend|p1: TwoHolyBackhands|Stealth Rock|[from] move: Defog|[of] p1a: How original
|-fieldend|move: Grassy Terrain
|
|-weather|RainDance|[upkeep]
|upkeep
|turn|9
|
|t:|1641843768
|switch|p1a: Hoo?|Rillaboom, M|58/100
|-fieldstart|move: Grassy Terrain|[from] ability: Grassy Surge|[of] p1a: Hoo?
|move|p2a: Landorus|Toxic|p1a: Hoo?
|-status|p1a: Hoo?|tox
|
|-weather|none
|-heal|p1a: Hoo?|64/100 tox|[from] Grassy Terrain
|-damage|p1a: Hoo?|58/100 tox|[from] psn
|upkeep
|turn|10
|inactive|German.nn has 90 seconds left.
|
|t:|1641843802
|switch|p2a: Ferrothorn|Ferrothorn, M|18/100
|move|p1a: Hoo?|U-turn|p2a: Ferrothorn
|-damage|p2a: Ferrothorn|0 fnt
|-damage|p1a: Hoo?|46/100 tox|[from] ability: Iron Barbs|[of] p2a: Ferrothorn
|faint|p2a: Ferrothorn
|
|t:|1641843814
|switch|p1a: TheEntireCircus|Blacephalon|100/100|[from]move: U-turn
|
|upkeep
|inactive|German.nn has 90 seconds left.
|
|t:|1641843849
|switch|p2a: Pelipper|Pelipper, M|89/100
|-weather|RainDance|[from] ability: Drizzle|[of] p2a: Pelipper
|turn|11
|
|t:|1641843854
|move|p1a: TheEntireCircus|Shadow Ball|p2a: Pelipper
|-damage|p2a: Pelipper|0 fnt
|faint|p2a: Pelipper
|-ability|p1a: TheEntireCircus|Beast Boost|boost
|-boost|p1a: TheEntireCircus|spa|1
|
|-weather|RainDance|[upkeep]
|upkeep
|
|t:|1641843858
|switch|p2a: Barraskewda|Barraskewda, M|100/100
|turn|12
|
|t:|1641843864
|switch|p1a: How original|Landorus-Therian, M|88/100
|-ability|p1a: How original|Intimidate|boost
|-unboost|p2a: Barraskewda|atk|1
|move|p2a: Barraskewda|Liquidation|p1a: How original
|-supereffective|p1a: How original
|-damage|p1a: How original|0 fnt
|faint|p1a: How original
|
|-weather|RainDance|[upkeep]
|upkeep
|
|t:|1641843874
|switch|p1a: Hoo?|Rillaboom, M|46/100 tox
|turn|13
|
|t:|1641843885
|switch|p2a: Landorus|Landorus-Therian, M|100/100
|-ability|p2a: Landorus|Intimidate|boost
|-unboost|p1a: Hoo?|atk|1
|move|p1a: Hoo?|Grassy Glide|p2a: Landorus
|-damage|p2a: Landorus|73/100
|
|-weather|RainDance|[upkeep]
|-heal|p1a: Hoo?|52/100 tox|[from] Grassy Terrain
|-heal|p2a: Landorus|80/100|[from] item: Leftovers
|-damage|p1a: Hoo?|46/100 tox|[from] psn
|-fieldend|move: Grassy Terrain
|upkeep
|turn|14
|
|t:|1641843896
|switch|p1a: I love Fire|Heatran, M|100/100
|move|p2a: Landorus|U-turn|p1a: I love Fire
|-resisted|p1a: I love Fire
|-damage|p1a: I love Fire|96/100
|
|t:|1641843906
|switch|p2a: Barraskewda|Barraskewda, M|100/100|[from]move: U-turn
|
|-weather|RainDance|[upkeep]
|-heal|p1a: I love Fire|100/100|[from] item: Leftovers
|upkeep
|turn|15
|
|t:|1641843915
|move|p2a: Barraskewda|Liquidation|p1a: I love Fire
|-supereffective|p1a: I love Fire
|-damage|p1a: I love Fire|0 fnt
|faint|p1a: I love Fire
|
|-weather|none
|upkeep
|
|t:|1641843925
|switch|p1a: Hoo?|Rillaboom, M|46/100 tox
|-fieldstart|move: Grassy Terrain|[from] ability: Grassy Surge|[of] p1a: Hoo?
|turn|16
|
|t:|1641843929
|switch|p2a: Landorus|Landorus-Therian, M|80/100
|-ability|p2a: Landorus|Intimidate|boost
|-unboost|p1a: Hoo?|atk|1
|move|p1a: Hoo?|U-turn|p2a: Landorus
|-resisted|p2a: Landorus
|-damage|p2a: Landorus|72/100
|
|t:|1641843939
|switch|p1a: Nerf Or Nothin|Aegislash, M|100/100|[from]move: U-turn
|
|-heal|p2a: Landorus|78/100|[from] item: Leftovers
|upkeep
|turn|17
|
|t:|1641843947
|move|p2a: Landorus|Earthquake|p1a: Nerf Or Nothin
|-supereffective|p1a: Nerf Or Nothin
|-damage|p1a: Nerf Or Nothin|62/100
|-formechange|p1a: Nerf Or Nothin|Aegislash-Blade||[from] ability: Stance Change
|move|p1a: Nerf Or Nothin|Gyro Ball|p2a: Landorus
|-damage|p2a: Landorus|52/100
|
|-heal|p2a: Landorus|58/100|[from] item: Leftovers
|-heal|p1a: Nerf Or Nothin|68/100|[from] Grassy Terrain
|-heal|p1a: Nerf Or Nothin|74/100|[from] item: Leftovers
|upkeep
|turn|18
|
|t:|1641843958
|-formechange|p1a: Nerf Or Nothin|Aegislash||[from] ability: Stance Change
|move|p1a: Nerf Or Nothin|King's Shield|p1a: Nerf Or Nothin
|-singleturn|p1a: Nerf Or Nothin|Protect
|move|p2a: Landorus|Earthquake|p1a: Nerf Or Nothin
|-activate|p1a: Nerf Or Nothin|move: Protect
|
|-heal|p2a: Landorus|64/100|[from] item: Leftovers
|-heal|p1a: Nerf Or Nothin|80/100|[from] Grassy Terrain
|-heal|p1a: Nerf Or Nothin|86/100|[from] item: Leftovers
|upkeep
|turn|19
|
|t:|1641843969
|move|p2a: Landorus|Earthquake|p1a: Nerf Or Nothin
|-supereffective|p1a: Nerf Or Nothin
|-damage|p1a: Nerf Or Nothin|50/100
|-formechange|p1a: Nerf Or Nothin|Aegislash-Blade||[from] ability: Stance Change
|move|p1a: Nerf Or Nothin|Gyro Ball|p2a: Landorus
|-damage|p2a: Landorus|36/100
|
|-heal|p2a: Landorus|42/100|[from] item: Leftovers
|-heal|p1a: Nerf Or Nothin|57/100|[from] Grassy Terrain
|-heal|p1a: Nerf Or Nothin|63/100|[from] item: Leftovers
|upkeep
|turn|20
|
|t:|1641843986
|-formechange|p1a: Nerf Or Nothin|Aegislash||[from] ability: Stance Change
|move|p1a: Nerf Or Nothin|King's Shield|p1a: Nerf Or Nothin
|-singleturn|p1a: Nerf Or Nothin|Protect
|move|p2a: Landorus|U-turn|p1a: Nerf Or Nothin
|-activate|p1a: Nerf Or Nothin|move: Protect
|-unboost|p2a: Landorus|atk|1
|
|-heal|p2a: Landorus|48/100|[from] item: Leftovers
|-heal|p1a: Nerf Or Nothin|69/100|[from] Grassy Terrain
|-heal|p1a: Nerf Or Nothin|75/100|[from] item: Leftovers
|-fieldend|move: Grassy Terrain
|upkeep
|turn|21
|
|t:|1641843999
|move|p2a: Landorus|U-turn|p1a: Nerf Or Nothin
|-resisted|p1a: Nerf Or Nothin
|-damage|p1a: Nerf Or Nothin|72/100
|
|t:|1641844006
|switch|p2a: Regieleki|Regieleki|100/100|[from]move: U-turn
|-formechange|p1a: Nerf Or Nothin|Aegislash-Blade||[from] ability: Stance Change
|move|p1a: Nerf Or Nothin|Gyro Ball|p2a: Regieleki
|-resisted|p2a: Regieleki
|-damage|p2a: Regieleki|34/100
|
|-heal|p1a: Nerf Or Nothin|79/100|[from] item: Leftovers
|upkeep
|turn|22
|inactive|German.nn has 120 seconds left.
|
|t:|1641844046
|move|p1a: Nerf Or Nothin|Shadow Sneak|p2a: Regieleki
|-damage|p2a: Regieleki|0 fnt
|faint|p2a: Regieleki
|
|-heal|p1a: Nerf Or Nothin|85/100|[from] item: Leftovers
|upkeep
|
|t:|1641844051
|switch|p2a: Barraskewda|Barraskewda, M|100/100
|turn|23
|
|t:|1641844053
|-formechange|p1a: Nerf Or Nothin|Aegislash||[from] ability: Stance Change
|move|p1a: Nerf Or Nothin|King's Shield|p1a: Nerf Or Nothin
|-singleturn|p1a: Nerf Or Nothin|Protect
|move|p2a: Barraskewda|Flip Turn|p1a: Nerf Or Nothin
|-activate|p1a: Nerf Or Nothin|move: Protect
|-unboost|p2a: Barraskewda|atk|1
|
|-heal|p1a: Nerf Or Nothin|91/100|[from] item: Leftovers
|upkeep
|turn|24
|
|t:|1641844065
|move|p2a: Barraskewda|Flip Turn|p1a: Nerf Or Nothin
|-damage|p1a: Nerf Or Nothin|66/100
|
|t:|1641844071
|switch|p2a: Landorus|Landorus-Therian, M|48/100|[from]move: Flip Turn
|-ability|p2a: Landorus|Intimidate|boost
|-unboost|p1a: Nerf Or Nothin|atk|1
|-formechange|p1a: Nerf Or Nothin|Aegislash-Blade||[from] ability: Stance Change
|move|p1a: Nerf Or Nothin|Gyro Ball|p2a: Landorus
|-damage|p2a: Landorus|32/100
|
|-heal|p2a: Landorus|38/100|[from] item: Leftovers
|-heal|p1a: Nerf Or Nothin|72/100|[from] item: Leftovers
|upkeep
|turn|25
|
|t:|1641844092
|-formechange|p1a: Nerf Or Nothin|Aegislash||[from] ability: Stance Change
|move|p1a: Nerf Or Nothin|King's Shield|p1a: Nerf Or Nothin
|-singleturn|p1a: Nerf Or Nothin|Protect
|move|p2a: Landorus|Stealth Rock|p1a: Nerf Or Nothin
|-sidestart|p1: TwoHolyBackhands|move: Stealth Rock
|
|-heal|p2a: Landorus|44/100|[from] item: Leftovers
|-heal|p1a: Nerf Or Nothin|78/100|[from] item: Leftovers
|upkeep
|turn|26
|
|t:|1641844102
|switch|p1a: Hoo?|Rillaboom, M|46/100 tox
|-damage|p1a: Hoo?|34/100 tox|[from] Stealth Rock
|-fieldstart|move: Grassy Terrain|[from] ability: Grassy Surge|[of] p1a: Hoo?
|move|p2a: Landorus|Earthquake|p1a: Hoo?
|-resisted|p1a: Hoo?
|-damage|p1a: Hoo?|20/100 tox
|
|-heal|p1a: Hoo?|26/100 tox|[from] Grassy Terrain
|-heal|p2a: Landorus|50/100|[from] item: Leftovers
|-damage|p1a: Hoo?|20/100 tox|[from] psn
|upkeep
|turn|27
|inactive|German.nn has 120 seconds left.
|
|t:|1641844133
|switch|p2a: Tapu Lele|Tapu Lele|100/100
|-fieldstart|move: Psychic Terrain|[from] ability: Psychic Surge|[of] p2a: Tapu Lele
|move|p1a: Hoo?|Wood Hammer|p2a: Tapu Lele
|-damage|p2a: Tapu Lele|4/100
|-damage|p1a: Hoo?|0 fnt|[from] Recoil
|faint|p1a: Hoo?
|
|upkeep
|
|t:|1641844145
|switch|p1a: Nerf Or Nothin|Aegislash, M|78/100
|-damage|p1a: Nerf Or Nothin|72/100|[from] Stealth Rock
|turn|28
|inactive|German.nn has 120 seconds left.
|
|t:|1641844159
|move|p1a: Nerf Or Nothin|King's Shield|p1a: Nerf Or Nothin
|-singleturn|p1a: Nerf Or Nothin|Protect
|move|p2a: Tapu Lele|Future Sight|p1a: Nerf Or Nothin
|-start|p2a: Tapu Lele|move: Future Sight
|
|-heal|p1a: Nerf Or Nothin|78/100|[from] item: Leftovers
|upkeep
|turn|29
|inactive|German.nn has 120 seconds left.
|
|t:|1641844177
|switch|p2a: Barraskewda|Barraskewda, M|100/100
|-formechange|p1a: Nerf Or Nothin|Aegislash-Blade||[from] ability: Stance Change
|move|p1a: Nerf Or Nothin|Gyro Ball|p2a: Barraskewda
|-resisted|p2a: Barraskewda
|-damage|p2a: Barraskewda|56/100
|
|-heal|p1a: Nerf Or Nothin|84/100|[from] item: Leftovers
|upkeep
|turn|30
|
|t:|1641844183
|-formechange|p1a: Nerf Or Nothin|Aegislash||[from] ability: Stance Change
|move|p1a: Nerf Or Nothin|King's Shield|p1a: Nerf Or Nothin
|-singleturn|p1a: Nerf Or Nothin|Protect
|move|p2a: Barraskewda|Flip Turn|p1a: Nerf Or Nothin
|-activate|p1a: Nerf Or Nothin|move: Protect
|-unboost|p2a: Barraskewda|atk|1
|
|-end|p1a: Nerf Or Nothin|move: Future Sight
|-resisted|p1a: Nerf Or Nothin
|-damage|p1a: Nerf Or Nothin|48/100
|-heal|p1a: Nerf Or Nothin|55/100|[from] item: Leftovers
|upkeep
|turn|31
|
|t:|1641844203
|move|p2a: Barraskewda|Flip Turn|p1a: Nerf Or Nothin
|-damage|p1a: Nerf Or Nothin|29/100
|
|t:|1641844214
|switch|p2a: Tapu Lele|Tapu Lele|4/100|[from]move: Flip Turn
|-formechange|p1a: Nerf Or Nothin|Aegislash-Blade||[from] ability: Stance Change
|move|p1a: Nerf Or Nothin|Sacred Sword|p2a: Tapu Lele
|-resisted|p2a: Tapu Lele
|-damage|p2a: Tapu Lele|0 fnt
|faint|p2a: Tapu Lele
|
|-heal|p1a: Nerf Or Nothin|35/100|[from] item: Leftovers
|-fieldend|move: Psychic Terrain
|upkeep
|
|t:|1641844218
|switch|p2a: Landorus|Landorus-Therian, M|50/100
|-ability|p2a: Landorus|Intimidate|boost
|-unboost|p1a: Nerf Or Nothin|atk|1
|turn|32
|
|t:|1641844226
|-formechange|p1a: Nerf Or Nothin|Aegislash||[from] ability: Stance Change
|move|p1a: Nerf Or Nothin|King's Shield|p1a: Nerf Or Nothin
|-singleturn|p1a: Nerf Or Nothin|Protect
|move|p2a: Landorus|Toxic|p1a: Nerf Or Nothin
|-immune|p1a: Nerf Or Nothin
|
|-heal|p2a: Landorus|56/100|[from] item: Leftovers
|-heal|p1a: Nerf Or Nothin|41/100|[from] item: Leftovers
|upkeep
|turn|33
|
|t:|1641844236
|move|p2a: Landorus|Earthquake|p1a: Nerf Or Nothin
|-supereffective|p1a: Nerf Or Nothin
|-damage|p1a: Nerf Or Nothin|0 fnt
|faint|p1a: Nerf Or Nothin
|
|-heal|p2a: Landorus|62/100|[from] item: Leftovers
|upkeep
|
|t:|1641844240
|switch|p1a: TheEntireCircus|Blacephalon|100/100
|-damage|p1a: TheEntireCircus|76/100|[from] Stealth Rock
|turn|34
|
|t:|1641844244
|move|p1a: TheEntireCircus|Shadow Ball|p2a: Landorus
|-damage|p2a: Landorus|8/100
|-unboost|p2a: Landorus|spd|1
|move|p2a: Landorus|Earthquake|p1a: TheEntireCircus
|-supereffective|p1a: TheEntireCircus
|-damage|p1a: TheEntireCircus|0 fnt
|faint|p1a: TheEntireCircus
|
|win|German.nn
|raw|TwoHolyBackhands's rating: 1163 &rarr; <strong>1141</strong><br />(-22 for losing)
|raw|German.nn's rating: 1202 &rarr; <strong>1224</strong><br />(+22 for winning)
|l|☆TwoHolyBackhands
|c|☆German.nn|GG
