|j|☆Zorostrat
|j|☆leshgooo
|t:|1641727555
|gametype|singles
|player|p1|Zorostrat|plasmagrunt|1466
|player|p2|leshgooo|youngster-gen4dp|1528
|teamsize|p1|6
|teamsize|p2|6
|gen|8
|tier|[Gen 8] OU
|rated|
|rule|Sleep Clause Mod: Limit one foe put to sleep
|rule|Species Clause: Limit one of each Pokémon
|rule|OHKO Clause: OHKO moves are banned
|rule|Evasion Moves Clause: Evasion moves are banned
|rule|Endless Battle Clause: Forcing endless battles is banned
|rule|HP Percentage Mod: HP is shown in percentages
|rule|Dynamax Clause: You cannot dynamax
|clearpoke
|poke|p1|Zeraora|
|poke|p1|Blastoise, M|
|poke|p1|Heatran, F|
|poke|p1|Terrakion|
|poke|p1|Dragapult, M|
|poke|p1|Ferrothorn, M|
|poke|p2|Bisharp, M|
|poke|p2|Chandelure, M|
|poke|p2|Cloyster, M|
|poke|p2|Dragonite, M|
|poke|p2|Ferrothorn, F|
|poke|p2|Volcanion|
|teampreview
|inactive|Battle timer is ON: inactive players will automatically lose when time's up. (requested by leshgooo)
|
|t:|1641727559
|start
|switch|p1a: Pierre-Matthéo|Dragapult, M|100/100
|switch|p2a: Chandelure|Chandelure, M, shiny|100/100
|turn|1
|
|t:|1641727577
|move|p1a: Pierre-Matthéo|Shadow Ball|p2a: Chandelure
|-supereffective|p2a: Chandelure
|-enditem|p2a: Chandelure|Focus Sash
|-damage|p2a: Chandelure|1/100
|move|p2a: Chandelure|Shadow Ball|p1a: Pierre-Matthéo
|-supereffective|p1a: Pierre-Matthéo
|-damage|p1a: Pierre-Matthéo|0 fnt
|faint|p1a: Pierre-Matthéo
|
|upkeep
|inactive|Zorostrat has 120 seconds left.
|
|t:|1641727599
|switch|p1a: Moïse|Zeraora|100/100
|turn|2
|
|t:|1641727604
|switch|p2a: Ferrothorn|Ferrothorn, F|100/100
|move|p1a: Moïse|Volt Switch|p2a: Ferrothorn
|-resisted|p2a: Ferrothorn
|-damage|p2a: Ferrothorn|87/100
|-damage|p1a: Moïse|91/100|[from] item: Life Orb
|
|t:|1641727608
|switch|p1a: Mathéa|Heatran, F|100/100|[from]move: Volt Switch
|
|-heal|p2a: Ferrothorn|93/100|[from] item: Leftovers
|upkeep
|turn|3
|
|t:|1641727613
|switch|p2a: Chandelure|Chandelure, M, shiny|1/100
|move|p1a: Mathéa|Stealth Rock|p2a: Chandelure
|-sidestart|p2: leshgooo|move: Stealth Rock
|
|upkeep
|turn|4
|
|t:|1641727617
|move|p2a: Chandelure|Shadow Ball|p1a: Mathéa
|-damage|p1a: Mathéa|74/100
|move|p1a: Mathéa|Toxic|p2a: Chandelure
|-status|p2a: Chandelure|tox
|
|-heal|p1a: Mathéa|80/100|[from] item: Leftovers
|-damage|p2a: Chandelure|0 fnt|[from] psn
|faint|p2a: Chandelure
|upkeep
|
|t:|1641727623
|switch|p2a: Volcanion|Volcanion|100/100
|-damage|p2a: Volcanion|76/100|[from] Stealth Rock
|turn|5
|
|t:|1641727629
|move|p1a: Mathéa|Protect|p1a: Mathéa
|-singleturn|p1a: Mathéa|Protect
|move|p2a: Volcanion|Defog|p1a: Mathéa
|-activate|p1a: Mathéa|move: Protect
|
|-heal|p1a: Mathéa|87/100|[from] item: Leftovers
|upkeep
|turn|6
|
|t:|1641727637
|move|p1a: Mathéa|Toxic|p2a: Volcanion
|-status|p2a: Volcanion|tox
|move|p2a: Volcanion|Steam Eruption|p1a: Mathéa
|-supereffective|p1a: Mathéa
|-damage|p1a: Mathéa|10/100
|
|-heal|p1a: Mathéa|16/100|[from] item: Leftovers
|-damage|p2a: Volcanion|70/100 tox|[from] psn
|upkeep
|turn|7
|
|t:|1641727643
|move|p1a: Mathéa|Protect|p1a: Mathéa
|-singleturn|p1a: Mathéa|Protect
|move|p2a: Volcanion|Defog|p1a: Mathéa
|-activate|p1a: Mathéa|move: Protect
|
|-heal|p1a: Mathéa|22/100|[from] item: Leftovers
|-damage|p2a: Volcanion|58/100 tox|[from] psn
|upkeep
|turn|8
|
|t:|1641727654
|move|p1a: Mathéa|Magma Storm|p2a: Volcanion
|-resisted|p2a: Volcanion
|-damage|p2a: Volcanion|47/100 tox
|-activate|p2a: Volcanion|move: Magma Storm|[of] p1a: Mathéa
|move|p2a: Volcanion|Defog|p1a: Mathéa
|-unboost|p1a: Mathéa|evasion|1
|-sideend|p2: leshgooo|Stealth Rock|[from] move: Defog|[of] p2a: Volcanion
|
|-heal|p1a: Mathéa|28/100|[from] item: Leftovers
|-damage|p2a: Volcanion|29/100 tox|[from] psn
|-damage|p2a: Volcanion|16/100 tox|[from] move: Magma Storm|[partiallytrapped]
|upkeep
|turn|9
|
|t:|1641727663
|move|p1a: Mathéa|Stealth Rock|p2a: Volcanion
|-sidestart|p2: leshgooo|move: Stealth Rock
|move|p2a: Volcanion|Earth Power|p1a: Mathéa
|-supereffective|p1a: Mathéa
|-damage|p1a: Mathéa|0 fnt
|faint|p1a: Mathéa
|
|-damage|p2a: Volcanion|0 fnt|[from] psn
|faint|p2a: Volcanion
|upkeep
|
|t:|1641727679
|switch|p1a: Moïse|Zeraora|91/100
|switch|p2a: Dragonite|Dragonite, M|100/100
|turn|10
|
|t:|1641727683
|move|p1a: Moïse|Knock Off|p2a: Dragonite
|-damage|p2a: Dragonite|77/100
|-enditem|p2a: Dragonite|Heavy-Duty Boots|[from] move: Knock Off|[of] p1a: Moïse
|-damage|p1a: Moïse|81/100|[from] item: Life Orb
|move|p2a: Dragonite|Dragon Dance|p2a: Dragonite
|-boost|p2a: Dragonite|atk|1
|-boost|p2a: Dragonite|spe|1
|
|upkeep
|turn|11
|
|t:|1641727689
|move|p1a: Moïse|Plasma Fists|p2a: Dragonite
|-damage|p2a: Dragonite|15/100
|-fieldactivate|move: Ion Deluge
|-hint|Normal-type moves become Electric-type after using Plasma Fists.
|-damage|p1a: Moïse|71/100|[from] item: Life Orb
|move|p2a: Dragonite|Earthquake|p1a: Moïse
|-supereffective|p1a: Moïse
|-damage|p1a: Moïse|0 fnt
|faint|p1a: Moïse
|
|upkeep
|
|t:|1641727699
|switch|p1a: Bertrand|Ferrothorn, M|100/100
|turn|12
|
|t:|1641727704
|move|p2a: Dragonite|Roost|p2a: Dragonite
|-heal|p2a: Dragonite|66/100
|-singleturn|p2a: Dragonite|move: Roost
|move|p1a: Bertrand|Leech Seed|p2a: Dragonite
|-start|p2a: Dragonite|move: Leech Seed
|
|-damage|p2a: Dragonite|53/100|[from] Leech Seed|[of] p1a: Bertrand
|upkeep
|turn|13
|
|t:|1641727712
|move|p2a: Dragonite|Roost|p2a: Dragonite
|-heal|p2a: Dragonite|100/100
|-singleturn|p2a: Dragonite|move: Roost
|move|p1a: Bertrand|Substitute|p1a: Bertrand
|-start|p1a: Bertrand|Substitute
|-damage|p1a: Bertrand|76/100
|
|-damage|p2a: Dragonite|88/100|[from] Leech Seed|[of] p1a: Bertrand
|-heal|p1a: Bertrand|87/100|[silent]
|upkeep
|turn|14
|
|t:|1641727718
|move|p2a: Dragonite|Dragon Dance|p2a: Dragonite
|-boost|p2a: Dragonite|atk|1
|-boost|p2a: Dragonite|spe|1
|move|p1a: Bertrand|Gyro Ball|p2a: Dragonite
|-damage|p2a: Dragonite|32/100
|
|-damage|p2a: Dragonite|20/100|[from] Leech Seed|[of] p1a: Bertrand
|-heal|p1a: Bertrand|99/100|[silent]
|upkeep
|turn|15
|
|t:|1641727725
|move|p2a: Dragonite|Earthquake|p1a: Bertrand
|-crit|p1a: Bertrand
|-end|p1a: Bertrand|Substitute
|move|p1a: Bertrand|Gyro Ball|p2a: Dragonite
|-damage|p2a: Dragonite|0 fnt
|faint|p2a: Dragonite
|
|upkeep
|
|t:|1641727732
|switch|p2a: Cloyster|Cloyster, M|100/100
|-damage|p2a: Cloyster|76/100|[from] Stealth Rock
|turn|16
|
|t:|1641727741
|move|p2a: Cloyster|Shell Smash|p2a: Cloyster
|-unboost|p2a: Cloyster|def|1
|-unboost|p2a: Cloyster|spd|1
|-boost|p2a: Cloyster|atk|2
|-boost|p2a: Cloyster|spa|2
|-boost|p2a: Cloyster|spe|2
|move|p1a: Bertrand|Leech Seed|p2a: Cloyster
|-start|p2a: Cloyster|move: Leech Seed
|
|-damage|p2a: Cloyster|63/100|[from] Leech Seed|[of] p1a: Bertrand
|-heal|p1a: Bertrand|100/100|[silent]
|upkeep
|turn|17
|
|t:|1641727751
|move|p2a: Cloyster|Icicle Spear|p1a: Bertrand
|-damage|p1a: Bertrand|87/100
|-damage|p1a: Bertrand|75/100
|-damage|p1a: Bertrand|61/100
|-damage|p1a: Bertrand|48/100
|-damage|p1a: Bertrand|36/100
|-hitcount|p1a: Bertrand|5
|move|p1a: Bertrand|Gyro Ball|p2a: Cloyster
|-crit|p2a: Cloyster
|-damage|p2a: Cloyster|0 fnt
|faint|p2a: Cloyster
|
|upkeep
|
|t:|1641727780
|switch|p2a: Bisharp|Bisharp, M|100/100
|-damage|p2a: Bisharp|95/100|[from] Stealth Rock
|turn|18
|
|t:|1641727786
|move|p2a: Bisharp|Swords Dance|p2a: Bisharp
|-boost|p2a: Bisharp|atk|2
|move|p1a: Bertrand|Leech Seed|p2a: Bisharp
|-start|p2a: Bisharp|move: Leech Seed
|
|-damage|p2a: Bisharp|82/100|[from] Leech Seed|[of] p1a: Bertrand
|-heal|p1a: Bertrand|48/100|[silent]
|upkeep
|turn|19
|
|t:|1641727790
|move|p2a: Bisharp|Knock Off|p1a: Bertrand
|-damage|p1a: Bertrand|0 fnt
|-damage|p2a: Bisharp|70/100|[from] ability: Iron Barbs|[of] p1a: Bertrand
|-damage|p2a: Bisharp|53/100|[from] item: Rocky Helmet|[of] p1a: Bertrand
|-enditem|p1a: Bertrand|Rocky Helmet|[from] move: Knock Off|[of] p2a: Bisharp
|faint|p1a: Bertrand
|
|upkeep
|
|t:|1641727796
|switch|p1a: Emma|Terrakion|100/100
|turn|20
|
|t:|1641727801
|move|p2a: Bisharp|Sucker Punch|p1a: Emma
|-resisted|p1a: Emma
|-damage|p1a: Emma|56/100
|-ability|p1a: Emma|Justified|boost
|-boost|p1a: Emma|atk|1
|move|p1a: Emma|Close Combat|p2a: Bisharp
|-supereffective|p2a: Bisharp
|-damage|p2a: Bisharp|0 fnt
|-unboost|p1a: Emma|def|1
|-unboost|p1a: Emma|spd|1
|faint|p2a: Bisharp
|
|upkeep
|
|t:|1641727807
|switch|p2a: Ferrothorn|Ferrothorn, F|93/100
|-damage|p2a: Ferrothorn|87/100|[from] Stealth Rock
|turn|21
|
|t:|1641727809
|move|p1a: Emma|Close Combat|p2a: Ferrothorn
|-supereffective|p2a: Ferrothorn
|-damage|p2a: Ferrothorn|0 fnt
|-unboost|p1a: Emma|def|1
|-unboost|p1a: Emma|spd|1
|-damage|p1a: Emma|44/100|[from] ability: Iron Barbs|[of] p2a: Ferrothorn
|faint|p2a: Ferrothorn
|
|win|Zorostrat
|raw|Zorostrat's rating: 1466 &rarr; <strong>1490</strong><br />(+24 for winning)
|raw|leshgooo's rating: 1528 &rarr; <strong>1504</strong><br />(-24 for losing)
