|j|☆Waerlynx1
|j|☆Beedrill<3Davis
|t:|1641720556
|gametype|singles
|player|p1|Waerlynx1|grimsley|1227
|player|p2|Beedrill<3Davis|169|1175
|teamsize|p1|6
|teamsize|p2|6
|gen|8
|tier|[Gen 8] OU
|rated|
|rule|Sleep Clause Mod: Limit one foe put to sleep
|rule|Species Clause: Limit one of each Pokémon
|rule|OHKO Clause: OHKO moves are banned
|rule|Evasion Moves Clause: Evasion moves are banned
|rule|Endless Battle Clause: Forcing endless battles is banned
|rule|HP Percentage Mod: HP is shown in percentages
|rule|Dynamax Clause: You cannot dynamax
|clearpoke
|poke|p1|Obstagoon, F|
|poke|p1|Shuckle, M|
|poke|p1|Zapdos-Galar|
|poke|p1|Dragonite, F|
|poke|p1|Nidoking, M|
|poke|p1|Scizor, F|
|poke|p2|Victini|
|poke|p2|Mesprit|
|poke|p2|Accelgor, F|
|poke|p2|Vaporeon, M|
|poke|p2|Landorus-Therian, M|
|poke|p2|Blacephalon|
|teampreview
|inactive|Battle timer is ON: inactive players will automatically lose when time's up. (requested by Beedrill<3Davis)
|
|t:|1641720564
|start
|switch|p1a: Wyatt|Shuckle, M, shiny|100/100
|switch|p2a: Victini|Victini|100/100
|turn|1
|
|t:|1641720574
|move|p2a: Victini|Final Gambit|p1a: Wyatt
|-ability|p1a: Wyatt|Sturdy
|-damage|p1a: Wyatt|1/100
|faint|p2a: Victini
|move|p1a: Wyatt|Encore|p2: Victini|[notarget]
|-fail|p1a: Wyatt
|
|upkeep
|
|t:|1641720581
|switch|p2a: Blacephalon|Blacephalon|100/100
|turn|2
|
|t:|1641720595
|switch|p1a: Dragonite|Dragonite, F|100/100
|move|p2a: Blacephalon|Flamethrower|p1a: Dragonite
|-resisted|p1a: Dragonite
|-damage|p1a: Dragonite|88/100
|
|upkeep
|turn|3
|
|t:|1641720606
|switch|p2a: Landorus|Landorus-Therian, M|100/100
|-ability|p2a: Landorus|Intimidate|boost
|-unboost|p1a: Dragonite|atk|1
|move|p1a: Dragonite|Earthquake|p2a: Landorus
|-immune|p2a: Landorus
|
|upkeep
|turn|4
|
|t:|1641720612
|switch|p1a: Wyatt|Shuckle, M, shiny|1/100
|move|p2a: Landorus|Explosion|p1a: Wyatt
|-resisted|p1a: Wyatt
|-damage|p1a: Wyatt|0 fnt
|faint|p2a: Landorus
|faint|p1a: Wyatt
|
|upkeep
|
|t:|1641720619
|switch|p2a: Accelgor|Accelgor, F|100/100
|switch|p1a: Dragonite|Dragonite, F|88/100
|turn|5
|
|t:|1641720627
|move|p2a: Accelgor|Final Gambit|p1a: Dragonite
|-damage|p1a: Dragonite|0 fnt
|faint|p2a: Accelgor
|faint|p1a: Dragonite
|
|upkeep
|
|t:|1641720639
|switch|p2a: Mesprit|Mesprit|100/100
|switch|p1a: Obstagoon|Obstagoon, F|100/100
|turn|6
|
|t:|1641720644
|move|p2a: Mesprit|Copycat|p2a: Mesprit
|move|p2a: Mesprit|Final Gambit|p1a: Obstagoon|[from]move: Copycat
|-damage|p1a: Obstagoon|0 fnt
|faint|p2a: Mesprit
|faint|p1a: Obstagoon
|
|upkeep
|
|t:|1641720650
|switch|p1a: Scizor|Scizor, F|100/100
|switch|p2a: Vaporeon|Vaporeon, M|100/100
|turn|7
|
|t:|1641720655
|move|p2a: Vaporeon|Copycat|p2a: Vaporeon
|move|p2a: Vaporeon|Final Gambit|p1a: Scizor|[from]move: Copycat
|-damage|p1a: Scizor|0 fnt
|faint|p2a: Vaporeon
|faint|p1a: Scizor
|
|upkeep
|
|t:|1641720662
|switch|p2a: Blacephalon|Blacephalon|100/100
|switch|p1a: Nidoking|Nidoking, M|100/100
|turn|8
|
|t:|1641720669
|move|p2a: Blacephalon|Psychic|p1a: Nidoking
|-supereffective|p1a: Nidoking
|-damage|p1a: Nidoking|0 fnt
|faint|p1a: Nidoking
|-ability|p2a: Blacephalon|Beast Boost|boost
|-boost|p2a: Blacephalon|spa|1
|
|upkeep
|
|t:|1641720672
|switch|p1a: Zapdos|Zapdos-Galar|100/100
|turn|9
|
|t:|1641720677
|move|p2a: Blacephalon|Psychic|p1a: Zapdos
|-supereffective|p1a: Zapdos
|-damage|p1a: Zapdos|0 fnt
|faint|p1a: Zapdos
|
|win|Beedrill<3Davis
|raw|Waerlynx1's rating: 1227 &rarr; <strong>1198</strong><br />(-29 for losing)
|raw|Beedrill&lt;3Davis's rating: 1175 &rarr; <strong>1204</strong><br />(+29 for winning)
|c|☆Beedrill<3Davis|gg
|l|☆Waerlynx1
