|j|☆sitrone
|j|☆QTWREQTWREQTWRE
|t:|1641859659
|gametype|singles
|player|p1|sitrone|depotagent|1192
|player|p2|QTWREQTWREQTWRE|170|1228
|teamsize|p1|6
|teamsize|p2|6
|gen|8
|tier|[Gen 8] OU
|rated|
|rule|Sleep Clause Mod: Limit one foe put to sleep
|rule|Species Clause: Limit one of each Pokémon
|rule|OHKO Clause: OHKO moves are banned
|rule|Evasion Moves Clause: Evasion moves are banned
|rule|Endless Battle Clause: Forcing endless battles is banned
|rule|HP Percentage Mod: HP is shown in percentages
|rule|Dynamax Clause: You cannot dynamax
|clearpoke
|poke|p1|Dragonite, M|
|poke|p1|Klefki, F|
|poke|p1|Pelipper, M|
|poke|p1|Melmetal|
|poke|p1|Dragapult, F|
|poke|p1|Bisharp, F|
|poke|p2|Blissey, F|
|poke|p2|Buzzwole|
|poke|p2|Regieleki|
|poke|p2|Garchomp, F|
|poke|p2|Landorus-Therian, M|
|poke|p2|Slowking, F|
|teampreview
|inactive|Battle timer is ON: inactive players will automatically lose when time's up. (requested by QTWREQTWREQTWRE)
|
|t:|1641859671
|start
|switch|p1a: Pelipper|Pelipper, M|100/100
|switch|p2a: Garchomp|Garchomp, F|100/100
|-weather|RainDance|[from] ability: Drizzle|[of] p1a: Pelipper
|turn|1
|
|t:|1641859678
|move|p1a: Pelipper|Ice Beam|p2a: Garchomp
|-supereffective|p2a: Garchomp
|-damage|p2a: Garchomp|0 fnt
|faint|p2a: Garchomp
|
|-weather|RainDance|[upkeep]
|upkeep
|
|t:|1641859686
|switch|p2a: Slowking|Slowking, F|100/100
|turn|2
|
|t:|1641859697
|switch|p1a: Bisharp|Bisharp, F|100/100
|move|p2a: Slowking|Nasty Plot|p2a: Slowking
|-boost|p2a: Slowking|spa|2
|
|-weather|RainDance|[upkeep]
|upkeep
|turn|3
|
|t:|1641859706
|move|p1a: Bisharp|Stealth Rock|p2a: Slowking
|-sidestart|p2: QTWREQTWREQTWRE|move: Stealth Rock
|move|p2a: Slowking|Fire Blast|p1a: Bisharp
|-supereffective|p1a: Bisharp
|-enditem|p1a: Bisharp|Focus Sash
|-damage|p1a: Bisharp|1/100
|-damage|p2a: Slowking|91/100|[from] item: Life Orb
|
|-weather|RainDance|[upkeep]
|upkeep
|turn|4
|
|t:|1641859716
|move|p1a: Bisharp|Knock Off|p2a: Slowking
|-supereffective|p2a: Slowking
|-damage|p2a: Slowking|0 fnt
|-enditem|p2a: Slowking|Life Orb|[from] move: Knock Off|[of] p1a: Bisharp
|faint|p2a: Slowking
|
|-weather|RainDance|[upkeep]
|upkeep
|
|t:|1641859722
|switch|p2a: Buzzwole|Buzzwole|100/100
|-damage|p2a: Buzzwole|88/100|[from] Stealth Rock
|turn|5
|
|t:|1641859740
|switch|p1a: Dragapult|Dragapult, F|100/100
|move|p2a: Buzzwole|Dual Wingbeat|p1a: Dragapult|[miss]
|-miss|p2a: Buzzwole|p1a: Dragapult
|
|-weather|none
|upkeep
|turn|6
|
|t:|1641859752
|switch|p2a: Regieleki|Regieleki|100/100
|-damage|p2a: Regieleki|88/100|[from] Stealth Rock
|move|p1a: Dragapult|Scald|p2a: Regieleki
|-damage|p2a: Regieleki|50/100
|-status|p2a: Regieleki|brn
|
|-damage|p2a: Regieleki|44/100 brn|[from] brn
|upkeep
|turn|7
|inactive|sitrone has 120 seconds left.
|
|t:|1641859780
|move|p2a: Regieleki|Light Screen|p2a: Regieleki
|-sidestart|p2: QTWREQTWREQTWRE|move: Light Screen
|move|p1a: Dragapult|Scald|p2a: Regieleki
|-damage|p2a: Regieleki|26/100 brn
|
|-damage|p2a: Regieleki|20/100 brn|[from] brn
|upkeep
|turn|8
|
|t:|1641859788
|move|p2a: Regieleki|Volt Switch|p1a: Dragapult
|-resisted|p1a: Dragapult
|-damage|p1a: Dragapult|74/100
|-start|p2a: Regieleki|Disable|Volt Switch|[from] ability: Cursed Body|[of] p1a: Dragapult
|
|t:|1641859798
|switch|p2a: Blissey|Blissey, F|100/100|[from]move: Volt Switch
|-damage|p2a: Blissey|88/100|[from] Stealth Rock
|move|p1a: Dragapult|Scald|p2a: Blissey
|-damage|p2a: Blissey|84/100
|
|-heal|p2a: Blissey|90/100|[from] item: Leftovers
|upkeep
|turn|9
|
|t:|1641859811
|switch|p1a: Bisharp|Bisharp, F|1/100
|move|p2a: Blissey|Thunder Wave|p1a: Bisharp
|-status|p1a: Bisharp|par
|
|-heal|p2a: Blissey|96/100|[from] item: Leftovers
|upkeep
|turn|10
|
|t:|1641859819
|move|p2a: Blissey|Seismic Toss|p1a: Bisharp
|-damage|p1a: Bisharp|0 fnt
|faint|p1a: Bisharp
|
|-heal|p2a: Blissey|100/100|[from] item: Leftovers
|upkeep
|
|t:|1641859826
|switch|p1a: Melmetal|Melmetal|100/100
|turn|11
|
|t:|1641859834
|switch|p2a: Landorus|Landorus-Therian, M|100/100
|-damage|p2a: Landorus|88/100|[from] Stealth Rock
|-ability|p2a: Landorus|Intimidate|boost
|-unboost|p1a: Melmetal|atk|1
|move|p1a: Melmetal|Superpower|p2a: Landorus
|-resisted|p2a: Landorus
|-damage|p2a: Landorus|70/100
|-unboost|p1a: Melmetal|atk|1
|-unboost|p1a: Melmetal|def|1
|
|-heal|p2a: Landorus|76/100|[from] item: Leftovers
|upkeep
|turn|12
|
|t:|1641859848
|switch|p1a: Dragonite|Dragonite, M|100/100
|move|p2a: Landorus|Knock Off|p1a: Dragonite
|-damage|p1a: Dragonite|82/100
|-enditem|p1a: Dragonite|Choice Specs|[from] move: Knock Off|[of] p2a: Landorus
|
|-heal|p2a: Landorus|82/100|[from] item: Leftovers
|upkeep
|turn|13
|
|t:|1641859857
|switch|p2a: Blissey|Blissey, F|100/100
|-damage|p2a: Blissey|88/100|[from] Stealth Rock
|move|p1a: Dragonite|Hydro Pump|p2a: Blissey
|-damage|p2a: Blissey|82/100
|
|-heal|p2a: Blissey|88/100|[from] item: Leftovers
|upkeep
|turn|14
|
|t:|1641859868
|switch|p1a: Dragapult|Dragapult, F|74/100
|move|p2a: Blissey|Thunder Wave|p1a: Dragapult
|-status|p1a: Dragapult|par
|
|-heal|p2a: Blissey|95/100|[from] item: Leftovers
|-sideend|p2: QTWREQTWREQTWRE|move: Light Screen
|upkeep
|turn|15
|
|t:|1641859877
|switch|p1a: Melmetal|Melmetal|100/100
|move|p2a: Blissey|Stealth Rock|p1a: Melmetal
|-sidestart|p1: sitrone|move: Stealth Rock
|
|-heal|p2a: Blissey|100/100|[from] item: Leftovers
|upkeep
|turn|16
|
|t:|1641859884
|switch|p2a: Landorus|Landorus-Therian, M|82/100
|-damage|p2a: Landorus|69/100|[from] Stealth Rock
|-ability|p2a: Landorus|Intimidate|boost
|-unboost|p1a: Melmetal|atk|1
|move|p1a: Melmetal|Ice Punch|p2a: Landorus
|-supereffective|p2a: Landorus
|-damage|p2a: Landorus|0 fnt
|faint|p2a: Landorus
|
|upkeep
|
|t:|1641859892
|switch|p2a: Buzzwole|Buzzwole|88/100
|-damage|p2a: Buzzwole|76/100|[from] Stealth Rock
|turn|17
|
|t:|1641859899
|switch|p1a: Pelipper|Pelipper, M|100/100
|-damage|p1a: Pelipper|76/100|[from] Stealth Rock
|-weather|RainDance|[from] ability: Drizzle|[of] p1a: Pelipper
|move|p2a: Buzzwole|Close Combat|p1a: Pelipper
|-resisted|p1a: Pelipper
|-damage|p1a: Pelipper|30/100
|-unboost|p2a: Buzzwole|def|1
|-unboost|p2a: Buzzwole|spd|1
|
|-weather|RainDance|[upkeep]
|upkeep
|turn|18
|
|t:|1641859910
|move|p2a: Buzzwole|Close Combat|p1a: Pelipper
|-resisted|p1a: Pelipper
|-crit|p1a: Pelipper
|-damage|p1a: Pelipper|0 fnt
|-unboost|p2a: Buzzwole|def|1
|-unboost|p2a: Buzzwole|spd|1
|faint|p1a: Pelipper
|-ability|p2a: Buzzwole|Beast Boost|boost
|-boost|p2a: Buzzwole|atk|1
|
|-weather|RainDance|[upkeep]
|upkeep
|
|t:|1641859923
|switch|p1a: Dragonite|Dragonite, M|82/100
|-damage|p1a: Dragonite|57/100|[from] Stealth Rock
|turn|19
|
|t:|1641859928
|switch|p2a: Blissey|Blissey, F|100/100
|-damage|p2a: Blissey|88/100|[from] Stealth Rock
|move|p1a: Dragonite|Hurricane|p2a: Blissey
|-damage|p2a: Blissey|72/100
|
|-weather|RainDance|[upkeep]
|-heal|p2a: Blissey|78/100|[from] item: Leftovers
|upkeep
|turn|20
|
|t:|1641859947
|switch|p1a: Klefki|Klefki, F|100/100
|-damage|p1a: Klefki|95/100|[from] Stealth Rock
|move|p2a: Blissey|Thunder Wave|p1a: Klefki|[miss]
|-miss|p2a: Blissey|p1a: Klefki
|
|-weather|RainDance|[upkeep]
|-heal|p2a: Blissey|84/100|[from] item: Leftovers
|upkeep
|turn|21
|
|t:|1641859955
|move|p1a: Klefki|Defog|p2a: Blissey
|-unboost|p2a: Blissey|evasion|1
|-sideend|p2: QTWREQTWREQTWRE|Stealth Rock|[from] move: Defog|[of] p1a: Klefki
|-sideend|p1: sitrone|Stealth Rock|[from] move: Defog|[of] p1a: Klefki
|move|p2a: Blissey|Seismic Toss|p1a: Klefki
|-damage|p1a: Klefki|63/100
|
|-weather|none
|-heal|p2a: Blissey|90/100|[from] item: Leftovers
|upkeep
|turn|22
|
|t:|1641859967
|move|p1a: Klefki|Rain Dance|p1a: Klefki
|-weather|RainDance
|move|p2a: Blissey|Seismic Toss|p1a: Klefki
|-damage|p1a: Klefki|32/100
|
|-weather|RainDance|[upkeep]
|-heal|p2a: Blissey|96/100|[from] item: Leftovers
|upkeep
|turn|23
|
|t:|1641859976
|switch|p1a: Dragapult|Dragapult, F|74/100 par
|move|p2a: Blissey|Seismic Toss|p1a: Dragapult
|-immune|p1a: Dragapult
|
|-weather|RainDance|[upkeep]
|-heal|p2a: Blissey|100/100|[from] item: Leftovers
|upkeep
|turn|24
|
|t:|1641859995
|move|p1a: Dragapult|Thunder|p2a: Blissey
|-damage|p2a: Blissey|88/100
|-status|p2a: Blissey|par
|move|p2a: Blissey|Stealth Rock|p1a: Dragapult
|-sidestart|p1: sitrone|move: Stealth Rock
|
|-weather|RainDance|[upkeep]
|-heal|p2a: Blissey|95/100 par|[from] item: Leftovers
|upkeep
|turn|25
|
|t:|1641860017
|switch|p1a: Klefki|Klefki, F|32/100
|-damage|p1a: Klefki|26/100|[from] Stealth Rock
|-curestatus|p2a: Blissey|par|[from] ability: Natural Cure
|switch|p2a: Regieleki|Regieleki|20/100 brn
|
|-weather|RainDance|[upkeep]
|-damage|p2a: Regieleki|14/100 brn|[from] brn
|upkeep
|turn|26
|
|t:|1641860030
|move|p1a: Klefki|Defog|p2a: Regieleki
|-unboost|p2a: Regieleki|evasion|1
|-sideend|p1: sitrone|Stealth Rock|[from] move: Defog|[of] p1a: Klefki
|move|p2a: Regieleki|Light Screen|p2a: Regieleki
|-sidestart|p2: QTWREQTWREQTWRE|move: Light Screen
|
|-weather|RainDance|[upkeep]
|-damage|p2a: Regieleki|8/100 brn|[from] brn
|upkeep
|turn|27
|
|t:|1641860042
|move|p1a: Klefki|Light Screen|p1a: Klefki
|-sidestart|p1: sitrone|move: Light Screen
|move|p2a: Regieleki|Reflect|p2a: Regieleki
|-sidestart|p2: QTWREQTWREQTWRE|Reflect
|
|-weather|RainDance|[upkeep]
|-damage|p2a: Regieleki|2/100 brn|[from] brn
|upkeep
|turn|28
|
|t:|1641860055
|move|p1a: Klefki|Defog|p2a: Regieleki
|-unboost|p2a: Regieleki|evasion|1
|-sideend|p2: QTWREQTWREQTWRE|Reflect
|-sideend|p2: QTWREQTWREQTWRE|move: Light Screen
|move|p2a: Regieleki|Volt Switch|p1a: Klefki
|-damage|p1a: Klefki|2/100
|
|t:|1641860067
|switch|p2a: Buzzwole|Buzzwole|76/100|[from]move: Volt Switch
|
|-weather|RainDance|[upkeep]
|upkeep
|turn|29
|
|t:|1641860076
|move|p1a: Klefki|Thunder Wave|p2a: Buzzwole
|-status|p2a: Buzzwole|par
|move|p2a: Buzzwole|Earthquake|p1a: Klefki
|-supereffective|p1a: Klefki
|-damage|p1a: Klefki|0 fnt
|faint|p1a: Klefki
|-ability|p2a: Buzzwole|Beast Boost|boost
|-boost|p2a: Buzzwole|atk|1
|
|-weather|none
|upkeep
|
|t:|1641860084
|switch|p1a: Dragonite|Dragonite, M|57/100
|turn|30
|
|t:|1641860088
|switch|p1a: Melmetal|Melmetal|100/100
|switch|p2a: Blissey|Blissey, F|95/100
|
|-heal|p2a: Blissey|100/100|[from] item: Leftovers
|upkeep
|turn|31
|
|t:|1641860108
|move|p2a: Blissey|Thunder Wave|p1a: Melmetal
|-status|p1a: Melmetal|par
|move|p1a: Melmetal|Superpower|p2a: Blissey
|-supereffective|p2a: Blissey
|-damage|p2a: Blissey|20/100
|-unboost|p1a: Melmetal|atk|1
|-unboost|p1a: Melmetal|def|1
|
|-heal|p2a: Blissey|26/100|[from] item: Leftovers
|-sideend|p1: sitrone|move: Light Screen
|upkeep
|turn|32
|
|t:|1641860122
|move|p2a: Blissey|Soft-Boiled|p2a: Blissey
|-heal|p2a: Blissey|76/100
|move|p1a: Melmetal|Superpower|p2a: Blissey
|-supereffective|p2a: Blissey
|-damage|p2a: Blissey|16/100
|-unboost|p1a: Melmetal|atk|1
|-unboost|p1a: Melmetal|def|1
|
|-heal|p2a: Blissey|22/100|[from] item: Leftovers
|upkeep
|turn|33
|
|t:|1641860141
|move|p2a: Blissey|Soft-Boiled|p2a: Blissey
|-heal|p2a: Blissey|72/100
|cant|p1a: Melmetal|par
|
|-heal|p2a: Blissey|78/100|[from] item: Leftovers
|upkeep
|turn|34
|
|t:|1641860159
|switch|p1a: Dragonite|Dragonite, M|57/100
|move|p2a: Blissey|Seismic Toss|p1a: Dragonite
|-damage|p1a: Dragonite|26/100
|
|-heal|p2a: Blissey|85/100|[from] item: Leftovers
|upkeep
|turn|35
|
|t:|1641860168
|move|p1a: Dragonite|Fire Blast|p2a: Blissey
|-damage|p2a: Blissey|72/100
|move|p2a: Blissey|Seismic Toss|p1a: Dragonite
|-damage|p1a: Dragonite|0 fnt
|faint|p1a: Dragonite
|
|-heal|p2a: Blissey|78/100|[from] item: Leftovers
|upkeep
|
|t:|1641860174
|switch|p1a: Dragapult|Dragapult, F|74/100 par
|turn|36
|
|t:|1641860182
|switch|p2a: Regieleki|Regieleki|2/100 brn
|move|p1a: Dragapult|Scald|p2a: Regieleki
|-damage|p2a: Regieleki|0 fnt
|faint|p2a: Regieleki
|
|upkeep
|
|t:|1641860190
|switch|p2a: Buzzwole|Buzzwole|76/100 par
|turn|37
|
|t:|1641860195
|switch|p1a: Melmetal|Melmetal|100/100 par
|move|p2a: Buzzwole|Earthquake|p1a: Melmetal
|-supereffective|p1a: Melmetal
|-damage|p1a: Melmetal|58/100 par
|
|upkeep
|turn|38
|
|t:|1641860204
|cant|p2a: Buzzwole|par
|move|p1a: Melmetal|Double Iron Bash|p2a: Buzzwole
|-crit|p2a: Buzzwole
|-damage|p2a: Buzzwole|30/100 par
|-damage|p2a: Buzzwole|0 fnt
|faint|p2a: Buzzwole
|-hitcount|p2: Buzzwole|2
|
|upkeep
|
|t:|1641860211
|switch|p2a: Blissey|Blissey, F|78/100
|turn|39
|
|t:|1641860217
|move|p2a: Blissey|Seismic Toss|p1a: Melmetal
|-damage|p1a: Melmetal|37/100 par
|cant|p1a: Melmetal|par
|
|-heal|p2a: Blissey|85/100|[from] item: Leftovers
|upkeep
|turn|40
|
|t:|1641860242
|move|p2a: Blissey|Seismic Toss|p1a: Melmetal
|-damage|p1a: Melmetal|16/100 par
|cant|p1a: Melmetal|par
|
|-heal|p2a: Blissey|91/100|[from] item: Leftovers
|upkeep
|turn|41
|
|t:|1641860251
|move|p2a: Blissey|Seismic Toss|p1a: Melmetal
|-damage|p1a: Melmetal|0 fnt
|faint|p1a: Melmetal
|
|-heal|p2a: Blissey|97/100|[from] item: Leftovers
|upkeep
|
|t:|1641860254
|switch|p1a: Dragapult|Dragapult, F|74/100 par
|turn|42
|
|t:|1641860259
|move|p1a: Dragapult|Scald|p2a: Blissey
|-damage|p2a: Blissey|88/100
|move|p2a: Blissey|Stealth Rock|p1a: Dragapult
|-sidestart|p1: sitrone|move: Stealth Rock
|
|-heal|p2a: Blissey|94/100|[from] item: Leftovers
|upkeep
|turn|43
|c|☆sitrone|lmao
|
|t:|1641860267
|move|p1a: Dragapult|Scald|p2a: Blissey
|-damage|p2a: Blissey|86/100
|move|p2a: Blissey|Stealth Rock||[still]
|-fail|p2a: Blissey
|
|-heal|p2a: Blissey|92/100|[from] item: Leftovers
|upkeep
|turn|44
|c|☆sitrone|are we gonna do this
|c|☆sitrone|u know u cant win
|c|☆QTWREQTWREQTWRE|is that specs dragapult?
|c|☆sitrone|no
|c|☆sitrone|lmao
|c|☆sitrone|focus sash
|inactive|QTWREQTWREQTWRE has 120 seconds left.
|c|☆QTWREQTWREQTWRE|oh that makes sense
|
|t:|1641860305
|cant|p1a: Dragapult|par
|move|p2a: Blissey|Stealth Rock||[still]
|-fail|p2a: Blissey
|
|-heal|p2a: Blissey|98/100|[from] item: Leftovers
|upkeep
|turn|45
|inactive|QTWREQTWREQTWRE has 120 seconds left.
|c|☆QTWREQTWREQTWRE|are you sure i can't win?
|c|☆sitrone|yea
|
|t:|1641860318
|move|p1a: Dragapult|Scald|p2a: Blissey
|-damage|p2a: Blissey|90/100
|move|p2a: Blissey|Stealth Rock||[still]
|-fail|p2a: Blissey
|
|-heal|p2a: Blissey|96/100|[from] item: Leftovers
|upkeep
|turn|46
|c|☆QTWREQTWREQTWRE|I
|inactive|QTWREQTWREQTWRE has 120 seconds left.
|c|☆QTWREQTWREQTWRE|have got a lot of PP to stall
|
|t:|1641860332
|cant|p1a: Dragapult|par
|move|p2a: Blissey|Stealth Rock||[still]
|-fail|p2a: Blissey
|
|-heal|p2a: Blissey|100/100|[from] item: Leftovers
|upkeep
|turn|47
|inactive|QTWREQTWREQTWRE has 120 seconds left.
|
|t:|1641860339
|cant|p1a: Dragapult|par
|move|p2a: Blissey|Stealth Rock||[still]
|-fail|p2a: Blissey
|
|upkeep
|turn|48
|
|t:|1641860344
|cant|p1a: Dragapult|par
|move|p2a: Blissey|Stealth Rock||[still]
|-fail|p2a: Blissey
|
|upkeep
|turn|49
|c|☆sitrone|this isnt even a pokemon battle
|
|t:|1641860352
|move|p1a: Dragapult|Scald|p2a: Blissey
|-damage|p2a: Blissey|93/100
|move|p2a: Blissey|Stealth Rock||[still]
|-fail|p2a: Blissey
|
|-heal|p2a: Blissey|99/100|[from] item: Leftovers
|upkeep
|turn|50
|c|☆QTWREQTWREQTWRE|technically
|c|☆QTWREQTWREQTWRE|it is
|
|t:|1641860362
|move|p1a: Dragapult|Scald|p2a: Blissey
|-damage|p2a: Blissey|90/100
|-status|p2a: Blissey|brn
|move|p2a: Blissey|Stealth Rock||[still]
|-fail|p2a: Blissey
|
|-heal|p2a: Blissey|96/100 brn|[from] item: Leftovers
|-damage|p2a: Blissey|90/100 brn|[from] brn
|upkeep
|turn|51
|c|☆sitrone|doesnt feel like it
|c|☆QTWREQTWREQTWRE|just a very irritating one
|
|t:|1641860374
|move|p1a: Dragapult|Scald|p2a: Blissey
|-damage|p2a: Blissey|81/100 brn
|move|p2a: Blissey|Stealth Rock||[still]
|-fail|p2a: Blissey
|
|-heal|p2a: Blissey|87/100 brn|[from] item: Leftovers
|-damage|p2a: Blissey|81/100 brn|[from] brn
|upkeep
|turn|52
|c|☆QTWREQTWREQTWRE|nothing i can do about it now ig
|
|t:|1641860387
|move|p1a: Dragapult|Scald|p2a: Blissey
|-damage|p2a: Blissey|72/100 brn
|move|p2a: Blissey|Stealth Rock||[still]
|-fail|p2a: Blissey
|
|-heal|p2a: Blissey|79/100 brn|[from] item: Leftovers
|-damage|p2a: Blissey|72/100 brn|[from] brn
|upkeep
|turn|53
|
|t:|1641860397
|move|p1a: Dragapult|Scald|p2a: Blissey
|-damage|p2a: Blissey|65/100 brn
|move|p2a: Blissey|Stealth Rock||[still]
|-fail|p2a: Blissey
|
|-heal|p2a: Blissey|71/100 brn|[from] item: Leftovers
|-damage|p2a: Blissey|65/100 brn|[from] brn
|upkeep
|turn|54
|
|t:|1641860409
|cant|p1a: Dragapult|par
|move|p2a: Blissey|Stealth Rock||[still]
|-fail|p2a: Blissey
|
|-heal|p2a: Blissey|71/100 brn|[from] item: Leftovers
|-damage|p2a: Blissey|65/100 brn|[from] brn
|upkeep
|turn|55
|
|t:|1641860418
|move|p1a: Dragapult|Scald|p2a: Blissey
|-damage|p2a: Blissey|55/100 brn
|move|p2a: Blissey|Stealth Rock||[still]
|-fail|p2a: Blissey
|
|-heal|p2a: Blissey|61/100 brn|[from] item: Leftovers
|-damage|p2a: Blissey|55/100 brn|[from] brn
|upkeep
|turn|56
|
|t:|1641860426
|move|p1a: Dragapult|Scald|p2a: Blissey
|-damage|p2a: Blissey|46/100 brn
|move|p2a: Blissey|Stealth Rock||[still]
|-fail|p2a: Blissey
|
|-heal|p2a: Blissey|52/100 brn|[from] item: Leftovers
|-damage|p2a: Blissey|46/100 brn|[from] brn
|upkeep
|turn|57
|
|t:|1641860437
|move|p1a: Dragapult|Scald|p2a: Blissey
|-damage|p2a: Blissey|37/100 brn
|move|p2a: Blissey|Soft-Boiled|p2a: Blissey
|-heal|p2a: Blissey|87/100 brn
|
|-heal|p2a: Blissey|94/100 brn|[from] item: Leftovers
|-damage|p2a: Blissey|87/100 brn|[from] brn
|upkeep
|turn|58
|
|t:|1641860446
|move|p1a: Dragapult|Scald|p2a: Blissey
|-damage|p2a: Blissey|78/100 brn
|move|p2a: Blissey|Stealth Rock||[still]
|-fail|p2a: Blissey
|
|-heal|p2a: Blissey|84/100 brn|[from] item: Leftovers
|-damage|p2a: Blissey|78/100 brn|[from] brn
|upkeep
|turn|59
|
|t:|1641860454
|cant|p1a: Dragapult|par
|move|p2a: Blissey|Stealth Rock||[still]
|-fail|p2a: Blissey
|
|-heal|p2a: Blissey|84/100 brn|[from] item: Leftovers
|-damage|p2a: Blissey|78/100 brn|[from] brn
|upkeep
|turn|60
|
|t:|1641860461
|move|p1a: Dragapult|Scald|p2a: Blissey
|-damage|p2a: Blissey|70/100 brn
|move|p2a: Blissey|Stealth Rock||[still]
|-fail|p2a: Blissey
|
|-heal|p2a: Blissey|76/100 brn|[from] item: Leftovers
|-damage|p2a: Blissey|70/100 brn|[from] brn
|upkeep
|turn|61
|c|☆QTWREQTWREQTWRE|i suppose it all depends on paralysis luck then
|
|t:|1641860478
|move|p1a: Dragapult|Scald|p2a: Blissey
|-damage|p2a: Blissey|61/100 brn
|move|p2a: Blissey|Stealth Rock||[still]
|-fail|p2a: Blissey
|
|-heal|p2a: Blissey|67/100 brn|[from] item: Leftovers
|-damage|p2a: Blissey|61/100 brn|[from] brn
|upkeep
|turn|62
|
|t:|1641860486
|cant|p1a: Dragapult|par
|move|p2a: Blissey|Stealth Rock||[still]
|-fail|p2a: Blissey
|
|-heal|p2a: Blissey|67/100 brn|[from] item: Leftovers
|-damage|p2a: Blissey|61/100 brn|[from] brn
|upkeep
|turn|63
|
|t:|1641860493
|cant|p1a: Dragapult|par
|move|p2a: Blissey|Stealth Rock||[still]
|-fail|p2a: Blissey
|
|-heal|p2a: Blissey|67/100 brn|[from] item: Leftovers
|-damage|p2a: Blissey|61/100 brn|[from] brn
|upkeep
|turn|64
|
|t:|1641860500
|move|p1a: Dragapult|Scald|p2a: Blissey
|-damage|p2a: Blissey|52/100 brn
|move|p2a: Blissey|Stealth Rock||[still]
|-fail|p2a: Blissey
|
|-heal|p2a: Blissey|58/100 brn|[from] item: Leftovers
|-damage|p2a: Blissey|52/100 brn|[from] brn
|upkeep
|turn|65
|
|t:|1641860508
|cant|p1a: Dragapult|par
|move|p2a: Blissey|Stealth Rock||[still]
|-fail|p2a: Blissey
|
|-heal|p2a: Blissey|58/100 brn|[from] item: Leftovers
|-damage|p2a: Blissey|52/100 brn|[from] brn
|upkeep
|turn|66
|
|t:|1641860517
|move|p1a: Dragapult|Scald|p2a: Blissey
|-damage|p2a: Blissey|43/100 brn
|move|p2a: Blissey|Stealth Rock||[still]
|-fail|p2a: Blissey
|
|-heal|p2a: Blissey|50/100 brn|[from] item: Leftovers
|-damage|p2a: Blissey|43/100 brn|[from] brn
|upkeep
|turn|67
|
|t:|1641860525
|move|p1a: Dragapult|Thunder|p2a: Blissey|[miss]
|-miss|p1a: Dragapult|p2a: Blissey
|move|p2a: Blissey|Soft-Boiled|p2a: Blissey
|-heal|p2a: Blissey|93/100 brn
|
|-heal|p2a: Blissey|99/100 brn|[from] item: Leftovers
|-damage|p2a: Blissey|93/100 brn|[from] brn
|upkeep
|turn|68
|
|t:|1641860533
|move|p1a: Dragapult|Scald|p2a: Blissey
|-damage|p2a: Blissey|85/100 brn
|move|p2a: Blissey|Stealth Rock||[still]
|-fail|p2a: Blissey
|
|-heal|p2a: Blissey|91/100 brn|[from] item: Leftovers
|-damage|p2a: Blissey|85/100 brn|[from] brn
|upkeep
|turn|69
|c|☆QTWREQTWREQTWRE|haha nice turn
|
|t:|1641860554
|move|p1a: Dragapult|Scald|p2a: Blissey
|-damage|p2a: Blissey|76/100 brn
|move|p2a: Blissey|Stealth Rock||[still]
|-fail|p2a: Blissey
|
|-heal|p2a: Blissey|82/100 brn|[from] item: Leftovers
|-damage|p2a: Blissey|76/100 brn|[from] brn
|upkeep
|turn|70
|
|t:|1641860562
|move|p1a: Dragapult|Scald|p2a: Blissey
|-damage|p2a: Blissey|67/100 brn
|move|p2a: Blissey|Stealth Rock||[still]
|-fail|p2a: Blissey
|
|-heal|p2a: Blissey|73/100 brn|[from] item: Leftovers
|-damage|p2a: Blissey|67/100 brn|[from] brn
|upkeep
|turn|71
|
|t:|1641860570
|move|p1a: Dragapult|Scald|p2a: Blissey
|-damage|p2a: Blissey|58/100 brn
|move|p2a: Blissey|Stealth Rock||[still]
|-fail|p2a: Blissey
|
|-heal|p2a: Blissey|64/100 brn|[from] item: Leftovers
|-damage|p2a: Blissey|58/100 brn|[from] brn
|upkeep
|turn|72
|
|t:|1641860579
|move|p1a: Dragapult|Thunder|p2a: Blissey|[miss]
|-miss|p1a: Dragapult|p2a: Blissey
|move|p2a: Blissey|Stealth Rock||[still]
|-fail|p2a: Blissey
|
|-heal|p2a: Blissey|64/100 brn|[from] item: Leftovers
|-damage|p2a: Blissey|58/100 brn|[from] brn
|upkeep
|turn|73
|
|t:|1641860588
|move|p1a: Dragapult|Thunder|p2a: Blissey|[miss]
|-miss|p1a: Dragapult|p2a: Blissey
|move|p2a: Blissey|Stealth Rock||[still]
|-fail|p2a: Blissey
|
|-heal|p2a: Blissey|64/100 brn|[from] item: Leftovers
|-damage|p2a: Blissey|58/100 brn|[from] brn
|upkeep
|turn|74
|
|t:|1641860596
|move|p1a: Dragapult|Thunder|p2a: Blissey|[miss]
|-miss|p1a: Dragapult|p2a: Blissey
|move|p2a: Blissey|Thunder Wave|p1a: Dragapult
|-fail|p1a: Dragapult|par
|
|-heal|p2a: Blissey|64/100 brn|[from] item: Leftovers
|-damage|p2a: Blissey|58/100 brn|[from] brn
|upkeep
|turn|75
|
|t:|1641860606
|move|p1a: Dragapult|Thunder|p2a: Blissey
|-damage|p2a: Blissey|46/100 brn
|move|p2a: Blissey|Thunder Wave|p1a: Dragapult
|-fail|p1a: Dragapult|par
|
|-heal|p2a: Blissey|52/100 brn|[from] item: Leftovers
|-damage|p2a: Blissey|46/100 brn|[from] brn
|upkeep
|turn|76
|
|t:|1641860615
|cant|p1a: Dragapult|par
|move|p2a: Blissey|Soft-Boiled|p2a: Blissey
|-heal|p2a: Blissey|96/100 brn
|
|-heal|p2a: Blissey|100/100 brn|[from] item: Leftovers
|-damage|p2a: Blissey|94/100 brn|[from] brn
|upkeep
|turn|77
|
|t:|1641860623
|move|p1a: Dragapult|Thunder|p2a: Blissey|[miss]
|-miss|p1a: Dragapult|p2a: Blissey
|move|p2a: Blissey|Thunder Wave|p1a: Dragapult
|-fail|p1a: Dragapult|par
|
|-heal|p2a: Blissey|100/100 brn|[from] item: Leftovers
|-damage|p2a: Blissey|94/100 brn|[from] brn
|upkeep
|turn|78
|-message|sitrone forfeited.
|
|win|QTWREQTWREQTWRE
|raw|sitrone's rating: 1192 &rarr; <strong>1170</strong><br />(-22 for losing)
|raw|QTWREQTWREQTWRE's rating: 1228 &rarr; <strong>1250</strong><br />(+22 for winning)
|l|☆sitrone
|c|☆QTWREQTWREQTWRE|hey i won
