|j|☆imantipoetic
|j|☆Birbirb
|t:|1641745512
|gametype|singles
|player|p1|imantipoetic|volkner|1364
|player|p2|Birbirb|pokemaniac|1319
|teamsize|p1|6
|teamsize|p2|6
|gen|8
|tier|[Gen 8] OU
|rated|
|rule|Sleep Clause Mod: Limit one foe put to sleep
|rule|Species Clause: Limit one of each Pokémon
|rule|OHKO Clause: OHKO moves are banned
|rule|Evasion Moves Clause: Evasion moves are banned
|rule|Endless Battle Clause: Forcing endless battles is banned
|rule|HP Percentage Mod: HP is shown in percentages
|rule|Dynamax Clause: You cannot dynamax
|clearpoke
|poke|p1|Chansey, F|
|poke|p1|Dragapult, M|
|poke|p1|Urshifu-*, M|
|poke|p1|Landorus-Therian, M|
|poke|p1|Slowbro, M|
|poke|p1|Skarmory, M|
|poke|p2|Zeraora|
|poke|p2|Heatran, M|
|poke|p2|Garchomp, F|
|poke|p2|Hawlucha, M|
|poke|p2|Tapu Fini|
|poke|p2|Rillaboom, F|
|teampreview
|inactive|Battle timer is ON: inactive players will automatically lose when time's up. (requested by imantipoetic)
|
|t:|1641745521
|start
|switch|p1a: Skarmory|Skarmory, M, shiny|100/100
|switch|p2a: Tapu Fini|Tapu Fini|100/100
|-fieldstart|move: Misty Terrain|[from] ability: Misty Surge|[of] p2a: Tapu Fini
|turn|1
|
|t:|1641745529
|switch|p1a: Chansey|Chansey, F, shiny|100/100
|move|p2a: Tapu Fini|Taunt|p1a: Chansey
|-start|p1a: Chansey|move: Taunt
|
|upkeep
|turn|2
|
|t:|1641745534
|move|p2a: Tapu Fini|Calm Mind|p2a: Tapu Fini
|-boost|p2a: Tapu Fini|spa|1
|-boost|p2a: Tapu Fini|spd|1
|move|p1a: Chansey|Seismic Toss|p2a: Tapu Fini
|-damage|p2a: Tapu Fini|71/100
|
|-heal|p2a: Tapu Fini|78/100|[from] item: Leftovers
|upkeep
|turn|3
|
|t:|1641745535
|move|p2a: Tapu Fini|Calm Mind|p2a: Tapu Fini
|-boost|p2a: Tapu Fini|spa|1
|-boost|p2a: Tapu Fini|spd|1
|move|p1a: Chansey|Seismic Toss|p2a: Tapu Fini
|-damage|p2a: Tapu Fini|48/100
|
|-heal|p2a: Tapu Fini|55/100|[from] item: Leftovers
|-end|p1a: Chansey|move: Taunt
|upkeep
|turn|4
|
|t:|1641745539
|move|p2a: Tapu Fini|Taunt|p1a: Chansey
|-start|p1a: Chansey|move: Taunt
|move|p1a: Chansey|Seismic Toss|p2a: Tapu Fini
|-damage|p2a: Tapu Fini|25/100
|
|-heal|p2a: Tapu Fini|32/100|[from] item: Leftovers
|upkeep
|turn|5
|
|t:|1641745541
|move|p2a: Tapu Fini|Draining Kiss|p1a: Chansey
|-damage|p1a: Chansey|91/100
|-heal|p2a: Tapu Fini|47/100|[from] drain|[of] p1a: Chansey
|move|p1a: Chansey|Seismic Toss|p2a: Tapu Fini
|-damage|p2a: Tapu Fini|18/100
|
|-heal|p2a: Tapu Fini|24/100|[from] item: Leftovers
|-fieldend|Misty Terrain
|upkeep
|turn|6
|
|t:|1641745548
|switch|p2a: Zeraora|Zeraora|100/100
|move|p1a: Chansey|Seismic Toss|p2a: Zeraora
|-damage|p2a: Zeraora|69/100
|
|-end|p1a: Chansey|move: Taunt
|upkeep
|turn|7
|
|t:|1641745553
|switch|p1a: Landorus|Landorus-Therian, M, shiny|100/100
|-ability|p1a: Landorus|Intimidate|boost
|-unboost|p2a: Zeraora|atk|1
|move|p2a: Zeraora|Knock Off|p1a: Landorus
|-damage|p1a: Landorus|77/100
|-enditem|p1a: Landorus|Choice Band|[from] move: Knock Off|[of] p2a: Zeraora
|
|upkeep
|turn|8
|
|t:|1641745560
|switch|p2a: Rillaboom|Rillaboom, F|100/100
|-fieldstart|move: Grassy Terrain|[from] ability: Grassy Surge|[of] p2a: Rillaboom
|move|p1a: Landorus|Stealth Rock|p2a: Rillaboom
|-sidestart|p2: Birbirb|move: Stealth Rock
|
|upkeep
|turn|9
|
|t:|1641745571
|switch|p1a: Skarmory|Skarmory, M, shiny|100/100
|move|p2a: Rillaboom|Grassy Glide|p1a: Skarmory
|-resisted|p1a: Skarmory
|-damage|p1a: Skarmory|90/100
|-damage|p2a: Rillaboom|84/100|[from] item: Rocky Helmet|[of] p1a: Skarmory
|-damage|p2a: Rillaboom|74/100|[from] item: Life Orb
|
|-heal|p2a: Rillaboom|80/100|[from] Grassy Terrain
|upkeep
|turn|10
|
|t:|1641745583
|move|p2a: Rillaboom|Knock Off|p1a: Skarmory
|-damage|p1a: Skarmory|63/100
|-damage|p2a: Rillaboom|64/100|[from] item: Rocky Helmet|[of] p1a: Skarmory
|-enditem|p1a: Skarmory|Rocky Helmet|[from] move: Knock Off|[of] p2a: Rillaboom
|-damage|p2a: Rillaboom|54/100|[from] item: Life Orb
|move|p1a: Skarmory|Body Press|p2a: Rillaboom
|-damage|p2a: Rillaboom|19/100
|
|-heal|p2a: Rillaboom|25/100|[from] Grassy Terrain
|upkeep
|turn|11
|
|t:|1641745591
|switch|p2a: Garchomp|Garchomp, F|100/100
|-damage|p2a: Garchomp|94/100|[from] Stealth Rock
|move|p1a: Skarmory|Roost|p1a: Skarmory
|-heal|p1a: Skarmory|100/100
|-singleturn|p1a: Skarmory|move: Roost
|
|-heal|p2a: Garchomp|100/100|[from] Grassy Terrain
|upkeep
|turn|12
|
|t:|1641745594
|move|p2a: Garchomp|Swords Dance|p2a: Garchomp
|-boost|p2a: Garchomp|atk|2
|move|p1a: Skarmory|Iron Defense|p1a: Skarmory
|-boost|p1a: Skarmory|def|2
|
|-fieldend|move: Grassy Terrain
|upkeep
|turn|13
|
|t:|1641745597
|move|p2a: Garchomp|Swords Dance|p2a: Garchomp
|-boost|p2a: Garchomp|atk|2
|move|p1a: Skarmory|Body Press|p2a: Garchomp
|-damage|p2a: Garchomp|38/100
|-damage|p1a: Skarmory|88/100|[from] ability: Rough Skin|[of] p2a: Garchomp
|
|-heal|p2a: Garchomp|44/100|[from] item: Leftovers
|upkeep
|turn|14
|
|t:|1641745601
|move|p2a: Garchomp|Scale Shot|p1a: Skarmory
|-resisted|p1a: Skarmory
|-damage|p1a: Skarmory|82/100
|-resisted|p1a: Skarmory
|-damage|p1a: Skarmory|76/100
|-resisted|p1a: Skarmory
|-crit|p1a: Skarmory
|-damage|p1a: Skarmory|59/100
|-resisted|p1a: Skarmory
|-damage|p1a: Skarmory|53/100
|-hitcount|p1a: Skarmory|4
|-unboost|p2a: Garchomp|def|1
|-boost|p2a: Garchomp|spe|1
|move|p1a: Skarmory|Body Press|p2a: Garchomp
|-damage|p2a: Garchomp|0 fnt
|-damage|p1a: Skarmory|41/100|[from] ability: Rough Skin|[of] p2a: Garchomp
|faint|p2a: Garchomp
|
|upkeep
|
|t:|1641745605
|switch|p2a: Hawlucha|Hawlucha, M|100/100
|-damage|p2a: Hawlucha|88/100|[from] Stealth Rock
|turn|15
|
|t:|1641745610
|move|p2a: Hawlucha|Close Combat|p1a: Skarmory
|-damage|p1a: Skarmory|26/100
|-unboost|p2a: Hawlucha|def|1
|-unboost|p2a: Hawlucha|spd|1
|move|p1a: Skarmory|Roost|p1a: Skarmory
|-heal|p1a: Skarmory|76/100
|-singleturn|p1a: Skarmory|move: Roost
|
|upkeep
|turn|16
|
|t:|1641745614
|switch|p2a: Rillaboom|Rillaboom, F|25/100
|-damage|p2a: Rillaboom|13/100|[from] Stealth Rock
|-fieldstart|move: Grassy Terrain|[from] ability: Grassy Surge|[of] p2a: Rillaboom
|move|p1a: Skarmory|Body Press|p2a: Rillaboom
|-damage|p2a: Rillaboom|0 fnt
|faint|p2a: Rillaboom
|
|upkeep
|
|t:|1641745616
|switch|p2a: Heatran|Heatran, M|100/100
|-damage|p2a: Heatran|88/100|[from] Stealth Rock
|turn|17
|
|t:|1641745622
|switch|p1a: Chansey|Chansey, F, shiny|91/100
|move|p2a: Heatran|Magma Storm|p1a: Chansey
|-crit|p1a: Chansey
|-damage|p1a: Chansey|69/100
|-activate|p1a: Chansey|move: Magma Storm|[of] p2a: Heatran
|
|-heal|p2a: Heatran|94/100|[from] Grassy Terrain
|-heal|p2a: Heatran|100/100|[from] item: Leftovers
|-heal|p1a: Chansey|76/100|[from] Grassy Terrain
|-damage|p1a: Chansey|63/100|[from] move: Magma Storm|[partiallytrapped]
|upkeep
|turn|18
|
|t:|1641745625
|move|p2a: Heatran|Taunt|p1a: Chansey
|-start|p1a: Chansey|move: Taunt
|move|p1a: Chansey|Seismic Toss|p2a: Heatran
|-damage|p2a: Heatran|75/100
|
|-heal|p2a: Heatran|81/100|[from] Grassy Terrain
|-heal|p2a: Heatran|87/100|[from] item: Leftovers
|-heal|p1a: Chansey|69/100|[from] Grassy Terrain
|-damage|p1a: Chansey|57/100|[from] move: Magma Storm|[partiallytrapped]
|upkeep
|turn|19
|
|t:|1641745629
|move|p2a: Heatran|Magma Storm|p1a: Chansey|[miss]
|-miss|p2a: Heatran|p1a: Chansey
|move|p1a: Chansey|Seismic Toss|p2a: Heatran
|-damage|p2a: Heatran|61/100
|
|-heal|p2a: Heatran|67/100|[from] Grassy Terrain
|-heal|p2a: Heatran|74/100|[from] item: Leftovers
|-heal|p1a: Chansey|63/100|[from] Grassy Terrain
|-damage|p1a: Chansey|51/100|[from] move: Magma Storm|[partiallytrapped]
|upkeep
|turn|20
|
|t:|1641745632
|move|p2a: Heatran|Magma Storm|p1a: Chansey
|-damage|p1a: Chansey|37/100
|move|p1a: Chansey|Seismic Toss|p2a: Heatran
|-damage|p2a: Heatran|48/100
|
|-heal|p2a: Heatran|54/100|[from] Grassy Terrain
|-heal|p2a: Heatran|60/100|[from] item: Leftovers
|-heal|p1a: Chansey|43/100|[from] Grassy Terrain
|-damage|p1a: Chansey|30/100|[from] move: Magma Storm|[partiallytrapped]
|-end|p1a: Chansey|move: Taunt
|-fieldend|move: Grassy Terrain
|upkeep
|turn|21
|
|t:|1641745634
|move|p2a: Heatran|Taunt|p1a: Chansey
|-start|p1a: Chansey|move: Taunt
|move|p1a: Chansey|Seismic Toss|p2a: Heatran
|-damage|p2a: Heatran|34/100
|
|-heal|p2a: Heatran|40/100|[from] item: Leftovers
|-end|p1a: Chansey|Magma Storm|[partiallytrapped]
|upkeep
|turn|22
|
|t:|1641745636
|move|p2a: Heatran|Magma Storm|p1a: Chansey|[miss]
|-miss|p2a: Heatran|p1a: Chansey
|move|p1a: Chansey|Seismic Toss|p2a: Heatran
|-damage|p2a: Heatran|14/100
|
|-heal|p2a: Heatran|21/100|[from] item: Leftovers
|upkeep
|turn|23
|
|t:|1641745638
|move|p2a: Heatran|Magma Storm|p1a: Chansey
|-damage|p1a: Chansey|16/100
|-activate|p1a: Chansey|move: Magma Storm|[of] p2a: Heatran
|move|p1a: Chansey|Seismic Toss|p2a: Heatran
|-damage|p2a: Heatran|0 fnt
|faint|p2a: Heatran
|
|-end|p1a: Chansey|Magma Storm|[partiallytrapped]|[silent]
|-end|p1a: Chansey|move: Taunt
|upkeep
|-message|Birbirb forfeited.
|
|win|imantipoetic
|raw|imantipoetic's rating: 1364 &rarr; <strong>1381</strong><br />(+17 for winning)
|raw|Birbirb's rating: 1319 &rarr; <strong>1302</strong><br />(-17 for losing)
|l|☆Birbirb
