|j|☆Onmyiphone11
|j|☆greystaple
|t:|1641846631
|gametype|singles
|player|p1|Onmyiphone11|1|1568
|player|p2|greystaple|hilbert-wonderlauncher|1661
|teamsize|p1|6
|teamsize|p2|6
|gen|8
|tier|[Gen 8] OU
|rated|
|rule|Sleep Clause Mod: Limit one foe put to sleep
|rule|Species Clause: Limit one of each Pokémon
|rule|OHKO Clause: OHKO moves are banned
|rule|Evasion Moves Clause: Evasion moves are banned
|rule|Endless Battle Clause: Forcing endless battles is banned
|rule|HP Percentage Mod: HP is shown in percentages
|rule|Dynamax Clause: You cannot dynamax
|clearpoke
|poke|p1|Kommo-o, M|
|poke|p1|Corviknight, F|
|poke|p1|Blacephalon|
|poke|p1|Rillaboom, M|
|poke|p1|Mamoswine, F|
|poke|p1|Clefable, M|
|poke|p2|Garchomp, F|
|poke|p2|Melmetal|
|poke|p2|Tapu Lele|
|poke|p2|Tornadus-Therian, M|
|poke|p2|Ferrothorn, M|
|poke|p2|Rotom-Wash|
|teampreview
|inactive|Battle timer is ON: inactive players will automatically lose when time's up. (requested by Onmyiphone11)
|
|t:|1641846653
|start
|switch|p1a: Rillaboom|Rillaboom, M|100/100
|switch|p2a: Tapu Lele|Tapu Lele|100/100
|-fieldstart|move: Psychic Terrain|[from] ability: Psychic Surge|[of] p2a: Tapu Lele
|-fieldstart|move: Grassy Terrain|[from] ability: Grassy Surge|[of] p1a: Rillaboom
|turn|1
|
|t:|1641846658
|switch|p2a: Tornadus|Tornadus-Therian, M|100/100
|move|p1a: Rillaboom|U-turn|p2a: Tornadus
|-resisted|p2a: Tornadus
|-damage|p2a: Tornadus|80/100
|
|t:|1641846668
|switch|p1a: Mamoswine|Mamoswine, F|100/100|[from]move: U-turn
|
|upkeep
|turn|2
|
|t:|1641846690
|move|p2a: Tornadus|U-turn|p1a: Mamoswine
|-damage|p1a: Mamoswine|85/100
|
|t:|1641846692
|switch|p2a: Rotom|Rotom-Wash|100/100|[from]move: U-turn
|move|p1a: Mamoswine|Icicle Crash|p2a: Rotom
|-resisted|p2a: Rotom
|-damage|p2a: Rotom|66/100
|-damage|p1a: Mamoswine|75/100|[from] item: Life Orb
|
|-heal|p1a: Mamoswine|81/100|[from] Grassy Terrain
|-heal|p2a: Rotom|72/100|[from] item: Leftovers
|upkeep
|turn|3
|
|t:|1641846704
|switch|p1a: Kommo-o|Kommo-o, M|100/100
|move|p2a: Rotom|Will-O-Wisp|p1a: Kommo-o
|-status|p1a: Kommo-o|brn
|
|-heal|p2a: Rotom|78/100|[from] item: Leftovers
|-damage|p1a: Kommo-o|94/100 brn|[from] brn
|upkeep
|turn|4
|
|t:|1641846716
|switch|p2a: Tapu Lele|Tapu Lele|100/100
|-fieldstart|move: Psychic Terrain|[from] ability: Psychic Surge|[of] p2a: Tapu Lele
|move|p1a: Kommo-o|Stealth Rock|p2a: Tapu Lele
|-sidestart|p2: greystaple|move: Stealth Rock
|
|-heal|p1a: Kommo-o|100/100 brn|[from] item: Leftovers
|-damage|p1a: Kommo-o|94/100 brn|[from] brn
|upkeep
|turn|5
|
|t:|1641846723
|switch|p1a: Corviknight|Corviknight, F|100/100
|-ability|p1a: Corviknight|Pressure
|move|p2a: Tapu Lele|Future Sight|p1a: Corviknight
|-start|p2a: Tapu Lele|move: Future Sight
|
|upkeep
|turn|6
|
|t:|1641846732
|switch|p2a: Ferrothorn|Ferrothorn, M|100/100
|-damage|p2a: Ferrothorn|95/100|[from] Stealth Rock
|move|p1a: Corviknight|U-turn|p2a: Ferrothorn
|-crit|p2a: Ferrothorn
|-damage|p2a: Ferrothorn|81/100
|-damage|p1a: Corviknight|88/100|[from] ability: Iron Barbs|[of] p2a: Ferrothorn
|
|t:|1641846740
|switch|p1a: Clefable|Clefable, M|100/100|[from]move: U-turn
|
|upkeep
|turn|7
|
|t:|1641846745
|switch|p2a: Tapu Lele|Tapu Lele|100/100
|-damage|p2a: Tapu Lele|88/100|[from] Stealth Rock
|move|p1a: Clefable|Flamethrower|p2a: Tapu Lele
|-damage|p2a: Tapu Lele|48/100
|-status|p2a: Tapu Lele|brn
|
|-end|p1a: Clefable|move: Future Sight
|-damage|p1a: Clefable|18/100
|-damage|p2a: Tapu Lele|42/100 brn|[from] brn
|upkeep
|turn|8
|
|t:|1641846751
|switch|p1a: Corviknight|Corviknight, F|88/100
|-ability|p1a: Corviknight|Pressure
|move|p2a: Tapu Lele|Psychic|p1a: Corviknight
|-resisted|p1a: Corviknight
|-damage|p1a: Corviknight|63/100
|
|-heal|p1a: Corviknight|69/100|[from] item: Leftovers
|-damage|p2a: Tapu Lele|36/100 brn|[from] brn
|-fieldend|move: Psychic Terrain
|upkeep
|turn|9
|
|t:|1641846767
|switch|p2a: Garchomp|Garchomp, F|100/100
|-damage|p2a: Garchomp|94/100|[from] Stealth Rock
|move|p1a: Corviknight|U-turn|p2a: Garchomp
|-damage|p2a: Garchomp|80/100
|-damage|p1a: Corviknight|57/100|[from] ability: Rough Skin|[of] p2a: Garchomp
|
|t:|1641846771
|switch|p1a: Mamoswine|Mamoswine, F|81/100|[from]move: U-turn
|
|-heal|p2a: Garchomp|86/100|[from] item: Leftovers
|upkeep
|turn|10
|
|t:|1641846779
|switch|p2a: Rotom|Rotom-Wash|78/100
|-damage|p2a: Rotom|66/100|[from] Stealth Rock
|move|p1a: Mamoswine|Icicle Crash|p2a: Rotom
|-resisted|p2a: Rotom
|-damage|p2a: Rotom|32/100
|-damage|p1a: Mamoswine|71/100|[from] item: Life Orb
|
|-heal|p2a: Rotom|38/100|[from] item: Leftovers
|upkeep
|turn|11
|
|t:|1641846783
|switch|p1a: Kommo-o|Kommo-o, M|94/100 brn
|move|p2a: Rotom|Defog|p1a: Kommo-o
|-unboost|p1a: Kommo-o|evasion|1
|-sideend|p2: greystaple|Stealth Rock|[from] move: Defog|[of] p2a: Rotom
|
|-heal|p2a: Rotom|45/100|[from] item: Leftovers
|-heal|p1a: Kommo-o|100/100 brn|[from] item: Leftovers
|-damage|p1a: Kommo-o|94/100 brn|[from] brn
|upkeep
|turn|12
|
|t:|1641846790
|move|p2a: Rotom|Volt Switch|p1a: Kommo-o
|-resisted|p1a: Kommo-o
|-damage|p1a: Kommo-o|87/100 brn
|
|t:|1641846795
|switch|p2a: Tornadus|Tornadus-Therian, M|100/100|[from]move: Volt Switch
|move|p1a: Kommo-o|Poison Jab|p2a: Tornadus
|-crit|p2a: Tornadus
|-damage|p2a: Tornadus|84/100
|-status|p2a: Tornadus|psn
|
|-heal|p1a: Kommo-o|93/100 brn|[from] item: Leftovers
|-damage|p2a: Tornadus|72/100 psn|[from] psn
|-damage|p1a: Kommo-o|87/100 brn|[from] brn
|upkeep
|turn|13
|
|t:|1641846801
|move|p2a: Tornadus|Hurricane|p1a: Kommo-o
|-supereffective|p1a: Kommo-o
|-damage|p1a: Kommo-o|28/100 brn
|move|p1a: Kommo-o|Stealth Rock|p2a: Tornadus
|-sidestart|p2: greystaple|move: Stealth Rock
|
|-heal|p1a: Kommo-o|35/100 brn|[from] item: Leftovers
|-damage|p2a: Tornadus|60/100 psn|[from] psn
|-damage|p1a: Kommo-o|28/100 brn|[from] brn
|upkeep
|turn|14
|
|t:|1641846808
|move|p2a: Tornadus|Hurricane|p1a: Kommo-o
|-supereffective|p1a: Kommo-o
|-damage|p1a: Kommo-o|0 fnt
|faint|p1a: Kommo-o
|
|-damage|p2a: Tornadus|47/100 psn|[from] psn
|upkeep
|
|t:|1641846810
|switch|p1a: Corviknight|Corviknight, F|57/100
|-ability|p1a: Corviknight|Pressure
|turn|15
|
|t:|1641846813
|move|p2a: Tornadus|U-turn|p1a: Corviknight
|-resisted|p1a: Corviknight
|-damage|p1a: Corviknight|55/100
|
|t:|1641846820
|switch|p2a: Ferrothorn|Ferrothorn, M|81/100|[from]move: U-turn
|-damage|p2a: Ferrothorn|75/100|[from] Stealth Rock
|move|p1a: Corviknight|Roost|p1a: Corviknight
|-heal|p1a: Corviknight|100/100
|-singleturn|p1a: Corviknight|move: Roost
|
|upkeep
|turn|16
|
|t:|1641846834
|switch|p1a: Rillaboom|Rillaboom, M|100/100
|-fieldstart|move: Grassy Terrain|[from] ability: Grassy Surge|[of] p1a: Rillaboom
|move|p2a: Ferrothorn|Stealth Rock|p1a: Rillaboom
|-sidestart|p1: Onmyiphone11|move: Stealth Rock
|
|-heal|p2a: Ferrothorn|81/100|[from] Grassy Terrain
|upkeep
|turn|17
|
|t:|1641846854
|move|p1a: Rillaboom|Superpower|p2a: Ferrothorn
|-supereffective|p2a: Ferrothorn
|-enditem|p2a: Ferrothorn|Chople Berry|[eat]
|-enditem|p2a: Ferrothorn|Chople Berry|[weaken]
|-damage|p2a: Ferrothorn|41/100
|-unboost|p1a: Rillaboom|atk|1
|-unboost|p1a: Rillaboom|def|1
|-damage|p1a: Rillaboom|88/100|[from] ability: Iron Barbs|[of] p2a: Ferrothorn
|move|p2a: Ferrothorn|Body Press|p1a: Rillaboom
|-damage|p1a: Rillaboom|46/100
|
|-heal|p1a: Rillaboom|52/100|[from] Grassy Terrain
|-heal|p2a: Ferrothorn|47/100|[from] Grassy Terrain
|upkeep
|turn|18
|
|t:|1641846867
|move|p1a: Rillaboom|Superpower|p2a: Ferrothorn
|-supereffective|p2a: Ferrothorn
|-damage|p2a: Ferrothorn|0 fnt
|-unboost|p1a: Rillaboom|atk|1
|-unboost|p1a: Rillaboom|def|1
|-damage|p1a: Rillaboom|40/100|[from] ability: Iron Barbs|[of] p2a: Ferrothorn
|faint|p2a: Ferrothorn
|
|-heal|p1a: Rillaboom|46/100|[from] Grassy Terrain
|upkeep
|
|t:|1641846885
|switch|p2a: Garchomp|Garchomp, F|86/100
|-damage|p2a: Garchomp|80/100|[from] Stealth Rock
|turn|19
|
|t:|1641846894
|switch|p1a: Corviknight|Corviknight, F|100/100
|-damage|p1a: Corviknight|88/100|[from] Stealth Rock
|-ability|p1a: Corviknight|Pressure
|move|p2a: Garchomp|Scale Shot|p1a: Corviknight
|-resisted|p1a: Corviknight
|-damage|p1a: Corviknight|83/100
|-resisted|p1a: Corviknight
|-damage|p1a: Corviknight|79/100
|-hitcount|p1a: Corviknight|2
|-unboost|p2a: Garchomp|def|1
|-boost|p2a: Garchomp|spe|1
|
|-heal|p2a: Garchomp|86/100|[from] Grassy Terrain
|-heal|p2a: Garchomp|92/100|[from] item: Leftovers
|-heal|p1a: Corviknight|85/100|[from] item: Leftovers
|upkeep
|turn|20
|
|t:|1641846906
|move|p2a: Garchomp|Fire Fang|p1a: Corviknight
|-supereffective|p1a: Corviknight
|-damage|p1a: Corviknight|53/100
|move|p1a: Corviknight|Defog|p2a: Garchomp
|-unboost|p2a: Garchomp|evasion|1
|-sideend|p2: greystaple|Stealth Rock|[from] move: Defog|[of] p1a: Corviknight
|-sideend|p1: Onmyiphone11|Stealth Rock|[from] move: Defog|[of] p1a: Corviknight
|-fieldend|move: Grassy Terrain
|
|-heal|p2a: Garchomp|99/100|[from] item: Leftovers
|-heal|p1a: Corviknight|60/100|[from] item: Leftovers
|upkeep
|turn|21
|
|t:|1641846925
|move|p2a: Garchomp|Fire Fang|p1a: Corviknight
|-supereffective|p1a: Corviknight
|-damage|p1a: Corviknight|29/100
|move|p1a: Corviknight|Roost|p1a: Corviknight
|-heal|p1a: Corviknight|79/100
|-singleturn|p1a: Corviknight|move: Roost
|
|-heal|p2a: Garchomp|100/100|[from] item: Leftovers
|-heal|p1a: Corviknight|85/100|[from] item: Leftovers
|upkeep
|turn|22
|
|t:|1641846936
|switch|p1a: Clefable|Clefable, M|18/100
|move|p2a: Garchomp|Fire Fang|p1a: Clefable|[miss]
|-miss|p2a: Garchomp|p1a: Clefable
|
|upkeep
|turn|23
|
|t:|1641846941
|move|p2a: Garchomp|Earthquake|p1a: Clefable
|-damage|p1a: Clefable|0 fnt
|faint|p1a: Clefable
|
|upkeep
|
|t:|1641846943
|switch|p1a: Mamoswine|Mamoswine, F|71/100
|turn|24
|
|t:|1641846948
|switch|p2a: Rotom|Rotom-Wash|45/100
|move|p1a: Mamoswine|Ice Shard|p2a: Rotom
|-resisted|p2a: Rotom
|-damage|p2a: Rotom|28/100
|-damage|p1a: Mamoswine|61/100|[from] item: Life Orb
|
|-heal|p2a: Rotom|35/100|[from] item: Leftovers
|upkeep
|turn|25
|
|t:|1641846955
|switch|p1a: Rillaboom|Rillaboom, M|46/100
|-fieldstart|move: Grassy Terrain|[from] ability: Grassy Surge|[of] p1a: Rillaboom
|move|p2a: Rotom|Hydro Pump|p1a: Rillaboom
|-resisted|p1a: Rillaboom
|-damage|p1a: Rillaboom|24/100
|
|-heal|p2a: Rotom|41/100|[from] item: Leftovers
|-heal|p1a: Rillaboom|30/100|[from] Grassy Terrain
|upkeep
|turn|26
|
|t:|1641846961
|switch|p2a: Melmetal|Melmetal|100/100
|move|p1a: Rillaboom|Wood Hammer|p2a: Melmetal
|-resisted|p2a: Melmetal
|-damage|p2a: Melmetal|65/100
|-damage|p1a: Rillaboom|18/100|[from] Recoil
|
|-heal|p1a: Rillaboom|24/100|[from] Grassy Terrain
|-heal|p2a: Melmetal|71/100|[from] Grassy Terrain
|upkeep
|turn|27
|
|t:|1641846970
|switch|p1a: Corviknight|Corviknight, F|85/100
|-ability|p1a: Corviknight|Pressure
|move|p2a: Melmetal|Double Iron Bash|p1a: Corviknight
|-resisted|p1a: Corviknight
|-damage|p1a: Corviknight|72/100
|-resisted|p1a: Corviknight
|-damage|p1a: Corviknight|57/100
|-hitcount|p1a: Corviknight|2
|
|-heal|p1a: Corviknight|63/100|[from] item: Leftovers
|-heal|p2a: Melmetal|77/100|[from] Grassy Terrain
|upkeep
|turn|28
|
|t:|1641846979
|move|p1a: Corviknight|Body Press|p2a: Melmetal
|-supereffective|p2a: Melmetal
|-damage|p2a: Melmetal|48/100
|move|p2a: Melmetal|Superpower|p1a: Corviknight
|-crit|p1a: Corviknight
|-damage|p1a: Corviknight|14/100
|-unboost|p2a: Melmetal|atk|1
|-unboost|p2a: Melmetal|def|1
|
|-heal|p1a: Corviknight|20/100|[from] item: Leftovers
|-heal|p2a: Melmetal|54/100|[from] Grassy Terrain
|upkeep
|turn|29
|
|t:|1641846988
|switch|p2a: Rotom|Rotom-Wash|41/100
|move|p1a: Corviknight|Roost|p1a: Corviknight
|-heal|p1a: Corviknight|70/100
|-singleturn|p1a: Corviknight|move: Roost
|
|-heal|p2a: Rotom|47/100|[from] item: Leftovers
|-heal|p1a: Corviknight|76/100|[from] Grassy Terrain
|-heal|p1a: Corviknight|82/100|[from] item: Leftovers
|-fieldend|move: Grassy Terrain
|upkeep
|turn|30
|
|t:|1641846996
|move|p2a: Rotom|Will-O-Wisp|p1a: Corviknight|[miss]
|-miss|p2a: Rotom|p1a: Corviknight
|move|p1a: Corviknight|U-turn|p2a: Rotom
|-damage|p2a: Rotom|32/100
|
|t:|1641847001
|switch|p1a: Blacephalon|Blacephalon|100/100|[from]move: U-turn
|
|-heal|p2a: Rotom|38/100|[from] item: Leftovers
|upkeep
|turn|31
|
|t:|1641847005
|switch|p2a: Tornadus|Tornadus-Therian, M|80/100 psn
|move|p1a: Blacephalon|Shadow Ball|p2a: Tornadus
|-damage|p2a: Tornadus|48/100 psn
|-unboost|p2a: Tornadus|spd|1
|
|-damage|p2a: Tornadus|36/100 psn|[from] psn
|upkeep
|turn|32
|
|t:|1641847016
|switch|p2a: Garchomp|Garchomp, F|100/100
|move|p1a: Blacephalon|Shadow Ball|p2a: Garchomp
|-damage|p2a: Garchomp|50/100
|-unboost|p2a: Garchomp|spd|1
|
|-heal|p2a: Garchomp|56/100|[from] item: Leftovers
|upkeep
|turn|33
|
|t:|1641847033
|switch|p2a: Melmetal|Melmetal|54/100
|move|p1a: Blacephalon|Shadow Ball|p2a: Melmetal
|-damage|p2a: Melmetal|1/100
|
|upkeep
|turn|34
|
|t:|1641847039
|move|p1a: Blacephalon|Shadow Ball|p2a: Melmetal
|-damage|p2a: Melmetal|0 fnt
|faint|p2a: Melmetal
|-ability|p1a: Blacephalon|Beast Boost|boost
|-boost|p1a: Blacephalon|spa|1
|
|upkeep
|
|t:|1641847041
|switch|p2a: Tornadus|Tornadus-Therian, M|69/100 psn
|turn|35
|
|t:|1641847060
|switch|p1a: Corviknight|Corviknight, F|82/100
|-ability|p1a: Corviknight|Pressure
|move|p2a: Tornadus|Knock Off|p1a: Corviknight
|-damage|p1a: Corviknight|70/100
|-enditem|p1a: Corviknight|Leftovers|[from] move: Knock Off|[of] p2a: Tornadus
|
|-damage|p2a: Tornadus|57/100 psn|[from] psn
|upkeep
|turn|36
|
|t:|1641847069
|move|p2a: Tornadus|Heat Wave|p1a: Corviknight
|-supereffective|p1a: Corviknight
|-damage|p1a: Corviknight|27/100
|move|p1a: Corviknight|U-turn|p2a: Tornadus
|-resisted|p2a: Tornadus
|-damage|p2a: Tornadus|49/100 psn
|
|t:|1641847074
|switch|p1a: Mamoswine|Mamoswine, F|61/100|[from]move: U-turn
|
|-damage|p2a: Tornadus|37/100 psn|[from] psn
|upkeep
|turn|37
|
|t:|1641847080
|switch|p2a: Rotom|Rotom-Wash|38/100
|move|p1a: Mamoswine|Icicle Crash|p2a: Rotom
|-resisted|p2a: Rotom
|-damage|p2a: Rotom|7/100
|-damage|p1a: Mamoswine|51/100|[from] item: Life Orb
|
|-heal|p2a: Rotom|13/100|[from] item: Leftovers
|upkeep
|turn|38
|
|t:|1641847085
|move|p1a: Mamoswine|Ice Shard|p2a: Rotom
|-resisted|p2a: Rotom
|-damage|p2a: Rotom|0 fnt
|faint|p2a: Rotom
|-damage|p1a: Mamoswine|41/100|[from] item: Life Orb
|
|upkeep
|
|t:|1641847088
|switch|p2a: Tapu Lele|Tapu Lele|36/100 brn
|-fieldstart|move: Psychic Terrain|[from] ability: Psychic Surge|[of] p2a: Tapu Lele
|turn|39
|
|t:|1641847095
|move|p2a: Tapu Lele|Psychic|p1a: Mamoswine
|-damage|p1a: Mamoswine|0 fnt
|faint|p1a: Mamoswine
|
|-damage|p2a: Tapu Lele|30/100 brn|[from] brn
|upkeep
|
|t:|1641847101
|switch|p1a: Rillaboom|Rillaboom, M|24/100
|-fieldstart|move: Grassy Terrain|[from] ability: Grassy Surge|[of] p1a: Rillaboom
|turn|40
|
|t:|1641847103
|switch|p2a: Tornadus|Tornadus-Therian, M|70/100 psn
|move|p1a: Rillaboom|Grassy Glide|p2a: Tornadus
|-resisted|p2a: Tornadus
|-damage|p2a: Tornadus|30/100 psn
|
|-heal|p1a: Rillaboom|30/100|[from] Grassy Terrain
|-damage|p2a: Tornadus|18/100 psn|[from] psn
|upkeep
|turn|41
|
|t:|1641847109
|switch|p2a: Tapu Lele|Tapu Lele|30/100 brn
|-fieldstart|move: Psychic Terrain|[from] ability: Psychic Surge|[of] p2a: Tapu Lele
|move|p1a: Rillaboom|Grassy Glide|p2a: Tapu Lele
|-damage|p2a: Tapu Lele|0 fnt
|faint|p2a: Tapu Lele
|
|upkeep
|
|t:|1641847112
|switch|p2a: Garchomp|Garchomp, F|56/100
|turn|42
|
|t:|1641847118
|switch|p1a: Corviknight|Corviknight, F|27/100
|-ability|p1a: Corviknight|Pressure
|move|p2a: Garchomp|Fire Fang|p1a: Corviknight
|-supereffective|p1a: Corviknight
|-damage|p1a: Corviknight|0 fnt
|faint|p1a: Corviknight
|
|-heal|p2a: Garchomp|62/100|[from] item: Leftovers
|upkeep
|
|t:|1641847120
|switch|p1a: Rillaboom|Rillaboom, M|30/100
|-fieldstart|move: Grassy Terrain|[from] ability: Grassy Surge|[of] p1a: Rillaboom
|turn|43
|
|t:|1641847130
|switch|p2a: Tornadus|Tornadus-Therian, M|51/100 psn
|move|p1a: Rillaboom|Grassy Glide|p2a: Tornadus
|-resisted|p2a: Tornadus
|-damage|p2a: Tornadus|13/100 psn
|
|-heal|p1a: Rillaboom|37/100|[from] Grassy Terrain
|-damage|p2a: Tornadus|0 fnt|[from] psn
|faint|p2a: Tornadus
|upkeep
|
|t:|1641847135
|switch|p2a: Garchomp|Garchomp, F|62/100
|turn|44
|c|☆Onmyiphone11|Gg
|c|☆greystaple|gg
|
|t:|1641847141
|move|p1a: Rillaboom|Grassy Glide|p2a: Garchomp
|-damage|p2a: Garchomp|0 fnt
|-damage|p1a: Rillaboom|24/100|[from] ability: Rough Skin|[of] p2a: Garchomp
|faint|p2a: Garchomp
|
|win|Onmyiphone11
|raw|Onmyiphone11's rating: 1568 &rarr; <strong>1593</strong><br />(+25 for winning)
|raw|greystaple's rating: 1661 &rarr; <strong>1636</strong><br />(-25 for losing)
|l|☆Onmyiphone11
