|j|☆Sablouze
|j|☆szhnbhhh
|t:|1641700062
|gametype|singles
|player|p1|Sablouze|266|1232
|player|p2|szhnbhhh|dawn|1189
|teamsize|p1|6
|teamsize|p2|6
|gen|8
|tier|[Gen 8] OU
|rated|
|rule|Sleep Clause Mod: Limit one foe put to sleep
|rule|Species Clause: Limit one of each Pokémon
|rule|OHKO Clause: OHKO moves are banned
|rule|Evasion Moves Clause: Evasion moves are banned
|rule|Endless Battle Clause: Forcing endless battles is banned
|rule|HP Percentage Mod: HP is shown in percentages
|rule|Dynamax Clause: You cannot dynamax
|clearpoke
|poke|p1|Dracozolt|
|poke|p1|Tyranitar, M|
|poke|p1|Ferrothorn, F|
|poke|p1|Excadrill, M|
|poke|p1|Mandibuzz, F|
|poke|p1|Quagsire, F|
|poke|p2|Urshifu-*, F|
|poke|p2|Registeel|
|poke|p2|Tapu Bulu|
|poke|p2|Entei|
|poke|p2|Landorus-Therian, M|
|poke|p2|Umbreon, F|
|teampreview
|
|t:|1641700075
|start
|switch|p1a: Tyranitar|Tyranitar, M|100/100
|switch|p2a: Tapu Bulu|Tapu Bulu, shiny|100/100
|-weather|Sandstorm|[from] ability: Sand Stream|[of] p1a: Tyranitar
|-fieldstart|move: Grassy Terrain|[from] ability: Grassy Surge|[of] p2a: Tapu Bulu
|turn|1
|
|t:|1641700085
|switch|p1a: Mandibuzz|Mandibuzz, F|100/100
|move|p2a: Tapu Bulu|Horn Leech|p1a: Mandibuzz
|-resisted|p1a: Mandibuzz
|-damage|p1a: Mandibuzz|74/100
|
|-weather|Sandstorm|[upkeep]
|-damage|p2a: Tapu Bulu|94/100|[from] Sandstorm
|-heal|p2a: Tapu Bulu|100/100|[from] Grassy Terrain
|upkeep
|turn|2
|
|t:|1641700093
|switch|p2a: Registeel|Registeel, shiny|100/100
|move|p1a: Mandibuzz|Heat Wave|p2a: Registeel
|-supereffective|p2a: Registeel
|-damage|p2a: Registeel|82/100
|
|-weather|Sandstorm|[upkeep]
|-heal|p2a: Registeel|88/100|[from] Grassy Terrain
|upkeep
|turn|3
|
|t:|1641700101
|switch|p1a: Excadrill|Excadrill, M|100/100
|move|p2a: Registeel|Iron Defense|p2a: Registeel
|-boost|p2a: Registeel|def|2
|
|-weather|Sandstorm|[upkeep]
|-heal|p2a: Registeel|94/100|[from] Grassy Terrain
|upkeep
|turn|4
|
|t:|1641700110
|move|p1a: Excadrill|Earthquake|p2a: Registeel
|-supereffective|p2a: Registeel
|-damage|p2a: Registeel|71/100
|move|p2a: Registeel|Iron Defense|p2a: Registeel
|-boost|p2a: Registeel|def|2
|
|-weather|Sandstorm|[upkeep]
|-heal|p2a: Registeel|77/100|[from] Grassy Terrain
|upkeep
|turn|5
|
|t:|1641700116
|switch|p1a: Quagsire|Quagsire, F, shiny|100/100
|move|p2a: Registeel|Body Press|p1a: Quagsire
|-damage|p1a: Quagsire|27/100
|
|-weather|Sandstorm|[upkeep]
|-heal|p2a: Registeel|83/100|[from] Grassy Terrain
|-heal|p1a: Quagsire|33/100|[from] Grassy Terrain
|-heal|p1a: Quagsire|39/100|[from] item: Leftovers
|-fieldend|move: Grassy Terrain
|upkeep
|turn|6
|
|t:|1641700122
|move|p2a: Registeel|Body Press|p1a: Quagsire
|-crit|p1a: Quagsire
|-damage|p1a: Quagsire|0 fnt
|faint|p1a: Quagsire
|
|-weather|Sandstorm|[upkeep]
|upkeep
|
|t:|1641700125
|switch|p1a: Ferrothorn|Ferrothorn, F, shiny|100/100
|turn|7
|
|t:|1641700139
|move|p2a: Registeel|Thunder Wave|p1a: Ferrothorn
|-status|p1a: Ferrothorn|par
|cant|p1a: Ferrothorn|par
|
|-weather|Sandstorm|[upkeep]
|upkeep
|turn|8
|
|t:|1641700147
|move|p2a: Registeel|Iron Defense|p2a: Registeel
|-boost|p2a: Registeel|def|2
|move|p1a: Ferrothorn|Body Press|p2a: Registeel
|-supereffective|p2a: Registeel
|-damage|p2a: Registeel|74/100
|
|-weather|none
|upkeep
|turn|9
|-message|Sablouze forfeited.
|
|win|szhnbhhh
|raw|Sablouze's rating: 1232 &rarr; <strong>1204</strong><br />(-28 for losing)
|raw|szhnbhhh's rating: 1189 &rarr; <strong>1217</strong><br />(+28 for winning)
|l|☆Sablouze
