|j|☆Solosist
|j|☆Alvun
|t:|1641772155
|gametype|singles
|player|p1|Solosist|101|1226
|player|p2|Alvun|blue|1237
|teamsize|p1|6
|teamsize|p2|6
|gen|8
|tier|[Gen 8] OU
|rated|
|rule|Sleep Clause Mod: Limit one foe put to sleep
|rule|Species Clause: Limit one of each Pokémon
|rule|OHKO Clause: OHKO moves are banned
|rule|Evasion Moves Clause: Evasion moves are banned
|rule|Endless Battle Clause: Forcing endless battles is banned
|rule|HP Percentage Mod: HP is shown in percentages
|rule|Dynamax Clause: You cannot dynamax
|clearpoke
|poke|p1|Heatran, M|
|poke|p1|Dragapult, M|
|poke|p1|Hippowdon, M|
|poke|p1|Scizor, M|
|poke|p1|Urshifu-*, M|
|poke|p1|Landorus-Therian, M|
|poke|p2|Rillaboom, F|
|poke|p2|Dragapult, F|
|poke|p2|Blastoise, M|
|poke|p2|Galvantula, M|
|poke|p2|Xatu, M|
|poke|p2|Clefable, F|
|teampreview
|
|t:|1641772178
|start
|switch|p1a: Scizor|Scizor, M|100/100
|switch|p2a: Galvantula|Galvantula, M|100/100
|turn|1
|
|t:|1641772183
|move|p2a: Galvantula|Thunder Wave|p1a: Scizor
|-status|p1a: Scizor|par
|move|p1a: Scizor|Dual Wingbeat|p2a: Galvantula
|-damage|p2a: Galvantula|34/100
|-damage|p2a: Galvantula|0 fnt
|faint|p2a: Galvantula
|-hitcount|p2: Galvantula|2
|
|upkeep
|
|t:|1641772194
|switch|p2a: Xatu|Xatu, M|100/100
|turn|2
|
|t:|1641772197
|switch|p1a: Heatran|Heatran, M|100/100
|move|p2a: Xatu|Reflect|p2a: Xatu
|-sidestart|p2: Alvun|Reflect
|
|upkeep
|turn|3
|
|t:|1641772205
|move|p2a: Xatu|Light Screen|p2a: Xatu
|-sidestart|p2: Alvun|move: Light Screen
|move|p1a: Heatran|Lava Plume|p2a: Xatu
|-damage|p2a: Xatu|75/100
|
|upkeep
|turn|4
|
|t:|1641772210
|move|p2a: Xatu|Thunder Wave|p1a: Heatran
|-status|p1a: Heatran|par
|cant|p1a: Heatran|par
|
|upkeep
|turn|5
|
|t:|1641772215
|move|p1a: Heatran|Toxic|p2a: Xatu
|move|p2a: Xatu|Toxic||[from]ability: Magic Bounce|[still]
|-fail|p2a: Xatu
|move|p2a: Xatu|Teleport|p2a: Xatu
|
|t:|1641772220
|switch|p2a: Blastoise|Blastoise, M|100/100|[from]move: Teleport
|
|upkeep
|turn|6
|
|t:|1641772224
|move|p2a: Blastoise|Shell Smash|p2a: Blastoise
|-unboost|p2a: Blastoise|def|1
|-unboost|p2a: Blastoise|spd|1
|-boost|p2a: Blastoise|atk|2
|-boost|p2a: Blastoise|spa|2
|-boost|p2a: Blastoise|spe|2
|-enditem|p2a: Blastoise|White Herb
|-clearnegativeboost|p2a: Blastoise|[silent]
|move|p1a: Heatran|Roar|p2a: Blastoise
|drag|p2a: Clefable|Clefable, F|100/100
|
|-sideend|p2: Alvun|Reflect
|upkeep
|turn|7
|
|t:|1641772242
|switch|p1a: Scizor|Scizor, M|100/100 par
|move|p2a: Clefable|Seismic Toss|p1a: Scizor
|-damage|p1a: Scizor|71/100 par
|
|-sideend|p2: Alvun|move: Light Screen
|upkeep
|turn|8
|
|t:|1641772250
|cant|p1a: Scizor|par
|move|p2a: Clefable|Cosmic Power|p2a: Clefable
|-boost|p2a: Clefable|def|1
|-boost|p2a: Clefable|spd|1
|
|upkeep
|turn|9
|
|t:|1641772255
|move|p1a: Scizor|Bullet Punch|p2a: Clefable
|-supereffective|p2a: Clefable
|-damage|p2a: Clefable|44/100
|move|p2a: Clefable|Cosmic Power|p2a: Clefable
|-boost|p2a: Clefable|def|1
|-boost|p2a: Clefable|spd|1
|
|-heal|p2a: Clefable|50/100|[from] item: Leftovers
|upkeep
|turn|10
|
|t:|1641772266
|move|p1a: Scizor|Bullet Punch|p2a: Clefable
|-supereffective|p2a: Clefable
|-damage|p2a: Clefable|6/100
|move|p2a: Clefable|Soft-Boiled|p2a: Clefable
|-heal|p2a: Clefable|56/100
|
|-heal|p2a: Clefable|62/100|[from] item: Leftovers
|upkeep
|turn|11
|
|t:|1641772273
|switch|p1a: Heatran|Heatran, M|100/100 par
|move|p2a: Clefable|Soft-Boiled|p2a: Clefable
|-heal|p2a: Clefable|100/100
|
|upkeep
|turn|12
|
|t:|1641772281
|move|p2a: Clefable|Seismic Toss|p1a: Heatran
|-damage|p1a: Heatran|75/100 par
|move|p1a: Heatran|Roar|p2a: Clefable
|drag|p2a: Xatu|Xatu, M|75/100
|
|-heal|p1a: Heatran|81/100 par|[from] item: Leftovers
|upkeep
|turn|13
|
|t:|1641772289
|switch|p1a: Dragapult|Dragapult, M|100/100
|move|p2a: Xatu|Reflect|p2a: Xatu
|-sidestart|p2: Alvun|Reflect
|
|upkeep
|turn|14
|
|t:|1641772293
|move|p1a: Dragapult|Shadow Ball|p2a: Xatu
|-supereffective|p2a: Xatu
|-damage|p2a: Xatu|0 fnt
|faint|p2a: Xatu
|-damage|p1a: Dragapult|91/100|[from] item: Life Orb
|
|upkeep
|
|t:|1641772303
|switch|p2a: Dragapult|Dragapult, F|100/100
|turn|15
|
|t:|1641772308
|switch|p1a: Heatran|Heatran, M|81/100 par
|move|p2a: Dragapult|Shadow Ball|p1a: Heatran
|-damage|p1a: Heatran|49/100 par
|
|-heal|p1a: Heatran|56/100 par|[from] item: Leftovers
|upkeep
|turn|16
|
|t:|1641772319
|switch|p2a: Clefable|Clefable, F|100/100
|switch|p1a: Hippowdon|Hippowdon, M|100/100
|-weather|Sandstorm|[from] ability: Sand Stream|[of] p1a: Hippowdon
|
|-weather|Sandstorm|[upkeep]
|upkeep
|turn|17
|
|t:|1641772326
|move|p2a: Clefable|Toxic|p1a: Hippowdon
|-status|p1a: Hippowdon|tox
|move|p1a: Hippowdon|Stealth Rock|p2a: Clefable
|-sidestart|p2: Alvun|move: Stealth Rock
|
|-weather|Sandstorm|[upkeep]
|-damage|p1a: Hippowdon|94/100 tox|[from] psn
|-sideend|p2: Alvun|Reflect
|upkeep
|turn|18
|
|t:|1641772335
|switch|p1a: Urshifu|Urshifu-Rapid-Strike, M|100/100
|move|p2a: Clefable|Cosmic Power|p2a: Clefable
|-boost|p2a: Clefable|def|1
|-boost|p2a: Clefable|spd|1
|
|-weather|Sandstorm|[upkeep]
|-damage|p1a: Urshifu|94/100|[from] Sandstorm
|upkeep
|turn|19
|
|t:|1641772344
|switch|p1a: Heatran|Heatran, M|56/100 par
|move|p2a: Clefable|Toxic||[still]
|-fail|p2a: Clefable
|
|-weather|Sandstorm|[upkeep]
|-heal|p1a: Heatran|62/100 par|[from] item: Leftovers
|upkeep
|turn|20
|
|t:|1641772350
|move|p2a: Clefable|Seismic Toss|p1a: Heatran
|-damage|p1a: Heatran|36/100 par
|cant|p1a: Heatran|par
|
|-weather|none
|-heal|p1a: Heatran|42/100 par|[from] item: Leftovers
|upkeep
|turn|21
|
|t:|1641772357
|move|p2a: Clefable|Seismic Toss|p1a: Heatran
|-damage|p1a: Heatran|16/100 par
|cant|p1a: Heatran|par
|
|-heal|p1a: Heatran|23/100 par|[from] item: Leftovers
|upkeep
|turn|22
|
|t:|1641772363
|move|p2a: Clefable|Seismic Toss|p1a: Heatran
|-damage|p1a: Heatran|0 fnt
|faint|p1a: Heatran
|
|upkeep
|
|t:|1641772365
|switch|p1a: Scizor|Scizor, M|71/100 par
|turn|23
|
|t:|1641772371
|move|p1a: Scizor|Bullet Punch|p2a: Clefable
|-supereffective|p2a: Clefable
|-damage|p2a: Clefable|35/100
|move|p2a: Clefable|Cosmic Power|p2a: Clefable
|-boost|p2a: Clefable|def|1
|-boost|p2a: Clefable|spd|1
|
|-heal|p2a: Clefable|41/100|[from] item: Leftovers
|upkeep
|turn|24
|
|t:|1641772380
|move|p1a: Scizor|Bullet Punch|p2a: Clefable
|-supereffective|p2a: Clefable
|-damage|p2a: Clefable|0 fnt
|faint|p2a: Clefable
|
|upkeep
|
|t:|1641772390
|switch|p2a: Dragapult|Dragapult, F|100/100
|-damage|p2a: Dragapult|88/100|[from] Stealth Rock
|turn|25
|
|t:|1641772395
|move|p1a: Scizor|Bullet Punch|p2a: Dragapult
|-damage|p2a: Dragapult|17/100
|move|p2a: Dragapult|Flamethrower|p1a: Scizor
|-supereffective|p1a: Scizor
|-damage|p1a: Scizor|0 fnt
|faint|p1a: Scizor
|
|upkeep
|
|t:|1641772401
|switch|p1a: Landorus|Landorus-Therian, M|100/100
|-ability|p1a: Landorus|Intimidate|boost
|-unboost|p2a: Dragapult|atk|1
|turn|26
|
|t:|1641772415
|move|p2a: Dragapult|Flamethrower|p1a: Landorus
|-damage|p1a: Landorus|47/100
|move|p1a: Landorus|Knock Off|p2a: Dragapult
|-supereffective|p2a: Dragapult
|-damage|p2a: Dragapult|0 fnt
|-enditem|p2a: Dragapult|Choice Specs|[from] move: Knock Off|[of] p1a: Landorus
|faint|p2a: Dragapult
|-damage|p1a: Landorus|37/100|[from] item: Life Orb
|
|upkeep
|
|t:|1641772426
|switch|p2a: Blastoise|Blastoise, M|100/100
|-damage|p2a: Blastoise|88/100|[from] Stealth Rock
|turn|27
|
|t:|1641772435
|move|p1a: Landorus|U-turn|p2a: Blastoise
|-damage|p2a: Blastoise|48/100
|-damage|p1a: Landorus|27/100|[from] item: Life Orb
|
|t:|1641772441
|switch|p1a: Hippowdon|Hippowdon, M|94/100 tox|[from]move: U-turn
|-weather|Sandstorm|[from] ability: Sand Stream|[of] p1a: Hippowdon
|move|p2a: Blastoise|Surf|p1a: Hippowdon
|-supereffective|p1a: Hippowdon
|-damage|p1a: Hippowdon|17/100 tox
|
|-weather|Sandstorm|[upkeep]
|-damage|p2a: Blastoise|42/100|[from] Sandstorm
|-heal|p1a: Hippowdon|23/100 tox|[from] item: Leftovers
|-damage|p1a: Hippowdon|17/100 tox|[from] psn
|upkeep
|turn|28
|
|t:|1641772454
|move|p2a: Blastoise|Surf|p1a: Hippowdon
|-supereffective|p1a: Hippowdon
|-damage|p1a: Hippowdon|0 fnt
|faint|p1a: Hippowdon
|
|-weather|Sandstorm|[upkeep]
|-damage|p2a: Blastoise|36/100|[from] Sandstorm
|upkeep
|
|t:|1641772462
|switch|p1a: Dragapult|Dragapult, M|91/100
|turn|29
|
|t:|1641772464
|move|p1a: Dragapult|Dragon Darts|p2a: Blastoise
|-damage|p2a: Blastoise|5/100
|-anim|p1a: Dragapult|Dragon Darts|p2a: Blastoise
|-damage|p2a: Blastoise|0 fnt
|faint|p2a: Blastoise
|-damage|p1a: Dragapult|81/100|[from] item: Life Orb
|
|-weather|Sandstorm|[upkeep]
|-damage|p1a: Dragapult|75/100|[from] Sandstorm
|upkeep
|
|t:|1641772473
|switch|p2a: Rillaboom|Rillaboom, F|100/100
|-damage|p2a: Rillaboom|88/100|[from] Stealth Rock
|-fieldstart|move: Grassy Terrain|[from] ability: Grassy Surge|[of] p2a: Rillaboom
|turn|30
|
|t:|1641772481
|move|p1a: Dragapult|Flamethrower|p2a: Rillaboom
|-supereffective|p2a: Rillaboom
|-damage|p2a: Rillaboom|2/100
|-damage|p1a: Dragapult|65/100|[from] item: Life Orb
|move|p2a: Rillaboom|Swords Dance|p2a: Rillaboom
|-boost|p2a: Rillaboom|atk|2
|
|-weather|Sandstorm|[upkeep]
|-damage|p1a: Dragapult|59/100|[from] Sandstorm
|-damage|p2a: Rillaboom|0 fnt|[from] Sandstorm
|faint|p2a: Rillaboom
|
|win|Solosist
|upkeep
|raw|Solosist's rating: 1226 &rarr; <strong>1252</strong><br />(+26 for winning)
|raw|Alvun's rating: 1237 &rarr; <strong>1211</strong><br />(-26 for losing)
|l|☆Alvun
