|j|☆Flinchwave
|j|☆DumbLick1337
|t:|1641845091
|gametype|singles
|player|p1|Flinchwave|silver|1302
|player|p2|DumbLick1337|102|1364
|teamsize|p1|6
|teamsize|p2|6
|gen|8
|tier|[Gen 8] OU
|rated|
|rule|Sleep Clause Mod: Limit one foe put to sleep
|rule|Species Clause: Limit one of each Pokémon
|rule|OHKO Clause: OHKO moves are banned
|rule|Evasion Moves Clause: Evasion moves are banned
|rule|Endless Battle Clause: Forcing endless battles is banned
|rule|HP Percentage Mod: HP is shown in percentages
|rule|Dynamax Clause: You cannot dynamax
|clearpoke
|poke|p1|Dragapult, M|
|poke|p1|Corviknight, M|
|poke|p1|Bisharp, F|
|poke|p1|Clefable, F|
|poke|p1|Mew|
|poke|p1|Mamoswine, F|
|poke|p2|Rotom-Heat|
|poke|p2|Corviknight, F|
|poke|p2|Clefable, F|
|poke|p2|Seismitoad, M|
|poke|p2|Hydreigon, M|
|poke|p2|Gyarados, M|
|teampreview
|
|t:|1641845095
|start
|switch|p1a: Mamoswine|Mamoswine, F|100/100
|switch|p2a: Seismitoad|Seismitoad, M|100/100
|turn|1
|c|☆DumbLick1337|hf
|inactive|Battle timer is ON: inactive players will automatically lose when time's up. (requested by DumbLick1337)
|
|t:|1641845102
|move|p1a: Mamoswine|Stealth Rock|p2a: Seismitoad
|-sidestart|p2: DumbLick1337|move: Stealth Rock
|move|p2a: Seismitoad|Scald|p1a: Mamoswine
|-supereffective|p1a: Mamoswine
|-damage|p1a: Mamoswine|32/100
|
|upkeep
|turn|2
|
|t:|1641845115
|move|p1a: Mamoswine|Icicle Crash|p2a: Seismitoad
|-damage|p2a: Seismitoad|66/100
|move|p2a: Seismitoad|Scald|p1a: Mamoswine
|-supereffective|p1a: Mamoswine
|-damage|p1a: Mamoswine|0 fnt
|faint|p1a: Mamoswine
|
|-heal|p2a: Seismitoad|72/100|[from] item: Leftovers
|upkeep
|
|t:|1641845121
|switch|p1a: Bisharp|Bisharp, F|100/100
|turn|3
|
|t:|1641845123
|move|p1a: Bisharp|Swords Dance|p1a: Bisharp
|-boost|p1a: Bisharp|atk|2
|move|p2a: Seismitoad|Scald|p1a: Bisharp
|-damage|p1a: Bisharp|64/100
|
|-heal|p2a: Seismitoad|78/100|[from] item: Leftovers
|upkeep
|turn|4
|
|t:|1641845131
|move|p1a: Bisharp|Knock Off|p2a: Seismitoad
|-damage|p2a: Seismitoad|0 fnt
|-enditem|p2a: Seismitoad|Leftovers|[from] move: Knock Off|[of] p1a: Bisharp
|faint|p2a: Seismitoad
|-damage|p1a: Bisharp|54/100|[from] item: Life Orb
|
|upkeep
|
|t:|1641845131
|switch|p2a: Hydreigon|Hydreigon, M|100/100
|-damage|p2a: Hydreigon|88/100|[from] Stealth Rock
|turn|5
|
|t:|1641845144
|switch|p1a: Clefable|Clefable, F|100/100
|move|p2a: Hydreigon|Draco Meteor|p1a: Clefable
|-immune|p1a: Clefable
|
|upkeep
|turn|6
|
|t:|1641845150
|switch|p2a: Clefable|Clefable, F|100/100
|move|p1a: Clefable|Moonblast|p2a: Clefable
|-damage|p2a: Clefable|69/100
|-unboost|p2a: Clefable|spa|1
|
|-heal|p2a: Clefable|75/100|[from] item: Leftovers
|upkeep
|turn|7
|
|t:|1641845154
|move|p2a: Clefable|Calm Mind|p2a: Clefable
|-boost|p2a: Clefable|spa|1
|-boost|p2a: Clefable|spd|1
|move|p1a: Clefable|Wish|p1a: Clefable
|
|-heal|p2a: Clefable|81/100|[from] item: Leftovers
|upkeep
|turn|8
|
|t:|1641845156
|move|p2a: Clefable|Moonblast|p1a: Clefable
|-damage|p1a: Clefable|80/100
|move|p1a: Clefable|Teleport|p1a: Clefable
|
|t:|1641845159
|switch|p1a: Bisharp|Bisharp, F|54/100|[from]move: Teleport
|
|-heal|p1a: Bisharp|100/100|[from] move: Wish|[wisher] Clefable
|-heal|p2a: Clefable|88/100|[from] item: Leftovers
|upkeep
|turn|9
|
|t:|1641845163
|switch|p2a: Hydreigon|Hydreigon, M|88/100
|-damage|p2a: Hydreigon|76/100|[from] Stealth Rock
|move|p1a: Bisharp|Iron Head|p2a: Hydreigon
|-damage|p2a: Hydreigon|8/100
|-damage|p1a: Bisharp|91/100|[from] item: Life Orb
|
|upkeep
|turn|10
|
|t:|1641845166
|move|p1a: Bisharp|Sucker Punch|p2a: Hydreigon
|-resisted|p2a: Hydreigon
|-damage|p2a: Hydreigon|0 fnt
|faint|p2a: Hydreigon
|-damage|p1a: Bisharp|81/100|[from] item: Life Orb
|
|upkeep
|
|t:|1641845166
|switch|p2a: rotomheat|Rotom-Heat|100/100
|turn|11
|
|t:|1641845178
|switch|p1a: Clefable|Clefable, F|80/100
|move|p2a: rotomheat|Overheat|p1a: Clefable
|-damage|p1a: Clefable|38/100
|-unboost|p2a: rotomheat|spa|2
|
|-heal|p1a: Clefable|44/100|[from] item: Leftovers
|upkeep
|turn|12
|
|t:|1641845184
|switch|p2a: Corviknight|Corviknight, F|100/100
|-damage|p2a: Corviknight|88/100|[from] Stealth Rock
|-ability|p2a: Corviknight|Pressure
|move|p1a: Clefable|Wish|p1a: Clefable
|
|-heal|p2a: Corviknight|94/100|[from] item: Leftovers
|-heal|p1a: Clefable|50/100|[from] item: Leftovers
|upkeep
|turn|13
|
|t:|1641845186
|move|p1a: Clefable|Protect|p1a: Clefable
|-singleturn|p1a: Clefable|Protect
|move|p2a: Corviknight|Brave Bird|p1a: Clefable
|-activate|p1a: Clefable|move: Protect
|
|-heal|p1a: Clefable|99/100|[from] move: Wish|[wisher] Clefable
|-heal|p2a: Corviknight|100/100|[from] item: Leftovers
|-heal|p1a: Clefable|100/100|[from] item: Leftovers
|upkeep
|turn|14
|
|t:|1641845193
|switch|p1a: Corviknight|Corviknight, M|100/100
|-ability|p1a: Corviknight|Pressure
|move|p2a: Corviknight|Brave Bird|p1a: Corviknight
|-resisted|p1a: Corviknight
|-damage|p1a: Corviknight|90/100
|-damage|p2a: Corviknight|97/100|[from] Recoil
|
|-heal|p1a: Corviknight|96/100|[from] item: Leftovers
|-heal|p2a: Corviknight|100/100|[from] item: Leftovers
|upkeep
|turn|15
|
|t:|1641845200
|move|p1a: Corviknight|U-turn|p2a: Corviknight
|-resisted|p2a: Corviknight
|-damage|p2a: Corviknight|98/100
|
|t:|1641845206
|switch|p1a: Clefable|Clefable, F|100/100|[from]move: U-turn
|move|p2a: Corviknight|Brave Bird|p1a: Clefable
|-damage|p1a: Clefable|59/100
|-damage|p2a: Corviknight|85/100|[from] Recoil
|
|-heal|p2a: Corviknight|91/100|[from] item: Leftovers
|-heal|p1a: Clefable|65/100|[from] item: Leftovers
|upkeep
|turn|16
|
|t:|1641845210
|move|p2a: Corviknight|Brave Bird|p1a: Clefable
|-damage|p1a: Clefable|20/100
|-damage|p2a: Corviknight|76/100|[from] Recoil
|move|p1a: Clefable|Wish|p1a: Clefable
|
|-heal|p2a: Corviknight|83/100|[from] item: Leftovers
|-heal|p1a: Clefable|26/100|[from] item: Leftovers
|upkeep
|turn|17
|
|t:|1641845214
|move|p1a: Clefable|Protect|p1a: Clefable
|-singleturn|p1a: Clefable|Protect
|move|p2a: Corviknight|Roost|p2a: Corviknight
|-heal|p2a: Corviknight|100/100
|-singleturn|p2a: Corviknight|move: Roost
|
|-heal|p1a: Clefable|76/100|[from] move: Wish|[wisher] Clefable
|-heal|p1a: Clefable|82/100|[from] item: Leftovers
|upkeep
|turn|18
|
|t:|1641845220
|switch|p1a: Corviknight|Corviknight, M|96/100
|-ability|p1a: Corviknight|Pressure
|move|p2a: Corviknight|Brave Bird|p1a: Corviknight
|-resisted|p1a: Corviknight
|-damage|p1a: Corviknight|85/100
|-damage|p2a: Corviknight|97/100|[from] Recoil
|
|-heal|p1a: Corviknight|91/100|[from] item: Leftovers
|-heal|p2a: Corviknight|100/100|[from] item: Leftovers
|upkeep
|turn|19
|
|t:|1641845225
|move|p1a: Corviknight|U-turn|p2a: Corviknight
|-resisted|p2a: Corviknight
|-damage|p2a: Corviknight|98/100
|
|t:|1641845228
|switch|p1a: Mew|Mew|100/100|[from]move: U-turn
|move|p2a: Corviknight|Brave Bird|p1a: Mew
|-damage|p1a: Mew|67/100
|-damage|p2a: Corviknight|89/100|[from] Recoil
|
|-heal|p2a: Corviknight|95/100|[from] item: Leftovers
|upkeep
|turn|20
|
|t:|1641845230
|move|p1a: Mew|Flamethrower|p2a: Corviknight
|-supereffective|p2a: Corviknight
|-damage|p2a: Corviknight|43/100
|move|p2a: Corviknight|Brave Bird|p1a: Mew
|-damage|p1a: Mew|30/100
|-damage|p2a: Corviknight|33/100|[from] Recoil
|
|-heal|p2a: Corviknight|39/100|[from] item: Leftovers
|upkeep
|turn|21
|
|t:|1641845237
|move|p1a: Mew|Volt Switch|p2a: Corviknight
|-supereffective|p2a: Corviknight
|-damage|p2a: Corviknight|0 fnt
|faint|p2a: Corviknight
|
|t:|1641845244
|switch|p1a: Dragapult|Dragapult, M|100/100|[from]move: Volt Switch
|
|upkeep
|
|t:|1641845244
|switch|p2a: Clefable|Clefable, F|88/100
|turn|22
|
|t:|1641845262
|switch|p1a: Corviknight|Corviknight, M|91/100
|-ability|p1a: Corviknight|Pressure
|move|p2a: Clefable|Calm Mind|p2a: Clefable
|-boost|p2a: Clefable|spa|1
|-boost|p2a: Clefable|spd|1
|
|-heal|p2a: Clefable|94/100|[from] item: Leftovers
|-heal|p1a: Corviknight|98/100|[from] item: Leftovers
|upkeep
|turn|23
|
|t:|1641845269
|move|p2a: Clefable|Calm Mind|p2a: Clefable
|-boost|p2a: Clefable|spa|1
|-boost|p2a: Clefable|spd|1
|move|p1a: Corviknight|U-turn|p2a: Clefable
|-resisted|p2a: Clefable
|-damage|p2a: Clefable|88/100
|
|t:|1641845271
|switch|p1a: Bisharp|Bisharp, F|81/100|[from]move: U-turn
|
|-heal|p2a: Clefable|94/100|[from] item: Leftovers
|upkeep
|turn|24
|
|t:|1641845273
|move|p1a: Bisharp|Iron Head|p2a: Clefable
|-supereffective|p2a: Clefable
|-damage|p2a: Clefable|0 fnt
|faint|p2a: Clefable
|-damage|p1a: Bisharp|71/100|[from] item: Life Orb
|
|upkeep
|
|t:|1641845273
|switch|p2a: rotomheat|Rotom-Heat|100/100
|turn|25
|j| haywirehax
|
|t:|1641845291
|switch|p1a: Clefable|Clefable, F|82/100
|move|p2a: rotomheat|Thunderbolt|p1a: Clefable
|-damage|p1a: Clefable|53/100
|
|-heal|p1a: Clefable|59/100|[from] item: Leftovers
|upkeep
|turn|26
|
|t:|1641845294
|move|p2a: rotomheat|Thunderbolt|p1a: Clefable
|-damage|p1a: Clefable|33/100
|move|p1a: Clefable|Wish|p1a: Clefable
|
|-heal|p1a: Clefable|39/100|[from] item: Leftovers
|upkeep
|turn|27
|
|t:|1641845297
|move|p1a: Clefable|Protect|p1a: Clefable
|-singleturn|p1a: Clefable|Protect
|move|p2a: rotomheat|Thunderbolt|p1a: Clefable
|-activate|p1a: Clefable|move: Protect
|
|-heal|p1a: Clefable|89/100|[from] move: Wish|[wisher] Clefable
|-heal|p1a: Clefable|95/100|[from] item: Leftovers
|upkeep
|turn|28
|
|t:|1641845301
|move|p2a: rotomheat|Thunderbolt|p1a: Clefable
|-damage|p1a: Clefable|70/100
|move|p1a: Clefable|Wish|p1a: Clefable
|
|-heal|p1a: Clefable|76/100|[from] item: Leftovers
|upkeep
|turn|29
|
|t:|1641845305
|move|p2a: rotomheat|Thunderbolt|p1a: Clefable
|-damage|p1a: Clefable|48/100
|move|p1a: Clefable|Teleport|p1a: Clefable
|
|t:|1641845308
|switch|p1a: Mew|Mew|30/100|[from]move: Teleport
|
|-heal|p1a: Mew|87/100|[from] move: Wish|[wisher] Clefable
|upkeep
|turn|30
|
|t:|1641845313
|move|p1a: Mew|Psychic|p2a: rotomheat
|-damage|p2a: rotomheat|40/100
|move|p2a: rotomheat|Thunderbolt|p1a: Mew
|-damage|p1a: Mew|45/100
|
|upkeep
|turn|31
|
|t:|1641845318
|move|p1a: Mew|Psychic|p2a: rotomheat
|-damage|p2a: rotomheat|0 fnt
|faint|p2a: rotomheat
|
|upkeep
|
|t:|1641845318
|switch|p2a: Gyarados|Gyarados, M|100/100
|-damage|p2a: Gyarados|76/100|[from] Stealth Rock
|turn|32
|
|t:|1641845325
|move|p1a: Mew|Volt Switch|p2a: Gyarados
|-supereffective|p2a: Gyarados
|-damage|p2a: Gyarados|0 fnt
|faint|p2a: Gyarados
|
|win|Flinchwave
|raw|Flinchwave's rating: 1302 &rarr; <strong>1326</strong><br />(+24 for winning)
|raw|DumbLick1337's rating: 1364 &rarr; <strong>1340</strong><br />(-24 for losing)
|c|☆DumbLick1337|gg
