|j|☆greystaple
|j|☆randomperson213
|t:|1641847175
|gametype|singles
|player|p1|greystaple|hilbert-wonderlauncher|1636
|player|p2|randomperson213|169|1652
|teamsize|p1|6
|teamsize|p2|6
|gen|8
|tier|[Gen 8] OU
|rated|
|rule|Sleep Clause Mod: Limit one foe put to sleep
|rule|Species Clause: Limit one of each Pokémon
|rule|OHKO Clause: OHKO moves are banned
|rule|Evasion Moves Clause: Evasion moves are banned
|rule|Endless Battle Clause: Forcing endless battles is banned
|rule|HP Percentage Mod: HP is shown in percentages
|rule|Dynamax Clause: You cannot dynamax
|clearpoke
|poke|p1|Garchomp, M|
|poke|p1|Melmetal|
|poke|p1|Tapu Lele|
|poke|p1|Tornadus-Therian, M|
|poke|p1|Ferrothorn, M|
|poke|p1|Rotom-Wash|
|poke|p2|Pelipper, M|
|poke|p2|Ferrothorn, M|
|poke|p2|Barraskewda, M|
|poke|p2|Swampert, F|
|poke|p2|Zapdos|
|poke|p2|Urshifu-*, M|
|teampreview
|
|t:|1641847188
|start
|switch|p1a: Tapu Lele|Tapu Lele|100/100
|switch|p2a: Swampert|Swampert, F|100/100
|-fieldstart|move: Psychic Terrain|[from] ability: Psychic Surge|[of] p1a: Tapu Lele
|turn|1
|
|t:|1641847195
|switch|p1a: Ferrothorn|Ferrothorn, M|100/100
|move|p2a: Swampert|Flip Turn|p1a: Ferrothorn
|-resisted|p1a: Ferrothorn
|-damage|p1a: Ferrothorn|94/100
|-damage|p2a: Swampert|88/100|[from] ability: Iron Barbs|[of] p1a: Ferrothorn
|
|t:|1641847209
|switch|p2a: Urshifu|Urshifu-Rapid-Strike, M|100/100|[from]move: Flip Turn
|
|upkeep
|turn|2
|
|t:|1641847214
|move|p2a: Urshifu|Close Combat|p1a: Ferrothorn
|-supereffective|p1a: Ferrothorn
|-enditem|p1a: Ferrothorn|Chople Berry|[eat]
|-enditem|p1a: Ferrothorn|Chople Berry|[weaken]
|-damage|p1a: Ferrothorn|38/100
|-unboost|p2a: Urshifu|def|1
|-unboost|p2a: Urshifu|spd|1
|-damage|p2a: Urshifu|88/100|[from] ability: Iron Barbs|[of] p1a: Ferrothorn
|move|p1a: Ferrothorn|Power Whip|p2a: Urshifu
|-supereffective|p2a: Urshifu
|-damage|p2a: Urshifu|0 fnt
|faint|p2a: Urshifu
|
|upkeep
|
|t:|1641847227
|switch|p2a: HowDoIKillToxaBro|Barraskewda, M, shiny|100/100
|turn|3
|
|t:|1641847235
|switch|p1a: Tornadus|Tornadus-Therian, M|100/100
|move|p2a: HowDoIKillToxaBro|Flip Turn|p1a: Tornadus
|-damage|p1a: Tornadus|47/100
|
|t:|1641847241
|switch|p2a: IBringHope|Zapdos|100/100|[from]move: Flip Turn
|
|upkeep
|turn|4
|
|t:|1641847253
|switch|p1a: Garchomp|Garchomp, M|100/100
|move|p2a: IBringHope|Volt Switch|p1a: Garchomp
|-immune|p1a: Garchomp
|
|upkeep
|turn|5
|
|t:|1641847265
|switch|p2a: IDieByArson|Ferrothorn, M|100/100
|move|p1a: Garchomp|Swords Dance|p1a: Garchomp
|-boost|p1a: Garchomp|atk|2
|
|-fieldend|move: Psychic Terrain
|upkeep
|turn|6
|
|t:|1641847271
|move|p1a: Garchomp|Fire Fang|p2a: IDieByArson
|-supereffective|p2a: IDieByArson
|-damage|p2a: IDieByArson|0 fnt
|-damage|p1a: Garchomp|88/100|[from] ability: Iron Barbs|[of] p2a: IDieByArson
|faint|p2a: IDieByArson
|
|-heal|p1a: Garchomp|94/100|[from] item: Leftovers
|upkeep
|-message|randomperson213 forfeited.
|
|win|greystaple
|raw|greystaple's rating: 1636 &rarr; <strong>1657</strong><br />(+21 for winning)
|raw|randomperson213's rating: 1652 &rarr; <strong>1631</strong><br />(-21 for losing)
|l|☆randomperson213
|c|☆greystaple|gg
