|j|☆Dior Dior Jacket
|j|☆IC1
|t:|1641765782
|gametype|singles
|player|p1|Dior Dior Jacket|ingo|1183
|player|p2|IC1|265|1118
|teamsize|p1|6
|teamsize|p2|6
|gen|8
|tier|[Gen 8] OU
|rated|
|rule|Sleep Clause Mod: Limit one foe put to sleep
|rule|Species Clause: Limit one of each Pokémon
|rule|OHKO Clause: OHKO moves are banned
|rule|Evasion Moves Clause: Evasion moves are banned
|rule|Endless Battle Clause: Forcing endless battles is banned
|rule|HP Percentage Mod: HP is shown in percentages
|rule|Dynamax Clause: You cannot dynamax
|clearpoke
|poke|p1|Scizor, F|
|poke|p1|Barraskewda, F|
|poke|p1|Pelipper, M|
|poke|p1|Blissey, F|
|poke|p1|Blacephalon|
|poke|p1|Zeraora|
|poke|p2|Landorus-Therian, M|
|poke|p2|Slowbro, M|
|poke|p2|Urshifu-*, M|
|poke|p2|Dragapult, F|
|poke|p2|Corviknight, M|
|poke|p2|Heatran, F|
|teampreview
|
|t:|1641765806
|start
|switch|p1a: Blacephalon|Blacephalon|100/100
|switch|p2a: Landorus|Landorus-Therian, M|100/100
|-ability|p2a: Landorus|Intimidate|boost
|-unboost|p1a: Blacephalon|atk|1
|turn|1
|
|t:|1641765837
|move|p1a: Blacephalon|Shadow Ball|p2a: Landorus
|-damage|p2a: Landorus|67/100
|move|p2a: Landorus|Earthquake|p1a: Blacephalon
|-supereffective|p1a: Blacephalon
|-damage|p1a: Blacephalon|0 fnt
|faint|p1a: Blacephalon
|
|-heal|p2a: Landorus|73/100|[from] item: Leftovers
|upkeep
|
|t:|1641765842
|switch|p1a: Barraskewda|Barraskewda, F|100/100
|turn|2
|
|t:|1641765890
|switch|p1a: Scizor|Scizor, F|100/100
|move|p2a: Landorus|Earthquake|p1a: Scizor
|-damage|p1a: Scizor|64/100
|
|-heal|p2a: Landorus|80/100|[from] item: Leftovers
|-heal|p1a: Scizor|71/100|[from] item: Leftovers
|upkeep
|turn|3
|
|t:|1641765923
|switch|p2a: Heatran|Heatran, F|100/100
|switch|p1a: Pelipper|Pelipper, M|100/100
|-weather|RainDance|[from] ability: Drizzle|[of] p1a: Pelipper
|
|-weather|RainDance|[upkeep]
|upkeep
|turn|4
|
|t:|1641765932
|move|p2a: Heatran|Toxic|p1a: Pelipper
|-status|p1a: Pelipper|tox
|move|p1a: Pelipper|Hurricane|p2a: Heatran
|-resisted|p2a: Heatran
|-damage|p2a: Heatran|89/100
|
|-weather|RainDance|[upkeep]
|-heal|p2a: Heatran|95/100|[from] item: Leftovers
|-damage|p1a: Pelipper|94/100 tox|[from] psn
|upkeep
|turn|5
|
|t:|1641765953
|move|p2a: Heatran|Taunt|p1a: Pelipper
|-start|p1a: Pelipper|move: Taunt
|move|p1a: Pelipper|Scald|p2a: Heatran
|-supereffective|p2a: Heatran
|-damage|p2a: Heatran|48/100
|
|-weather|RainDance|[upkeep]
|-heal|p2a: Heatran|54/100|[from] item: Leftovers
|-damage|p1a: Pelipper|82/100 tox|[from] psn
|upkeep
|turn|6
|
|t:|1641765979
|move|p2a: Heatran|Magma Storm|p1a: Pelipper
|-resisted|p1a: Pelipper
|-damage|p1a: Pelipper|67/100 tox
|-activate|p1a: Pelipper|move: Magma Storm|[of] p2a: Heatran
|move|p1a: Pelipper|Scald|p2a: Heatran
|-supereffective|p2a: Heatran
|-damage|p2a: Heatran|0 fnt
|faint|p2a: Heatran
|
|-weather|RainDance|[upkeep]
|-damage|p1a: Pelipper|49/100 tox|[from] psn
|-end|p1a: Pelipper|Magma Storm|[partiallytrapped]|[silent]
|upkeep
|
|t:|1641765986
|switch|p2a: Dragapult|Dragapult, F|100/100
|turn|7
|
|t:|1641765991
|move|p2a: Dragapult|Shadow Ball|p1a: Pelipper
|-damage|p1a: Pelipper|0 fnt
|faint|p1a: Pelipper
|
|-weather|none
|upkeep
|
|t:|1641765997
|switch|p1a: Blissey|Blissey, F|100/100
|turn|8
|
|t:|1641766008
|switch|p2a: Corviknight|Corviknight, M|100/100
|-ability|p2a: Corviknight|Pressure
|move|p1a: Blissey|Toxic|p2a: Corviknight
|-immune|p2a: Corviknight
|
|upkeep
|turn|9
|
|t:|1641766025
|switch|p1a: Zeraora|Zeraora|100/100
|move|p2a: Corviknight|Brave Bird|p1a: Zeraora
|-resisted|p1a: Zeraora
|-damage|p1a: Zeraora|76/100
|-damage|p2a: Corviknight|94/100|[from] Recoil
|
|upkeep
|turn|10
|
|t:|1641766037
|switch|p2a: Landorus|Landorus-Therian, M|80/100
|-ability|p2a: Landorus|Intimidate|boost
|-unboost|p1a: Zeraora|atk|1
|move|p1a: Zeraora|Knock Off|p2a: Landorus
|-damage|p2a: Landorus|58/100
|-enditem|p2a: Landorus|Leftovers|[from] move: Knock Off|[of] p1a: Zeraora
|
|upkeep
|turn|11
|
|t:|1641766067
|switch|p1a: Barraskewda|Barraskewda, F|100/100
|move|p2a: Landorus|Earthquake|p1a: Barraskewda
|-damage|p1a: Barraskewda|13/100
|
|upkeep
|turn|12
|
|t:|1641766083
|move|p1a: Barraskewda|Liquidation|p2a: Landorus
|-supereffective|p2a: Landorus
|-damage|p2a: Landorus|0 fnt
|faint|p2a: Landorus
|
|upkeep
|
|t:|1641766094
|switch|p2a: Slowbro|Slowbro, M|100/100
|turn|13
|
|t:|1641766100
|move|p1a: Barraskewda|Crunch|p2a: Slowbro
|-supereffective|p2a: Slowbro
|-enditem|p2a: Slowbro|Colbur Berry|[eat]
|-enditem|p2a: Slowbro|Colbur Berry|[weaken]
|-damage|p2a: Slowbro|82/100
|-unboost|p2a: Slowbro|def|1
|move|p2a: Slowbro|Future Sight|p1a: Barraskewda
|-start|p2a: Slowbro|move: Future Sight
|
|upkeep
|turn|14
|inactive|Battle timer is ON: inactive players will automatically lose when time's up. (requested by Dior Dior Jacket)
|
|t:|1641766123
|move|p1a: Barraskewda|Crunch|p2a: Slowbro
|-supereffective|p2a: Slowbro
|-damage|p2a: Slowbro|29/100
|-unboost|p2a: Slowbro|def|1
|move|p2a: Slowbro|Body Press|p1a: Barraskewda
|-damage|p1a: Barraskewda|0 fnt
|faint|p1a: Barraskewda
|
|upkeep
|
|t:|1641766138
|switch|p1a: Zeraora|Zeraora|76/100
|turn|15
|
|t:|1641766158
|move|p1a: Zeraora|Plasma Fists|p2a: Slowbro
|-supereffective|p2a: Slowbro
|-damage|p2a: Slowbro|0 fnt
|-fieldactivate|move: Ion Deluge
|-hint|Normal-type moves become Electric-type after using Plasma Fists.
|faint|p2a: Slowbro
|
|-end|p1a: Zeraora|move: Future Sight
|-damage|p1a: Zeraora|18/100
|upkeep
|
|t:|1641766169
|switch|p2a: Urshifu|Urshifu-Rapid-Strike, M|100/100
|turn|16
|
|t:|1641766176
|switch|p1a: Scizor|Scizor, F|71/100
|move|p2a: Urshifu|Aqua Jet|p1a: Scizor
|-damage|p1a: Scizor|48/100
|
|-heal|p1a: Scizor|54/100|[from] item: Leftovers
|upkeep
|turn|17
|
|t:|1641766184
|switch|p2a: Dragapult|Dragapult, F|100/100
|move|p1a: Scizor|Swords Dance|p1a: Scizor
|-boost|p1a: Scizor|atk|2
|
|-heal|p1a: Scizor|60/100|[from] item: Leftovers
|upkeep
|turn|18
|
|t:|1641766207
|move|p1a: Scizor|Bullet Punch|p2a: Dragapult
|-damage|p2a: Dragapult|30/100
|move|p2a: Dragapult|Flamethrower|p1a: Scizor
|-supereffective|p1a: Scizor
|-damage|p1a: Scizor|0 fnt
|faint|p1a: Scizor
|
|upkeep
|
|t:|1641766214
|switch|p1a: Zeraora|Zeraora|18/100
|turn|19
|inactive|IC1 has 120 seconds left.
|c|☆Dior Dior Jacket|Go
|
|t:|1641766251
|switch|p1a: Blissey|Blissey, F|100/100
|move|p2a: Dragapult|Flamethrower|p1a: Blissey
|-damage|p1a: Blissey|89/100
|
|-heal|p1a: Blissey|95/100|[from] item: Leftovers
|upkeep
|turn|20
|
|t:|1641766262
|switch|p2a: Urshifu|Urshifu-Rapid-Strike, M|100/100
|move|p1a: Blissey|Toxic|p2a: Urshifu
|-status|p2a: Urshifu|tox
|
|-heal|p1a: Blissey|100/100|[from] item: Leftovers
|-damage|p2a: Urshifu|94/100 tox|[from] psn
|upkeep
|turn|21
|inactive|IC1 has 120 seconds left.
|
|t:|1641766282
|move|p2a: Urshifu|Close Combat|p1a: Blissey
|-supereffective|p1a: Blissey
|-damage|p1a: Blissey|0 fnt
|-unboost|p2a: Urshifu|def|1
|-unboost|p2a: Urshifu|spd|1
|faint|p1a: Blissey
|
|-damage|p2a: Urshifu|82/100 tox|[from] psn
|upkeep
|
|t:|1641766285
|switch|p1a: Zeraora|Zeraora|18/100
|turn|22
|
|t:|1641766289
|move|p1a: Zeraora|Plasma Fists|p2a: Urshifu
|-supereffective|p2a: Urshifu
|-damage|p2a: Urshifu|0 fnt
|-fieldactivate|move: Ion Deluge
|-hint|Normal-type moves become Electric-type after using Plasma Fists.
|faint|p2a: Urshifu
|
|upkeep
|
|t:|1641766292
|switch|p2a: Dragapult|Dragapult, F|30/100
|turn|23
|
|t:|1641766296
|move|p1a: Zeraora|Knock Off|p2a: Dragapult
|-supereffective|p2a: Dragapult
|-damage|p2a: Dragapult|0 fnt
|-enditem|p2a: Dragapult|Choice Specs|[from] move: Knock Off|[of] p1a: Zeraora
|faint|p2a: Dragapult
|
|upkeep
|
|t:|1641766300
|switch|p2a: Corviknight|Corviknight, M|94/100
|-ability|p2a: Corviknight|Pressure
|turn|24
|
|t:|1641766305
|move|p1a: Zeraora|Plasma Fists|p2a: Corviknight
|-supereffective|p2a: Corviknight
|-damage|p2a: Corviknight|22/100
|-fieldactivate|move: Ion Deluge
|-hint|Normal-type moves become Electric-type after using Plasma Fists.
|-damage|p1a: Zeraora|2/100|[from] item: Rocky Helmet|[of] p2a: Corviknight
|move|p2a: Corviknight|Roost|p2a: Corviknight
|-heal|p2a: Corviknight|72/100
|-singleturn|p2a: Corviknight|move: Roost
|
|upkeep
|turn|25
|
|t:|1641766309
|move|p1a: Zeraora|Plasma Fists|p2a: Corviknight
|-supereffective|p2a: Corviknight
|-damage|p2a: Corviknight|0 fnt
|-fieldactivate|move: Ion Deluge
|-hint|Normal-type moves become Electric-type after using Plasma Fists.
|-damage|p1a: Zeraora|0 fnt|[from] item: Rocky Helmet|[of] p2a: Corviknight
|faint|p2a: Corviknight
|faint|p1a: Zeraora
|
|win|Dior Dior Jacket
|raw|Dior Dior Jacket's rating: 1183 &rarr; <strong>1203</strong><br />(+20 for winning)
|raw|IC1's rating: 1118 &rarr; <strong>1098</strong><br />(-20 for losing)
|c|☆IC1|gg
|c|☆IC1|dmn
|l|☆Dior Dior Jacket
