|j|☆ygo is testing
|j|☆misplayin
|t:|1641746855
|gametype|singles
|player|p1|ygo is testing|170|1597
|player|p2|misplayin|bugsy|1664
|teamsize|p1|6
|teamsize|p2|6
|gen|8
|tier|[Gen 8] OU
|rated|
|rule|Sleep Clause Mod: Limit one foe put to sleep
|rule|Species Clause: Limit one of each Pokémon
|rule|OHKO Clause: OHKO moves are banned
|rule|Evasion Moves Clause: Evasion moves are banned
|rule|Endless Battle Clause: Forcing endless battles is banned
|rule|HP Percentage Mod: HP is shown in percentages
|rule|Dynamax Clause: You cannot dynamax
|clearpoke
|poke|p1|Barraskewda, F|
|poke|p1|Volcanion|
|poke|p1|Pelipper, F|
|poke|p1|Ferrothorn, M|
|poke|p1|Garchomp, F|
|poke|p1|Zapdos|
|poke|p2|Ninetales-Alola, F|
|poke|p2|Tornadus-Therian, M|
|poke|p2|Tangrowth, F|
|poke|p2|Aegislash, F|
|poke|p2|Swampert, F|
|poke|p2|Lycanroc-Dusk, M|
|teampreview
|inactive|Battle timer is ON: inactive players will automatically lose when time's up. (requested by misplayin)
|inactive|ygo is testing has 120 seconds left.
|
|t:|1641746903
|start
|switch|p1a: Pelipper|Pelipper, F|100/100
|switch|p2a: Tornadus|Tornadus-Therian, M|100/100
|-weather|RainDance|[from] ability: Drizzle|[of] p1a: Pelipper
|turn|1
|
|t:|1641746917
|switch|p1a: Zapdos|Zapdos|100/100
|move|p2a: Tornadus|Hurricane|p1a: Zapdos
|-resisted|p1a: Zapdos
|-damage|p1a: Zapdos|79/100
|
|-weather|RainDance|[upkeep]
|upkeep
|turn|2
|
|t:|1641746933
|switch|p2a: Swampert|Swampert, F|100/100
|switch|p1a: Volcanion|Volcanion|100/100
|
|-weather|RainDance|[upkeep]
|upkeep
|turn|3
|
|t:|1641746940
|move|p1a: Volcanion|Steam Eruption|p2a: Swampert
|-crit|p2a: Swampert
|-damage|p2a: Swampert|0 fnt
|faint|p2a: Swampert
|
|-weather|RainDance|[upkeep]
|upkeep
|
|t:|1641746944
|switch|p2a: Lycanroc|Lycanroc-Dusk, M, shiny|100/100
|turn|4
|
|t:|1641746951
|switch|p1a: Ferrothorn|Ferrothorn, M|100/100
|move|p2a: Lycanroc|Swords Dance|p2a: Lycanroc
|-boost|p2a: Lycanroc|atk|2
|
|-weather|RainDance|[upkeep]
|upkeep
|turn|5
|
|t:|1641746958
|move|p2a: Lycanroc|Close Combat|p1a: Ferrothorn
|-supereffective|p1a: Ferrothorn
|-damage|p1a: Ferrothorn|0 fnt
|-unboost|p2a: Lycanroc|def|1
|-unboost|p2a: Lycanroc|spd|1
|-damage|p2a: Lycanroc|88/100|[from] ability: Iron Barbs|[of] p1a: Ferrothorn
|faint|p1a: Ferrothorn
|-damage|p2a: Lycanroc|78/100|[from] item: Life Orb
|
|-weather|RainDance|[upkeep]
|upkeep
|
|t:|1641746968
|switch|p1a: Barraskewda|Barraskewda, F|100/100
|turn|6
|
|t:|1641746978
|move|p2a: Lycanroc|Accelerock|p1a: Barraskewda
|-damage|p1a: Barraskewda|0 fnt
|faint|p1a: Barraskewda
|-damage|p2a: Lycanroc|68/100|[from] item: Life Orb
|
|-weather|RainDance|[upkeep]
|upkeep
|
|t:|1641746984
|switch|p1a: Garchomp|Garchomp, F|100/100
|turn|7
|
|t:|1641746988
|move|p2a: Lycanroc|Close Combat|p1a: Garchomp
|-damage|p1a: Garchomp|0 fnt
|-unboost|p2a: Lycanroc|def|1
|-unboost|p2a: Lycanroc|spd|1
|-damage|p2a: Lycanroc|56/100|[from] ability: Rough Skin|[of] p1a: Garchomp
|faint|p1a: Garchomp
|-damage|p2a: Lycanroc|46/100|[from] item: Life Orb
|
|-weather|RainDance|[upkeep]
|upkeep
|-message|ygo is testing forfeited.
|
|win|misplayin
|raw|ygo is testing's rating: 1597 &rarr; <strong>1581</strong><br />(-16 for losing)
|raw|misplayin's rating: 1664 &rarr; <strong>1680</strong><br />(+16 for winning)
|l|☆ygo is testing
