|j|☆LowSpecGuy
|j|☆Kalin0712
|t:|1641826371
|gametype|singles
|player|p1|LowSpecGuy|burgh|1132
|player|p2|Kalin0712|steven|1150
|teamsize|p1|6
|teamsize|p2|6
|gen|8
|tier|[Gen 8] OU
|rated|
|rule|Sleep Clause Mod: Limit one foe put to sleep
|rule|Species Clause: Limit one of each Pokémon
|rule|OHKO Clause: OHKO moves are banned
|rule|Evasion Moves Clause: Evasion moves are banned
|rule|Endless Battle Clause: Forcing endless battles is banned
|rule|HP Percentage Mod: HP is shown in percentages
|rule|Dynamax Clause: You cannot dynamax
|clearpoke
|poke|p1|Blissey, F|
|poke|p1|Mew|
|poke|p1|Shedinja|
|poke|p1|Zoroark, F|
|poke|p1|Skarmory, M|
|poke|p1|Slowbro, M|
|poke|p2|Pelipper, M|
|poke|p2|Drednaw, F|
|poke|p2|Whimsicott, F|
|poke|p2|Dragapult, F|
|poke|p2|Excadrill, F|
|poke|p2|Togekiss, M|
|teampreview
|inactive|Battle timer is ON: inactive players will automatically lose when time's up. (requested by LowSpecGuy)
|inactive|LowSpecGuy has 120 seconds left.
|inactive|LowSpecGuy has 90 seconds left.
|inactive|LowSpecGuy has 60 seconds left.
|c|☆Kalin0712|If you're not going to do it, please don't drag it out.
|inactive|LowSpecGuy has 30 seconds left.
|
|t:|1641826494
|start
|switch|p1a: Blissey|Blissey, F|100/100
|switch|p2a: Pelipper|Pelipper, M|100/100
|-weather|RainDance|[from] ability: Drizzle|[of] p2a: Pelipper
|turn|1
|c|☆LowSpecGuy|sorry
|
|t:|1641826509
|move|p2a: Pelipper|Hurricane|p1a: Blissey
|-damage|p1a: Blissey|81/100
|-start|p1a: Blissey|confusion
|-activate|p1a: Blissey|confusion
|move|p1a: Blissey|Thunder Wave|p2a: Pelipper
|-status|p2a: Pelipper|par
|
|-weather|RainDance|[upkeep]
|-heal|p1a: Blissey|87/100|[from] item: Leftovers
|upkeep
|turn|2
|c|☆LowSpecGuy|had to do something over here
|inactive|Kalin0712 has 120 seconds left.
|c|☆Kalin0712|ok
|
|t:|1641826543
|-activate|p1a: Blissey|confusion
|move|p1a: Blissey|Seismic Toss|p2a: Pelipper
|-damage|p2a: Pelipper|70/100 par
|cant|p2a: Pelipper|par
|
|-weather|RainDance|[upkeep]
|-heal|p1a: Blissey|93/100|[from] item: Leftovers
|upkeep
|turn|3
|
|t:|1641826554
|-activate|p1a: Blissey|confusion
|move|p1a: Blissey|Seismic Toss|p2a: Pelipper
|-damage|p2a: Pelipper|39/100 par
|move|p2a: Pelipper|Hurricane|p1a: Blissey
|-crit|p1a: Blissey
|-damage|p1a: Blissey|65/100
|
|-weather|RainDance|[upkeep]
|-heal|p1a: Blissey|71/100|[from] item: Leftovers
|upkeep
|turn|4
|inactive|Kalin0712 has 120 seconds left.
|
|t:|1641826572
|switch|p2a: Drednaw|Drednaw, F|100/100
|-end|p1a: Blissey|confusion
|move|p1a: Blissey|Soft-Boiled|p1a: Blissey
|-heal|p1a: Blissey|100/100
|
|-weather|RainDance|[upkeep]
|upkeep
|turn|5
|inactive|LowSpecGuy has 90 seconds left.
|
|t:|1641826596
|switch|p1a: Slowbro|Slowbro, M|100/100
|move|p2a: Drednaw|Swords Dance|p2a: Drednaw
|-boost|p2a: Drednaw|atk|2
|
|-weather|none
|upkeep
|turn|6
|inactive|LowSpecGuy has 90 seconds left.
|
|t:|1641826609
|move|p2a: Drednaw|Head Smash|p1a: Slowbro
|-damage|p1a: Slowbro|0 fnt
|faint|p1a: Slowbro
|-damage|p2a: Drednaw|39/100|[from] Recoil
|-damage|p2a: Drednaw|29/100|[from] item: Life Orb
|
|upkeep
|inactive|LowSpecGuy has 90 seconds left.
|
|t:|1641826617
|switch|p1a: Mew|Mew|100/100
|turn|7
|
|t:|1641826622
|move|p1a: Mew|Dark Pulse|p2a: Drednaw
|-damage|p2a: Drednaw|0 fnt
|faint|p2a: Drednaw
|
|upkeep
|
|t:|1641826631
|switch|p2a: Excadrill|Excadrill, F|100/100
|-ability|p2a: Excadrill|Mold Breaker
|turn|8
|
|t:|1641826639
|move|p1a: Mew|Flamethrower|p2a: Excadrill
|-supereffective|p2a: Excadrill
|-damage|p2a: Excadrill|24/100
|move|p2a: Excadrill|Iron Head|p1a: Mew
|-damage|p1a: Mew|13/100
|replace|p1a: Zoroark|Zoroark, F
|-end|p1a: Zoroark|Illusion
|
|upkeep
|turn|9
|
|t:|1641826650
|move|p1a: Zoroark|Flamethrower|p2a: Excadrill
|-supereffective|p2a: Excadrill
|-damage|p2a: Excadrill|0 fnt
|faint|p2a: Excadrill
|
|upkeep
|
|t:|1641826659
|switch|p2a: Pelipper|Pelipper, M|39/100 par
|-weather|RainDance|[from] ability: Drizzle|[of] p2a: Pelipper
|turn|10
|
|t:|1641826665
|move|p1a: Zoroark|Dark Pulse|p2a: Pelipper
|-damage|p2a: Pelipper|0 fnt
|faint|p2a: Pelipper
|
|-weather|RainDance|[upkeep]
|upkeep
|
|t:|1641826681
|switch|p2a: Whimsicott|Whimsicott, F|100/100
|turn|11
|
|t:|1641826687
|move|p1a: Zoroark|Flamethrower|p2a: Whimsicott
|-supereffective|p2a: Whimsicott
|-damage|p2a: Whimsicott|62/100
|move|p2a: Whimsicott|Moonblast|p1a: Zoroark
|-supereffective|p1a: Zoroark
|-damage|p1a: Zoroark|0 fnt
|faint|p1a: Zoroark
|
|-weather|RainDance|[upkeep]
|-heal|p2a: Whimsicott|68/100|[from] item: Leftovers
|upkeep
|
|t:|1641826702
|switch|p1a: Blissey|Blissey, F|100/100
|turn|12
|
|t:|1641826706
|move|p2a: Whimsicott|Leech Seed|p1a: Blissey
|-start|p1a: Blissey|move: Leech Seed
|move|p1a: Blissey|Thunder Wave|p2a: Whimsicott
|-status|p2a: Whimsicott|par
|
|-weather|RainDance|[upkeep]
|-heal|p2a: Whimsicott|74/100 par|[from] item: Leftovers
|-damage|p1a: Blissey|88/100|[from] Leech Seed|[of] p2a: Whimsicott
|-heal|p2a: Whimsicott|100/100 par|[silent]
|upkeep
|turn|13
|
|t:|1641826716
|switch|p1a: Mew|Mew|100/100
|cant|p2a: Whimsicott|par
|
|-weather|RainDance|[upkeep]
|upkeep
|turn|14
|
|t:|1641826722
|move|p2a: Whimsicott|Leech Seed|p1a: Mew
|-start|p1a: Mew|move: Leech Seed
|move|p1a: Mew|Flamethrower|p2a: Whimsicott
|-supereffective|p2a: Whimsicott
|-damage|p2a: Whimsicott|65/100 par
|
|-weather|none
|-heal|p2a: Whimsicott|72/100 par|[from] item: Leftovers
|-damage|p1a: Mew|88/100|[from] Leech Seed|[of] p2a: Whimsicott
|-heal|p2a: Whimsicott|87/100 par|[silent]
|upkeep
|turn|15
|
|t:|1641826732
|move|p2a: Whimsicott|Substitute|p2a: Whimsicott
|-start|p2a: Whimsicott|Substitute
|-damage|p2a: Whimsicott|62/100 par
|move|p1a: Mew|Flamethrower|p2a: Whimsicott
|-supereffective|p2a: Whimsicott
|-crit|p2a: Whimsicott
|-end|p2a: Whimsicott|Substitute
|
|-heal|p1a: Mew|94/100|[from] item: Leftovers
|-heal|p2a: Whimsicott|69/100 par|[from] item: Leftovers
|-damage|p1a: Mew|82/100|[from] Leech Seed|[of] p2a: Whimsicott
|-heal|p2a: Whimsicott|84/100 par|[silent]
|upkeep
|turn|16
|
|t:|1641826742
|move|p2a: Whimsicott|Substitute|p2a: Whimsicott
|-start|p2a: Whimsicott|Substitute
|-damage|p2a: Whimsicott|59/100 par
|move|p1a: Mew|Flamethrower|p2a: Whimsicott
|-supereffective|p2a: Whimsicott
|-end|p2a: Whimsicott|Substitute
|
|-heal|p1a: Mew|88/100|[from] item: Leftovers
|-heal|p2a: Whimsicott|65/100 par|[from] item: Leftovers
|-damage|p1a: Mew|76/100|[from] Leech Seed|[of] p2a: Whimsicott
|-heal|p2a: Whimsicott|81/100 par|[silent]
|upkeep
|turn|17
|
|t:|1641826753
|move|p1a: Mew|Flamethrower|p2a: Whimsicott
|-supereffective|p2a: Whimsicott
|-crit|p2a: Whimsicott
|-damage|p2a: Whimsicott|0 fnt
|faint|p2a: Whimsicott
|
|-heal|p1a: Mew|82/100|[from] item: Leftovers
|upkeep
|
|t:|1641826761
|switch|p2a: Togekiss|Togekiss, M|100/100
|turn|18
|
|t:|1641826767
|switch|p1a: Blissey|Blissey, F|88/100
|move|p2a: Togekiss|Air Slash|p1a: Blissey
|-crit|p1a: Blissey
|-damage|p1a: Blissey|75/100
|
|-heal|p1a: Blissey|81/100|[from] item: Leftovers
|upkeep
|turn|19
|
|t:|1641826776
|move|p2a: Togekiss|Flamethrower|p1a: Blissey
|-damage|p1a: Blissey|74/100
|move|p1a: Blissey|Thunder Wave|p2a: Togekiss
|-status|p2a: Togekiss|par
|
|-heal|p1a: Blissey|80/100|[from] item: Leftovers
|upkeep
|turn|20
|
|t:|1641826785
|move|p1a: Blissey|Seismic Toss|p2a: Togekiss
|-damage|p2a: Togekiss|71/100 par
|move|p2a: Togekiss|Dazzling Gleam|p1a: Blissey
|-crit|p1a: Blissey
|-damage|p1a: Blissey|64/100
|
|-heal|p1a: Blissey|71/100|[from] item: Leftovers
|upkeep
|turn|21
|
|t:|1641826795
|move|p1a: Blissey|Seismic Toss|p2a: Togekiss
|-damage|p2a: Togekiss|42/100 par
|cant|p2a: Togekiss|par
|
|-heal|p1a: Blissey|77/100|[from] item: Leftovers
|upkeep
|turn|22
|
|t:|1641826807
|switch|p2a: Dragapult|Dragapult, F|100/100
|move|p1a: Blissey|Seismic Toss|p2a: Dragapult
|-immune|p2a: Dragapult
|
|-heal|p1a: Blissey|83/100|[from] item: Leftovers
|upkeep
|turn|23
|
|t:|1641826819
|switch|p1a: Skarmory|Skarmory, M|100/100
|move|p2a: Dragapult|Dragon Darts|p1a: Skarmory
|-resisted|p1a: Skarmory
|-damage|p1a: Skarmory|89/100
|-anim|p2a: Dragapult|Dragon Darts|p1a: Skarmory
|-resisted|p1a: Skarmory
|-damage|p1a: Skarmory|77/100
|
|-heal|p1a: Skarmory|83/100|[from] item: Leftovers
|upkeep
|turn|24
|
|t:|1641826839
|switch|p2a: Togekiss|Togekiss, M|42/100 par
|move|p1a: Skarmory|Iron Defense|p1a: Skarmory
|-boost|p1a: Skarmory|def|2
|
|-heal|p1a: Skarmory|89/100|[from] item: Leftovers
|upkeep
|turn|25
|
|t:|1641826854
|move|p1a: Skarmory|Body Press|p2a: Togekiss
|-resisted|p2a: Togekiss
|-damage|p2a: Togekiss|28/100 par
|cant|p2a: Togekiss|par
|
|-heal|p1a: Skarmory|95/100|[from] item: Leftovers
|upkeep
|turn|26
|
|t:|1641826862
|switch|p1a: Blissey|Blissey, F|83/100
|move|p2a: Togekiss|Flamethrower|p1a: Blissey
|-damage|p1a: Blissey|75/100
|
|-heal|p1a: Blissey|81/100|[from] item: Leftovers
|upkeep
|turn|27
|
|t:|1641826870
|move|p1a: Blissey|Thunder Wave|p2a: Togekiss
|-fail|p2a: Togekiss|par
|move|p2a: Togekiss|Flamethrower|p1a: Blissey
|-crit|p1a: Blissey
|-damage|p1a: Blissey|70/100
|
|-heal|p1a: Blissey|76/100|[from] item: Leftovers
|upkeep
|turn|28
|
|t:|1641826880
|move|p1a: Blissey|Seismic Toss|p2a: Togekiss
|-damage|p2a: Togekiss|0 fnt
|faint|p2a: Togekiss
|
|-heal|p1a: Blissey|82/100|[from] item: Leftovers
|upkeep
|
|t:|1641826886
|switch|p2a: Dragapult|Dragapult, F|100/100
|turn|29
|
|t:|1641826893
|move|p2a: Dragapult|Sucker Punch||[still]
|-fail|p2a: Dragapult
|move|p1a: Blissey|Thunder Wave|p2a: Dragapult
|-status|p2a: Dragapult|par
|
|-heal|p1a: Blissey|88/100|[from] item: Leftovers
|upkeep
|turn|30
|
|t:|1641826911
|switch|p1a: Skarmory|Skarmory, M|95/100
|cant|p2a: Dragapult|par
|
|-heal|p1a: Skarmory|100/100|[from] item: Leftovers
|upkeep
|turn|31
|
|t:|1641826920
|cant|p2a: Dragapult|par
|move|p1a: Skarmory|Iron Defense|p1a: Skarmory
|-boost|p1a: Skarmory|def|2
|
|upkeep
|turn|32
|
|t:|1641826925
|move|p2a: Dragapult|Sucker Punch||[still]
|-fail|p2a: Dragapult
|move|p1a: Skarmory|Iron Defense|p1a: Skarmory
|-boost|p1a: Skarmory|def|2
|
|upkeep
|turn|33
|
|t:|1641826930
|move|p2a: Dragapult|Sucker Punch|p1a: Skarmory
|-damage|p1a: Skarmory|93/100
|move|p1a: Skarmory|Body Press|p2a: Dragapult
|-immune|p2a: Dragapult
|
|-heal|p1a: Skarmory|99/100|[from] item: Leftovers
|upkeep
|turn|34
|
|t:|1641826945
|switch|p1a: Shedinja|Shedinja|100/100
|move|p2a: Dragapult|Sucker Punch||[still]
|-fail|p2a: Dragapult
|
|upkeep
|turn|35
|inactive|Kalin0712 has 120 seconds left.
|
|t:|1641826977
|move|p2a: Dragapult|Sucker Punch||[still]
|-fail|p2a: Dragapult
|move|p1a: Shedinja|Swords Dance|p1a: Shedinja
|-boost|p1a: Shedinja|atk|2
|
|upkeep
|turn|36
|
|t:|1641826984
|cant|p2a: Dragapult|par
|move|p1a: Shedinja|Poltergeist|p2a: Dragapult
|-activate|p2a: Dragapult|move: Poltergeist|Choice Band
|-supereffective|p2a: Dragapult
|-damage|p2a: Dragapult|0 fnt
|faint|p2a: Dragapult
|
|win|LowSpecGuy
|raw|LowSpecGuy's rating: 1132 &rarr; <strong>1158</strong><br />(+26 for winning)
|raw|Kalin0712's rating: 1150 &rarr; <strong>1124</strong><br />(-26 for losing)
