|j|☆Norris Packard
|j|☆plainjain
|t:|1641795722
|gametype|singles
|player|p1|Norris Packard|giovanni|1193
|player|p2|plainjain|lady|1230
|teamsize|p1|6
|teamsize|p2|6
|gen|8
|tier|[Gen 8] OU
|rated|
|rule|Sleep Clause Mod: Limit one foe put to sleep
|rule|Species Clause: Limit one of each Pokémon
|rule|OHKO Clause: OHKO moves are banned
|rule|Evasion Moves Clause: Evasion moves are banned
|rule|Endless Battle Clause: Forcing endless battles is banned
|rule|HP Percentage Mod: HP is shown in percentages
|rule|Dynamax Clause: You cannot dynamax
|clearpoke
|poke|p1|Persian, M|
|poke|p1|Nidoking, M|
|poke|p1|Rhydon, M|
|poke|p1|Gengar, F|
|poke|p1|Gyarados, F|
|poke|p1|Zapdos|
|poke|p2|Clefable, M|
|poke|p2|Urshifu-*, F|
|poke|p2|Omastar, F|
|poke|p2|Landorus-Therian, M|
|poke|p2|Regieleki|
|poke|p2|Blissey, F|
|teampreview
|inactive|Battle timer is ON: inactive players will automatically lose when time's up. (requested by plainjain)
|
|t:|1641795730
|start
|switch|p1a: Rhydon|Rhydon, M|100/100
|switch|p2a: Landorus|Landorus-Therian, M|100/100
|-ability|p2a: Landorus|Intimidate|boost
|-unboost|p1a: Rhydon|atk|1
|turn|1
|
|t:|1641795736
|move|p2a: Landorus|Knock Off|p1a: Rhydon
|-damage|p1a: Rhydon|85/100
|-enditem|p1a: Rhydon|Eviolite|[from] move: Knock Off|[of] p2a: Landorus
|move|p1a: Rhydon|Stealth Rock|p2a: Landorus
|-sidestart|p2: plainjain|move: Stealth Rock
|
|upkeep
|turn|2
|
|t:|1641795743
|move|p2a: Landorus|Earthquake|p1a: Rhydon
|-supereffective|p1a: Rhydon
|-crit|p1a: Rhydon
|-damage|p1a: Rhydon|0 fnt
|faint|p1a: Rhydon
|
|upkeep
|
|t:|1641795749
|switch|p1a: Gyarados|Gyarados, F|100/100
|turn|3
|
|t:|1641795754
|move|p2a: Landorus|Defog|p1a: Gyarados
|-unboost|p1a: Gyarados|evasion|1
|-sideend|p2: plainjain|Stealth Rock|[from] move: Defog|[of] p2a: Landorus
|move|p1a: Gyarados|Dragon Dance|p1a: Gyarados
|-boost|p1a: Gyarados|atk|1
|-boost|p1a: Gyarados|spe|1
|
|upkeep
|turn|4
|
|t:|1641795763
|move|p1a: Gyarados|Dragon Dance|p1a: Gyarados
|-boost|p1a: Gyarados|atk|1
|-boost|p1a: Gyarados|spe|1
|move|p2a: Landorus|Toxic|p1a: Gyarados
|-status|p1a: Gyarados|tox
|
|-damage|p1a: Gyarados|94/100 tox|[from] psn
|upkeep
|turn|5
|
|t:|1641795774
|switch|p2a: Blissey|Blissey, F|100/100
|move|p1a: Gyarados|Waterfall|p2a: Blissey
|-damage|p2a: Blissey|20/100
|
|-heal|p2a: Blissey|26/100|[from] item: Leftovers
|-damage|p1a: Gyarados|82/100 tox|[from] psn
|upkeep
|turn|6
|
|t:|1641795782
|move|p1a: Gyarados|Scale Shot|p2a: Blissey
|-damage|p2a: Blissey|10/100
|-damage|p2a: Blissey|0 fnt
|faint|p2a: Blissey
|-ability|p1a: Gyarados|Moxie|boost
|-boost|p1a: Gyarados|atk|1
|-hitcount|p2: Blissey|2
|-unboost|p1a: Gyarados|def|1
|-boost|p1a: Gyarados|spe|1
|
|-damage|p1a: Gyarados|64/100 tox|[from] psn
|upkeep
|inactive|plainjain has 120 seconds left.
|
|t:|1641795821
|switch|p2a: Clefable|Clefable, M|100/100
|turn|7
|
|t:|1641795833
|move|p1a: Gyarados|Waterfall|p2a: Clefable
|-damage|p2a: Clefable|0 fnt
|faint|p2a: Clefable
|-ability|p1a: Gyarados|Moxie|boost
|-boost|p1a: Gyarados|atk|1
|
|-damage|p1a: Gyarados|40/100 tox|[from] psn
|upkeep
|
|t:|1641795840
|switch|p2a: Urshifu|Urshifu-Rapid-Strike, F|100/100
|turn|8
|
|t:|1641795846
|move|p2a: Urshifu|Aqua Jet|p1a: Gyarados
|-resisted|p1a: Gyarados
|-damage|p1a: Gyarados|12/100 tox
|move|p1a: Gyarados|Earthquake|p2a: Urshifu
|-damage|p2a: Urshifu|0 fnt
|faint|p2a: Urshifu
|-ability|p1a: Gyarados|Moxie|boost
|-boost|p1a: Gyarados|atk|1
|
|-damage|p1a: Gyarados|0 fnt|[from] psn
|faint|p1a: Gyarados
|upkeep
|c|☆plainjain|my turn
|
|t:|1641795867
|switch|p2a: Omastar|Omastar, F|100/100
|switch|p1a: Gengar|Gengar, F|100/100
|turn|9
|
|t:|1641795872
|move|p1a: Gengar|Trick|p2a: Omastar
|-activate|p1a: Gengar|move: Trick|[of] p2a: Omastar
|-item|p2a: Omastar|Choice Scarf|[from] move: Trick
|-item|p1a: Gengar|Focus Sash|[from] move: Trick
|move|p2a: Omastar|Shell Smash|p2a: Omastar
|-unboost|p2a: Omastar|def|1
|-unboost|p2a: Omastar|spd|1
|-boost|p2a: Omastar|atk|2
|-boost|p2a: Omastar|spa|2
|-boost|p2a: Omastar|spe|2
|
|upkeep
|turn|10
|c|☆Norris Packard|;)
|c|☆plainjain|we got jokes, ok
|
|t:|1641795887
|switch|p2a: Landorus|Landorus-Therian, M|100/100
|-ability|p2a: Landorus|Intimidate|boost
|-unboost|p1a: Gengar|atk|1
|move|p1a: Gengar|Shadow Ball|p2a: Landorus
|-damage|p2a: Landorus|50/100
|
|-heal|p2a: Landorus|56/100|[from] item: Leftovers
|upkeep
|turn|11
|
|t:|1641795897
|switch|p1a: Zapdos|Zapdos|100/100
|move|p2a: Landorus|Knock Off|p1a: Zapdos
|-damage|p1a: Zapdos|66/100
|-enditem|p1a: Zapdos|Leftovers|[from] move: Knock Off|[of] p2a: Landorus
|
|-heal|p2a: Landorus|62/100|[from] item: Leftovers
|upkeep
|turn|12
|
|t:|1641795905
|switch|p2a: Omastar|Omastar, F|100/100
|move|p1a: Zapdos|Heat Wave|p2a: Omastar
|-resisted|p2a: Omastar
|-damage|p2a: Omastar|87/100
|
|upkeep
|turn|13
|
|t:|1641795918
|move|p2a: Omastar|Hydro Pump|p1a: Zapdos
|-damage|p1a: Zapdos|17/100
|move|p1a: Zapdos|Discharge|p2a: Omastar
|-supereffective|p2a: Omastar
|-damage|p2a: Omastar|0 fnt
|faint|p2a: Omastar
|
|upkeep
|
|t:|1641795931
|switch|p2a: Regieleki|Regieleki|100/100
|turn|14
|
|t:|1641795938
|move|p2a: Regieleki|Volt Switch|p1a: Zapdos
|-damage|p1a: Zapdos|0 fnt
|faint|p1a: Zapdos
|
|t:|1641795942
|switch|p2a: Landorus|Landorus-Therian, M|62/100|[from]move: Volt Switch
|
|-heal|p2a: Landorus|68/100|[from] item: Leftovers
|upkeep
|
|t:|1641795959
|switch|p1a: Gengar|Gengar, F|100/100
|turn|15
|
|t:|1641795964
|move|p1a: Gengar|Shadow Ball|p2a: Landorus
|-damage|p2a: Landorus|16/100
|move|p2a: Landorus|Knock Off|p1a: Gengar
|-supereffective|p1a: Gengar
|-enditem|p1a: Gengar|Focus Sash
|-damage|p1a: Gengar|1/100
|-start|p2a: Landorus|Disable|Knock Off|[from] ability: Cursed Body|[of] p1a: Gengar
|
|-heal|p2a: Landorus|22/100|[from] item: Leftovers
|upkeep
|turn|16
|
|t:|1641795975
|switch|p2a: Regieleki|Regieleki|100/100
|move|p1a: Gengar|Shadow Ball|p2a: Regieleki
|-damage|p2a: Regieleki|18/100
|-unboost|p2a: Regieleki|spd|1
|
|upkeep
|turn|17
|
|t:|1641795984
|move|p2a: Regieleki|Thunderbolt|p1a: Gengar
|-damage|p1a: Gengar|0 fnt
|faint|p1a: Gengar
|
|upkeep
|
|t:|1641795988
|switch|p1a: Persian|Persian, M|100/100
|turn|18
|
|t:|1641795994
|move|p1a: Persian|Fake Out|p2a: Regieleki
|-damage|p2a: Regieleki|0 fnt
|faint|p2a: Regieleki
|
|upkeep
|
|t:|1641795997
|switch|p2a: Landorus|Landorus-Therian, M|22/100
|-ability|p2a: Landorus|Intimidate|boost
|-unboost|p1a: Persian|atk|1
|turn|19
|
|t:|1641796010
|move|p1a: Persian|Double-Edge|p2a: Landorus
|-damage|p2a: Landorus|0 fnt
|faint|p2a: Landorus
|-damage|p1a: Persian|92/100|[from] Recoil
|
|win|Norris Packard
|raw|Norris Packard's rating: 1193 &rarr; <strong>1221</strong><br />(+28 for winning)
|raw|plainjain's rating: 1230 &rarr; <strong>1202</strong><br />(-28 for losing)
|c|☆Norris Packard|gg
|l|☆plainjain
