|j|☆kuhrii
|j|☆nmelcl黏美龙
|t:|1641817082
|gametype|singles
|player|p1|kuhrii|hugh|1168
|player|p2|nmelcl黏美龙|jasmine|1160
|teamsize|p1|6
|teamsize|p2|6
|gen|8
|tier|[Gen 8] OU
|rated|
|rule|Sleep Clause Mod: Limit one foe put to sleep
|rule|Species Clause: Limit one of each Pokémon
|rule|OHKO Clause: OHKO moves are banned
|rule|Evasion Moves Clause: Evasion moves are banned
|rule|Endless Battle Clause: Forcing endless battles is banned
|rule|HP Percentage Mod: HP is shown in percentages
|rule|Dynamax Clause: You cannot dynamax
|clearpoke
|poke|p1|Shuckle, F|
|poke|p1|Scrafty, M|
|poke|p1|Ferrothorn, M|
|poke|p1|Mew|
|poke|p1|Quagsire, M|
|poke|p1|Chandelure, M|
|poke|p2|Volcarona, F|
|poke|p2|Corviknight, F|
|poke|p2|Zeraora|
|poke|p2|Ferrothorn, M|
|poke|p2|Garchomp, M|
|poke|p2|Urshifu-*, M|
|teampreview
|
|t:|1641817099
|start
|switch|p1a: Shuckle|Shuckle, F|100/100
|switch|p2a: Volcarona|Volcarona, F, shiny|100/100
|turn|1
|
|t:|1641817110
|move|p2a: Volcarona|Quiver Dance|p2a: Volcarona
|-boost|p2a: Volcarona|spa|1
|-boost|p2a: Volcarona|spd|1
|-boost|p2a: Volcarona|spe|1
|move|p1a: Shuckle|Toxic|p2a: Volcarona
|-status|p2a: Volcarona|tox
|
|-damage|p2a: Volcarona|94/100 tox|[from] psn
|upkeep
|turn|2
|
|t:|1641817119
|move|p2a: Volcarona|Fiery Dance|p1a: Shuckle
|-damage|p1a: Shuckle|64/100
|move|p1a: Shuckle|Sticky Web|p2a: Volcarona
|-sidestart|p2: nmelcl黏美龙|move: Sticky Web
|
|-damage|p2a: Volcarona|82/100 tox|[from] psn
|upkeep
|turn|3
|
|t:|1641817128
|move|p2a: Volcarona|Fiery Dance|p1a: Shuckle
|-damage|p1a: Shuckle|28/100
|move|p1a: Shuckle|Power Split|p2a: Volcarona
|-activate|p1a: Shuckle|move: Power Split|[of] p2a: Volcarona
|
|-damage|p2a: Volcarona|64/100 tox|[from] psn
|upkeep
|turn|4
|
|t:|1641817136
|move|p2a: Volcarona|Fiery Dance|p1a: Shuckle
|-damage|p1a: Shuckle|5/100
|-enditem|p1a: Shuckle|Aguav Berry|[eat]
|-heal|p1a: Shuckle|38/100|[from] item: Aguav Berry
|move|p1a: Shuckle|Final Gambit|p2a: Volcarona
|-damage|p2a: Volcarona|36/100 tox
|faint|p1a: Shuckle
|
|-damage|p2a: Volcarona|12/100 tox|[from] psn
|upkeep
|-enditem|p2a: Volcarona|Aguav Berry|[eat]
|-heal|p2a: Volcarona|45/100 tox|[from] item: Aguav Berry
|
|t:|1641817162
|switch|p1a: Quagsire|Quagsire, M|100/100
|turn|5
|
|t:|1641817169
|move|p2a: Volcarona|Giga Drain|p1a: Quagsire
|-supereffective|p1a: Quagsire
|-crit|p1a: Quagsire
|-damage|p1a: Quagsire|0 fnt
|-heal|p2a: Volcarona|100/100 tox|[from] drain|[of] p1a: Quagsire
|faint|p1a: Quagsire
|
|-damage|p2a: Volcarona|70/100 tox|[from] psn
|upkeep
|
|t:|1641817179
|switch|p1a: Scrafty|Scrafty, M|100/100
|turn|6
|
|t:|1641817186
|move|p2a: Volcarona|Bug Buzz|p1a: Scrafty
|-damage|p1a: Scrafty|54/100
|move|p1a: Scrafty|Dragon Dance|p1a: Scrafty
|-boost|p1a: Scrafty|atk|1
|-boost|p1a: Scrafty|spe|1
|
|-damage|p2a: Volcarona|34/100 tox|[from] psn
|upkeep
|turn|7
|
|t:|1641817200
|move|p2a: Volcarona|Fiery Dance|p1a: Scrafty
|-damage|p1a: Scrafty|7/100
|-boost|p2a: Volcarona|spa|1
|move|p1a: Scrafty|Drain Punch|p2a: Volcarona
|-resisted|p2a: Volcarona
|-damage|p2a: Volcarona|0 fnt
|-heal|p1a: Scrafty|27/100|[from] drain|[of] p2a: Volcarona
|faint|p2a: Volcarona
|-ability|p1a: Scrafty|Moxie|boost
|-boost|p1a: Scrafty|atk|1
|
|upkeep
|
|t:|1641817205
|switch|p2a: Zeraora|Zeraora, shiny|100/100
|-activate|p2a: Zeraora|move: Sticky Web
|-unboost|p2a: Zeraora|spe|1
|turn|8
|
|t:|1641817217
|move|p2a: Zeraora|Fake Out|p1a: Scrafty
|-damage|p1a: Scrafty|17/100
|cant|p1a: Scrafty|flinch
|
|upkeep
|turn|9
|
|t:|1641817223
|move|p1a: Scrafty|Drain Punch|p2a: Zeraora
|-damage|p2a: Zeraora|9/100
|-heal|p1a: Scrafty|71/100|[from] drain|[of] p2a: Zeraora
|move|p2a: Zeraora|Volt Switch|p1a: Scrafty
|-damage|p1a: Scrafty|34/100
|
|t:|1641817236
|switch|p2a: Ferrothorn|Ferrothorn, M, shiny|100/100|[from]move: Volt Switch
|-activate|p2a: Ferrothorn|move: Sticky Web
|-unboost|p2a: Ferrothorn|spe|1
|
|upkeep
|turn|10
|
|t:|1641817251
|move|p1a: Scrafty|Drain Punch|p2a: Ferrothorn
|-supereffective|p2a: Ferrothorn
|-damage|p2a: Ferrothorn|5/100
|-heal|p1a: Scrafty|85/100|[from] drain|[of] p2a: Ferrothorn
|-damage|p1a: Scrafty|73/100|[from] ability: Iron Barbs|[of] p2a: Ferrothorn
|move|p2a: Ferrothorn|Toxic|p1a: Scrafty
|-status|p1a: Scrafty|tox
|-enditem|p1a: Scrafty|Lum Berry|[eat]
|-curestatus|p1a: Scrafty|tox|[msg]
|
|-heal|p2a: Ferrothorn|11/100|[from] item: Leftovers
|upkeep
|turn|11
|
|t:|1641817269
|move|p2a: Ferrothorn|Protect|p2a: Ferrothorn
|-singleturn|p2a: Ferrothorn|Protect
|move|p1a: Scrafty|Drain Punch|p2a: Ferrothorn
|-activate|p2a: Ferrothorn|move: Protect
|
|-heal|p2a: Ferrothorn|17/100|[from] item: Leftovers
|upkeep
|turn|12
|
|t:|1641817279
|move|p1a: Scrafty|Drain Punch|p2a: Ferrothorn
|-supereffective|p2a: Ferrothorn
|-damage|p2a: Ferrothorn|0 fnt
|-heal|p1a: Scrafty|82/100|[from] drain|[of] p2a: Ferrothorn
|-damage|p1a: Scrafty|70/100|[from] ability: Iron Barbs|[of] p2a: Ferrothorn
|faint|p2a: Ferrothorn
|-ability|p1a: Scrafty|Moxie|boost
|-boost|p1a: Scrafty|atk|1
|
|upkeep
|
|t:|1641817286
|switch|p2a: Corviknight|Corviknight, F, shiny|100/100
|turn|13
|
|t:|1641817295
|move|p1a: Scrafty|Drain Punch|p2a: Corviknight
|-damage|p2a: Corviknight|33/100
|-heal|p1a: Scrafty|100/100|[from] drain|[of] p2a: Corviknight
|move|p2a: Corviknight|Brave Bird|p1a: Scrafty
|-supereffective|p1a: Scrafty
|-damage|p1a: Scrafty|0 fnt
|faint|p1a: Scrafty
|-damage|p2a: Corviknight|6/100|[from] Recoil
|
|-heal|p2a: Corviknight|12/100|[from] item: Leftovers
|upkeep
|
|t:|1641817310
|switch|p1a: Chandelure|Chandelure, M|100/100
|-item|p1a: Chandelure|Air Balloon
|turn|14
|
|t:|1641817316
|move|p1a: Chandelure|Calm Mind|p1a: Chandelure
|-boost|p1a: Chandelure|spa|1
|-boost|p1a: Chandelure|spd|1
|move|p2a: Corviknight|Brave Bird|p1a: Chandelure
|-damage|p1a: Chandelure|21/100
|-enditem|p1a: Chandelure|Air Balloon
|-damage|p2a: Corviknight|0 fnt|[from] Recoil
|faint|p2a: Corviknight
|
|upkeep
|
|t:|1641817329
|switch|p2a: Garchomp|Garchomp, M, shiny|100/100
|-activate|p2a: Garchomp|move: Sticky Web
|-unboost|p2a: Garchomp|spe|1
|turn|15
|
|t:|1641817338
|move|p1a: Chandelure|Shadow Ball|p2a: Garchomp
|-damage|p2a: Garchomp|22/100
|move|p2a: Garchomp|Earthquake|p1a: Chandelure
|-supereffective|p1a: Chandelure
|-damage|p1a: Chandelure|0 fnt
|faint|p1a: Chandelure
|
|upkeep
|
|t:|1641817347
|switch|p1a: Mew|Mew|100/100
|turn|16
|
|t:|1641817354
|move|p1a: Mew|Psychic|p2a: Garchomp
|-damage|p2a: Garchomp|0 fnt
|faint|p2a: Garchomp
|-damage|p1a: Mew|91/100|[from] item: Life Orb
|
|upkeep
|
|t:|1641817357
|switch|p2a: Zeraora|Zeraora, shiny|9/100
|-activate|p2a: Zeraora|move: Sticky Web
|-unboost|p2a: Zeraora|spe|1
|turn|17
|
|t:|1641817366
|move|p2a: Zeraora|Fake Out|p1a: Mew
|-damage|p1a: Mew|81/100
|cant|p1a: Mew|flinch
|
|upkeep
|turn|18
|
|t:|1641817372
|move|p1a: Mew|Vacuum Wave|p2a: Zeraora
|-damage|p2a: Zeraora|0 fnt
|faint|p2a: Zeraora
|-damage|p1a: Mew|71/100|[from] item: Life Orb
|
|upkeep
|
|t:|1641817376
|switch|p2a: Urshifu|Urshifu-Rapid-Strike, M|100/100
|-activate|p2a: Urshifu|move: Sticky Web
|-unboost|p2a: Urshifu|spe|1
|turn|19
|
|t:|1641817382
|move|p1a: Mew|Psychic|p2a: Urshifu
|-supereffective|p2a: Urshifu
|-damage|p2a: Urshifu|0 fnt
|faint|p2a: Urshifu
|-damage|p1a: Mew|61/100|[from] item: Life Orb
|
|win|kuhrii
|raw|kuhrii's rating: 1168 &rarr; <strong>1192</strong><br />(+24 for winning)
|raw|nmelcl黏美龙's rating: 1160 &rarr; <strong>1136</strong><br />(-24 for losing)
|l|☆nmelcl黏美龙
