|j|☆Braulukas
|j|☆Geezazero
|t:|1641834062
|gametype|singles
|player|p1|Braulukas|lucas-gen4pt|1116
|player|p2|Geezazero|266|1093
|teamsize|p1|6
|teamsize|p2|6
|gen|8
|tier|[Gen 8] OU
|rated|
|rule|Sleep Clause Mod: Limit one foe put to sleep
|rule|Species Clause: Limit one of each Pokémon
|rule|OHKO Clause: OHKO moves are banned
|rule|Evasion Moves Clause: Evasion moves are banned
|rule|Endless Battle Clause: Forcing endless battles is banned
|rule|HP Percentage Mod: HP is shown in percentages
|rule|Dynamax Clause: You cannot dynamax
|clearpoke
|poke|p1|Garchomp, M|
|poke|p1|Melmetal|
|poke|p1|Tapu Lele|
|poke|p1|Tornadus-Therian, M|
|poke|p1|Ferrothorn, F|
|poke|p1|Rotom-Wash|
|poke|p2|Garchomp, M|
|poke|p2|Tapu Lele|
|poke|p2|Melmetal|
|poke|p2|Ferrothorn, F|
|poke|p2|Tornadus-Therian, M|
|poke|p2|Rotom-Wash|
|teampreview
|inactive|Battle timer is ON: inactive players will automatically lose when time's up. (requested by Geezazero)
|j| Mr_Turtle0987
|c|☆Braulukas|wow
|
|t:|1641834075
|start
|switch|p1a: Rotom|Rotom-Wash|100/100
|switch|p2a: Rotom|Rotom-Wash|100/100
|turn|1
|
|t:|1641834093
|switch|p2a: Ferrothorn|Ferrothorn, F|100/100
|move|p1a: Rotom|Volt Switch|p2a: Ferrothorn
|-resisted|p2a: Ferrothorn
|-damage|p2a: Ferrothorn|91/100
|
|t:|1641834106
|switch|p1a: Tornadus|Tornadus-Therian, M|100/100|[from]move: Volt Switch
|
|upkeep
|turn|2
|
|t:|1641834112
|switch|p2a: Rotom|Rotom-Wash|100/100
|move|p1a: Tornadus|Heat Wave|p2a: Rotom
|-resisted|p2a: Rotom
|-damage|p2a: Rotom|90/100
|
|-heal|p2a: Rotom|96/100|[from] item: Leftovers
|upkeep
|turn|3
|
|t:|1641834119
|move|p1a: Tornadus|U-turn|p2a: Rotom
|-damage|p2a: Rotom|82/100
|
|t:|1641834132
|switch|p1a: Ferrothorn|Ferrothorn, F|100/100|[from]move: U-turn
|move|p2a: Rotom|Will-O-Wisp|p1a: Ferrothorn
|-status|p1a: Ferrothorn|brn
|
|-heal|p2a: Rotom|88/100|[from] item: Leftovers
|-damage|p1a: Ferrothorn|95/100 brn|[from] brn
|upkeep
|turn|4
|
|t:|1641834139
|move|p2a: Rotom|Volt Switch|p1a: Ferrothorn
|-resisted|p1a: Ferrothorn
|-damage|p1a: Ferrothorn|85/100 brn
|
|t:|1641834143
|switch|p2a: Tornadus|Tornadus-Therian, M|100/100|[from]move: Volt Switch
|move|p1a: Ferrothorn|Leech Seed|p2a: Tornadus
|-start|p2a: Tornadus|move: Leech Seed
|
|-damage|p2a: Tornadus|88/100|[from] Leech Seed|[of] p1a: Ferrothorn
|-heal|p1a: Ferrothorn|97/100 brn|[silent]
|-damage|p1a: Ferrothorn|91/100 brn|[from] brn
|upkeep
|turn|5
|
|t:|1641834154
|switch|p1a: Rotom|Rotom-Wash|100/100
|move|p2a: Tornadus|U-turn|p1a: Rotom
|-damage|p1a: Rotom|86/100
|
|t:|1641834167
|switch|p2a: Ferrothorn|Ferrothorn, F|91/100|[from]move: U-turn
|
|-heal|p1a: Rotom|92/100|[from] item: Leftovers
|upkeep
|turn|6
|l| Mr_Turtle0987
|
|t:|1641834180
|move|p1a: Rotom|Will-O-Wisp|p2a: Ferrothorn
|-status|p2a: Ferrothorn|brn
|move|p2a: Ferrothorn|Toxic|p1a: Rotom
|-status|p1a: Rotom|tox
|
|-heal|p1a: Rotom|99/100 tox|[from] item: Leftovers
|-damage|p1a: Rotom|92/100 tox|[from] psn
|-damage|p2a: Ferrothorn|85/100 brn|[from] brn
|upkeep
|turn|7
|
|t:|1641834184
|move|p1a: Rotom|Volt Switch|p2a: Ferrothorn
|-resisted|p2a: Ferrothorn
|-damage|p2a: Ferrothorn|75/100 brn
|
|t:|1641834194
|switch|p1a: Garchomp|Garchomp, M|100/100|[from]move: Volt Switch
|move|p2a: Ferrothorn|Stealth Rock|p1a: Garchomp
|-sidestart|p1: Braulukas|move: Stealth Rock
|
|-damage|p2a: Ferrothorn|69/100 brn|[from] brn
|upkeep
|turn|8
|j| Mr_Turtle0987
|
|t:|1641834216
|switch|p2a: Rotom|Rotom-Wash|88/100
|move|p1a: Garchomp|Fire Fang|p2a: Rotom
|-resisted|p2a: Rotom
|-damage|p2a: Rotom|78/100
|
|-heal|p2a: Rotom|85/100|[from] item: Leftovers
|upkeep
|turn|9
|
|t:|1641834234
|switch|p1a: Rotom|Rotom-Wash|92/100 tox
|-damage|p1a: Rotom|80/100 tox|[from] Stealth Rock
|move|p2a: Rotom|Will-O-Wisp||[still]
|-fail|p2a: Rotom
|
|-heal|p1a: Rotom|86/100 tox|[from] item: Leftovers
|-heal|p2a: Rotom|91/100|[from] item: Leftovers
|-damage|p1a: Rotom|80/100 tox|[from] psn
|upkeep
|turn|10
|
|t:|1641834241
|move|p1a: Rotom|Defog|p2a: Rotom
|-unboost|p2a: Rotom|evasion|1
|-sideend|p1: Braulukas|Stealth Rock|[from] move: Defog|[of] p1a: Rotom
|move|p2a: Rotom|Volt Switch|p1a: Rotom
|-damage|p1a: Rotom|58/100 tox
|
|t:|1641834249
|switch|p2a: Tapu Lele|Tapu Lele|100/100|[from]move: Volt Switch
|-fieldstart|move: Psychic Terrain|[from] ability: Psychic Surge|[of] p2a: Tapu Lele
|
|-heal|p1a: Rotom|64/100 tox|[from] item: Leftovers
|-damage|p1a: Rotom|51/100 tox|[from] psn
|upkeep
|turn|11
|
|t:|1641834258
|move|p2a: Tapu Lele|Future Sight|p1a: Rotom
|-start|p2a: Tapu Lele|move: Future Sight
|move|p1a: Rotom|Volt Switch|p2a: Tapu Lele
|-damage|p2a: Tapu Lele|75/100
|
|t:|1641834261
|switch|p1a: Melmetal|Melmetal|100/100|[from]move: Volt Switch
|
|upkeep
|turn|12
|
|t:|1641834268
|switch|p2a: Ferrothorn|Ferrothorn, F|69/100 brn
|move|p1a: Melmetal|Double Iron Bash|p2a: Ferrothorn
|-resisted|p2a: Ferrothorn
|-damage|p2a: Ferrothorn|55/100 brn
|-activate|p2a: Ferrothorn|ability: Iron Barbs
|-activate|p1a: Melmetal|item: Protective Pads
|-resisted|p2a: Ferrothorn
|-crit|p2a: Ferrothorn
|-damage|p2a: Ferrothorn|35/100 brn
|-activate|p2a: Ferrothorn|ability: Iron Barbs
|-activate|p1a: Melmetal|item: Protective Pads
|-hitcount|p2a: Ferrothorn|2
|
|-damage|p2a: Ferrothorn|29/100 brn|[from] brn
|upkeep
|turn|13
|
|t:|1641834284
|move|p1a: Melmetal|Superpower|p2a: Ferrothorn
|-supereffective|p2a: Ferrothorn
|-enditem|p2a: Ferrothorn|Chople Berry|[eat]
|-enditem|p2a: Ferrothorn|Chople Berry|[weaken]
|-damage|p2a: Ferrothorn|0 fnt
|-unboost|p1a: Melmetal|atk|1
|-unboost|p1a: Melmetal|def|1
|-activate|p2a: Ferrothorn|ability: Iron Barbs
|-activate|p1a: Melmetal|item: Protective Pads
|faint|p2a: Ferrothorn
|
|-end|p1a: Melmetal|move: Future Sight
|-resisted|p1a: Melmetal
|-damage|p1a: Melmetal|54/100
|upkeep
|
|t:|1641834288
|switch|p2a: Garchomp|Garchomp, M|100/100
|turn|14
|
|t:|1641834301
|switch|p1a: Tapu Lele|Tapu Lele, shiny|100/100
|move|p2a: Garchomp|Swords Dance|p2a: Garchomp
|-boost|p2a: Garchomp|atk|2
|
|-fieldend|move: Psychic Terrain
|upkeep
|turn|15
|
|t:|1641834315
|move|p1a: Tapu Lele|Moonblast|p2a: Garchomp
|-supereffective|p2a: Garchomp
|-crit|p2a: Garchomp
|-damage|p2a: Garchomp|0 fnt
|faint|p2a: Garchomp
|
|upkeep
|
|t:|1641834324
|switch|p2a: Melmetal|Melmetal|100/100
|turn|16
|
|t:|1641834333
|switch|p1a: Tornadus|Tornadus-Therian, M|100/100
|move|p2a: Melmetal|Double Iron Bash|p1a: Tornadus
|-damage|p1a: Tornadus|55/100
|-damage|p1a: Tornadus|8/100
|-hitcount|p1a: Tornadus|2
|
|upkeep
|turn|17
|
|t:|1641834351
|move|p1a: Tornadus|U-turn|p2a: Melmetal
|-resisted|p2a: Melmetal
|-damage|p2a: Melmetal|96/100
|
|t:|1641834363
|switch|p1a: Ferrothorn|Ferrothorn, F|91/100 brn|[from]move: U-turn
|move|p2a: Melmetal|Toxic||[still]
|-fail|p2a: Melmetal
|
|-damage|p1a: Ferrothorn|85/100 brn|[from] brn
|upkeep
|turn|18
|
|t:|1641834375
|move|p2a: Melmetal|Superpower|p1a: Ferrothorn
|-supereffective|p1a: Ferrothorn
|-enditem|p1a: Ferrothorn|Chople Berry|[eat]
|-enditem|p1a: Ferrothorn|Chople Berry|[weaken]
|-damage|p1a: Ferrothorn|53/100 brn
|-unboost|p2a: Melmetal|atk|1
|-unboost|p2a: Melmetal|def|1
|-activate|p1a: Ferrothorn|ability: Iron Barbs
|-activate|p2a: Melmetal|item: Protective Pads
|move|p1a: Ferrothorn|Leech Seed|p2a: Melmetal
|-start|p2a: Melmetal|move: Leech Seed
|
|-damage|p2a: Melmetal|84/100|[from] Leech Seed|[of] p1a: Ferrothorn
|-heal|p1a: Ferrothorn|68/100 brn|[silent]
|-damage|p1a: Ferrothorn|62/100 brn|[from] brn
|upkeep
|turn|19
|
|t:|1641834386
|switch|p2a: Tornadus|Tornadus-Therian, M|100/100
|switch|p1a: Tapu Lele|Tapu Lele, shiny|100/100
|-fieldstart|move: Psychic Terrain|[from] ability: Psychic Surge|[of] p1a: Tapu Lele
|
|upkeep
|turn|20
|
|t:|1641834392
|move|p1a: Tapu Lele|Aromatherapy|p1a: Tapu Lele
|-activate|p1a: Tapu Lele|move: Aromatherapy
|-curestatus|p1: Rotom|tox|[msg]
|-curestatus|p1: Ferrothorn|brn|[msg]
|move|p2a: Tornadus|Hurricane|p1a: Tapu Lele|[miss]
|-miss|p2a: Tornadus|p1a: Tapu Lele
|
|upkeep
|turn|21
|
|t:|1641834407
|switch|p1a: Melmetal|Melmetal|54/100
|move|p2a: Tornadus|Hurricane|p1a: Melmetal
|-resisted|p1a: Melmetal
|-damage|p1a: Melmetal|30/100
|-start|p1a: Melmetal|confusion
|
|upkeep
|turn|22
|
|t:|1641834418
|switch|p1a: Tornadus|Tornadus-Therian, M|41/100
|move|p2a: Tornadus|Heat Wave|p1a: Tornadus|[miss]
|-miss|p2a: Tornadus|p1a: Tornadus
|
|upkeep
|turn|23
|
|t:|1641834423
|move|p1a: Tornadus|U-turn|p2a: Tornadus
|-resisted|p2a: Tornadus
|-damage|p2a: Tornadus|93/100
|
|t:|1641834435
|switch|p1a: Ferrothorn|Ferrothorn, F|62/100|[from]move: U-turn
|move|p2a: Tornadus|Hurricane|p1a: Ferrothorn|[miss]
|-miss|p2a: Tornadus|p1a: Ferrothorn
|
|-fieldend|move: Psychic Terrain
|upkeep
|turn|24
|
|t:|1641834439
|move|p2a: Tornadus|Heat Wave|p1a: Ferrothorn
|-supereffective|p1a: Ferrothorn
|-damage|p1a: Ferrothorn|0 fnt
|faint|p1a: Ferrothorn
|
|upkeep
|
|t:|1641834446
|switch|p1a: Garchomp|Garchomp, M|100/100
|turn|25
|
|t:|1641834471
|move|p2a: Tornadus|U-turn|p1a: Garchomp
|-damage|p1a: Garchomp|86/100
|-damage|p2a: Tornadus|80/100|[from] ability: Rough Skin|[of] p1a: Garchomp
|
|t:|1641834473
|switch|p2a: Rotom|Rotom-Wash|91/100|[from]move: U-turn
|move|p1a: Garchomp|Swords Dance|p1a: Garchomp
|-boost|p1a: Garchomp|atk|2
|
|-heal|p1a: Garchomp|92/100|[from] item: Leftovers
|-heal|p2a: Rotom|97/100|[from] item: Leftovers
|upkeep
|turn|26
|
|t:|1641834479
|move|p1a: Garchomp|Scale Shot|p2a: Rotom
|-damage|p2a: Rotom|72/100
|-damage|p2a: Rotom|48/100
|-damage|p2a: Rotom|22/100
|-damage|p2a: Rotom|0 fnt
|faint|p2a: Rotom
|-hitcount|p2: Rotom|4
|-unboost|p1a: Garchomp|def|1
|-boost|p1a: Garchomp|spe|1
|
|-heal|p1a: Garchomp|98/100|[from] item: Leftovers
|upkeep
|
|t:|1641834496
|switch|p2a: Tapu Lele|Tapu Lele|75/100
|-fieldstart|move: Psychic Terrain|[from] ability: Psychic Surge|[of] p2a: Tapu Lele
|turn|27
|
|t:|1641834506
|move|p1a: Garchomp|Earthquake|p2a: Tapu Lele
|-damage|p2a: Tapu Lele|0 fnt
|faint|p2a: Tapu Lele
|
|-heal|p1a: Garchomp|100/100|[from] item: Leftovers
|upkeep
|-message|Geezazero forfeited.
|
|win|Braulukas
|raw|Braulukas's rating: 1116 &rarr; <strong>1139</strong><br />(+23 for winning)
|raw|Geezazero's rating: 1093 &rarr; <strong>1071</strong><br />(-22 for losing)
|l|☆Geezazero
|l|☆Braulukas
