|j|☆Hatersmad
|j|☆zeilitonk
|t:|1641874754
|gametype|singles
|player|p1|Hatersmad|170|1489
|player|p2|zeilitonk|youngn|1500
|teamsize|p1|6
|teamsize|p2|6
|gen|8
|tier|[Gen 8] OU
|rated|
|rule|Sleep Clause Mod: Limit one foe put to sleep
|rule|Species Clause: Limit one of each Pokémon
|rule|OHKO Clause: OHKO moves are banned
|rule|Evasion Moves Clause: Evasion moves are banned
|rule|Endless Battle Clause: Forcing endless battles is banned
|rule|HP Percentage Mod: HP is shown in percentages
|rule|Dynamax Clause: You cannot dynamax
|clearpoke
|poke|p1|Slowking-Galar, M|
|poke|p1|Weavile, M|
|poke|p1|Magnezone|
|poke|p1|Garchomp, M|
|poke|p1|Corviknight, F|
|poke|p1|Urshifu-*, F|
|poke|p2|Hawlucha, M|
|poke|p2|Regieleki|
|poke|p2|Rillaboom, F|
|poke|p2|Kartana|
|poke|p2|Tapu Koko|
|poke|p2|Blacephalon|
|teampreview
|j| MarketablePlushie
|inactive|Battle timer is ON: inactive players will automatically lose when time's up. (requested by Hatersmad)
|
|t:|1641874773
|start
|switch|p1a: Garchomp|Garchomp, M, shiny|100/100
|switch|p2a: Blacephalon|Blacephalon|100/100
|turn|1
|
|t:|1641874778
|move|p1a: Garchomp|Protect|p1a: Garchomp
|-singleturn|p1a: Garchomp|Protect
|move|p2a: Blacephalon|Mind Blown|p1a: Garchomp
|-activate|p1a: Garchomp|move: Protect
|-damage|p2a: Blacephalon|50/100|[from] mindblown
|
|upkeep
|turn|2
|
|t:|1641874803
|move|p2a: Blacephalon|Mind Blown|p1a: Garchomp
|-resisted|p1a: Garchomp
|-damage|p1a: Garchomp|63/100
|-damage|p2a: Blacephalon|0 fnt|[from] mindblown
|faint|p2a: Blacephalon
|move|p1a: Garchomp|Stealth Rock|p2: Blacephalon
|-sidestart|p2: zeilitonk|move: Stealth Rock
|
|-heal|p1a: Garchomp|70/100|[from] item: Leftovers
|upkeep
|
|t:|1641874813
|switch|p2a: Kartana|Kartana|100/100
|-damage|p2a: Kartana|94/100|[from] Stealth Rock
|turn|3
|c|☆Hatersmad|is that not specs?
|
|t:|1641874817
|move|p2a: Kartana|Leaf Blade|p1a: Garchomp
|-damage|p1a: Garchomp|15/100
|-damage|p2a: Kartana|82/100|[from] ability: Rough Skin|[of] p1a: Garchomp
|-damage|p2a: Kartana|72/100|[from] item: Life Orb
|move|p1a: Garchomp|Earthquake|p2a: Kartana
|-damage|p2a: Kartana|25/100
|
|-heal|p1a: Garchomp|21/100|[from] item: Leftovers
|upkeep
|turn|4
|
|t:|1641874822
|switch|p1a: Corviknight|Corviknight, F, shiny|100/100
|-ability|p1a: Corviknight|Pressure
|move|p2a: Kartana|Knock Off|p1a: Corviknight
|-damage|p1a: Corviknight|66/100
|-damage|p2a: Kartana|8/100|[from] item: Rocky Helmet|[of] p1a: Corviknight
|-enditem|p1a: Corviknight|Rocky Helmet|[from] move: Knock Off|[of] p2a: Kartana
|-damage|p2a: Kartana|0 fnt|[from] item: Life Orb
|faint|p2a: Kartana
|
|upkeep
|
|t:|1641874826
|switch|p2a: Tapu Koko|Tapu Koko|100/100
|-damage|p2a: Tapu Koko|88/100|[from] Stealth Rock
|-fieldstart|move: Electric Terrain|[from] ability: Electric Surge|[of] p2a: Tapu Koko
|turn|5
|
|t:|1641874830
|switch|p1a: Garchomp|Garchomp, M, shiny|21/100
|move|p2a: Tapu Koko|Thunderbolt|p1a: Garchomp
|-immune|p1a: Garchomp
|
|-heal|p1a: Garchomp|27/100|[from] item: Leftovers
|upkeep
|turn|6
|
|t:|1641874833
|switch|p1a: Slowking|Slowking-Galar, M, shiny|100/100
|move|p2a: Tapu Koko|Dazzling Gleam|p1a: Slowking
|-resisted|p1a: Slowking
|-damage|p1a: Slowking|91/100
|
|upkeep
|turn|7
|
|t:|1641874835
|move|p2a: Tapu Koko|Volt Switch|p1a: Slowking
|-crit|p1a: Slowking
|-damage|p1a: Slowking|63/100
|
|t:|1641874838
|switch|p2a: Regieleki|Regieleki|100/100|[from]move: Volt Switch
|-damage|p2a: Regieleki|88/100|[from] Stealth Rock
|move|p1a: Slowking|Sludge Bomb|p2a: Regieleki
|-damage|p2a: Regieleki|0 fnt
|faint|p2a: Regieleki
|
|upkeep
|
|t:|1641874839
|switch|p2a: Hawlucha|Hawlucha, M|100/100
|-damage|p2a: Hawlucha|88/100|[from] Stealth Rock
|-enditem|p2a: Hawlucha|Electric Seed
|-boost|p2a: Hawlucha|def|1|[from] item: Electric Seed
|turn|8
|
|t:|1641874842
|move|p2a: Hawlucha|Swords Dance|p2a: Hawlucha
|-boost|p2a: Hawlucha|atk|2
|move|p1a: Slowking|Future Sight|p2a: Hawlucha
|-start|p1a: Slowking|move: Future Sight
|
|upkeep
|turn|9
|
|t:|1641874846
|switch|p1a: Garchomp|Garchomp, M, shiny|27/100
|move|p2a: Hawlucha|Acrobatics|p1a: Garchomp
|-damage|p1a: Garchomp|0 fnt
|-damage|p2a: Hawlucha|76/100|[from] ability: Rough Skin|[of] p1a: Garchomp
|faint|p1a: Garchomp
|
|upkeep
|
|t:|1641874850
|switch|p1a: Corviknight|Corviknight, F, shiny|66/100
|-ability|p1a: Corviknight|Pressure
|turn|10
|
|t:|1641874852
|move|p2a: Hawlucha|Close Combat|p1a: Corviknight
|-damage|p1a: Corviknight|1/100
|-unboost|p2a: Hawlucha|def|1
|-unboost|p2a: Hawlucha|spd|1
|move|p1a: Corviknight|Roost|p1a: Corviknight
|-heal|p1a: Corviknight|51/100
|-singleturn|p1a: Corviknight|move: Roost
|
|-end|p2a: Hawlucha|move: Future Sight
|-supereffective|p2a: Hawlucha
|-damage|p2a: Hawlucha|0 fnt
|faint|p2a: Hawlucha
|upkeep
|
|t:|1641874856
|switch|p2a: Tapu Koko|Tapu Koko|88/100
|-damage|p2a: Tapu Koko|76/100|[from] Stealth Rock
|turn|11
|
|t:|1641874859
|switch|p1a: Slowking|Slowking-Galar, M, shiny|96/100
|move|p2a: Tapu Koko|Thunderbolt|p1a: Slowking
|-damage|p1a: Slowking|72/100
|
|upkeep
|turn|12
|
|t:|1641874862
|move|p2a: Tapu Koko|Thunderbolt|p1a: Slowking
|-damage|p1a: Slowking|48/100
|move|p1a: Slowking|Future Sight|p2a: Tapu Koko
|-start|p1a: Slowking|move: Future Sight
|
|-fieldend|move: Electric Terrain
|upkeep
|turn|13
|
|t:|1641874865
|move|p2a: Tapu Koko|Thunderbolt|p1a: Slowking
|-crit|p1a: Slowking
|-damage|p1a: Slowking|18/100
|move|p1a: Slowking|Sludge Bomb|p2a: Tapu Koko
|-supereffective|p2a: Tapu Koko
|-damage|p2a: Tapu Koko|0 fnt
|faint|p2a: Tapu Koko
|
|upkeep
|
|t:|1641874868
|switch|p2a: Rillaboom|Rillaboom, F|100/100
|-damage|p2a: Rillaboom|88/100|[from] Stealth Rock
|-fieldstart|move: Grassy Terrain|[from] ability: Grassy Surge|[of] p2a: Rillaboom
|turn|14
|
|t:|1641874870
|switch|p1a: Corviknight|Corviknight, F, shiny|51/100
|-ability|p1a: Corviknight|Pressure
|move|p2a: Rillaboom|Knock Off|p1a: Corviknight
|-damage|p1a: Corviknight|35/100
|-damage|p2a: Rillaboom|78/100|[from] item: Life Orb
|
|-end|p2a: Rillaboom|move: Future Sight
|-damage|p2a: Rillaboom|3/100
|-heal|p2a: Rillaboom|9/100|[from] Grassy Terrain
|upkeep
|turn|15
|
|t:|1641874878
|move|p2a: Rillaboom|Drain Punch|p1a: Corviknight
|-damage|p1a: Corviknight|15/100
|-heal|p2a: Rillaboom|21/100|[from] drain|[of] p1a: Corviknight
|-damage|p2a: Rillaboom|11/100|[from] item: Life Orb
|move|p1a: Corviknight|Brave Bird|p2a: Rillaboom
|-supereffective|p2a: Rillaboom
|-damage|p2a: Rillaboom|0 fnt
|faint|p2a: Rillaboom
|-damage|p1a: Corviknight|12/100|[from] Recoil
|
|win|Hatersmad
|raw|Hatersmad's rating: 1489 &rarr; <strong>1510</strong><br />(+21 for winning)
|raw|zeilitonk's rating: 1500 &rarr; <strong>1479</strong><br />(-21 for losing)
|l|☆zeilitonk
