|j|‽testingbot42o
|j|☆cangyue
|t:|1641793762
|gametype|singles
|player|p1|testingbot42o|102|1351
|player|p2|cangyue|lady|1360
|teamsize|p1|6
|teamsize|p2|6
|gen|8
|tier|[Gen 8] OU
|rated|
|rule|Sleep Clause Mod: Limit one foe put to sleep
|rule|Species Clause: Limit one of each Pokémon
|rule|OHKO Clause: OHKO moves are banned
|rule|Evasion Moves Clause: Evasion moves are banned
|rule|Endless Battle Clause: Forcing endless battles is banned
|rule|HP Percentage Mod: HP is shown in percentages
|rule|Dynamax Clause: You cannot dynamax
|clearpoke
|poke|p1|Clefable, M|
|poke|p1|Corviknight, F|
|poke|p1|Hydreigon, F|
|poke|p1|Rotom-Wash|
|poke|p1|Hippowdon, M|
|poke|p1|Excadrill, M|
|poke|p2|Ninetales-Alola, M|
|poke|p2|Seismitoad, F|
|poke|p2|Tornadus-Therian, M|
|poke|p2|Slowbro-Galar, F|
|poke|p2|Clefable, M|
|poke|p2|Magnezone|
|teampreview
|inactive|Battle timer is ON: inactive players will automatically lose when time's up. (requested by testingbot42o)
|
|t:|1641793771
|start
|switch|p1a: Rotom|Rotom-Wash|100/100
|switch|p2a: Seismitoad|Seismitoad, F|100/100
|turn|1
|
|t:|1641793777
|move|p1a: Rotom|Will-O-Wisp|p2a: Seismitoad|[miss]
|-miss|p1a: Rotom|p2a: Seismitoad
|move|p2a: Seismitoad|Knock Off|p1a: Rotom
|-damage|p1a: Rotom|73/100
|-enditem|p1a: Rotom|Choice Scarf|[from] move: Knock Off|[of] p2a: Seismitoad
|
|upkeep
|turn|2
|
|t:|1641793783
|move|p1a: Rotom|Will-O-Wisp|p2a: Seismitoad
|-status|p2a: Seismitoad|brn
|move|p2a: Seismitoad|Toxic|p1a: Rotom
|-status|p1a: Rotom|tox
|
|-damage|p1a: Rotom|67/100 tox|[from] psn
|-damage|p2a: Seismitoad|94/100 brn|[from] brn
|upkeep
|turn|3
|
|t:|1641793788
|switch|p1a: Corviknight|Corviknight, F|100/100
|-ability|p1a: Corviknight|Pressure
|move|p2a: Seismitoad|Stealth Rock|p1a: Corviknight
|-sidestart|p1: testingbot42o|move: Stealth Rock
|
|-heal|p2a: Seismitoad|100/100 brn|[from] item: Leftovers
|-damage|p2a: Seismitoad|94/100 brn|[from] brn
|upkeep
|turn|4
|
|t:|1641793792
|move|p1a: Corviknight|Bulk Up|p1a: Corviknight
|-boost|p1a: Corviknight|atk|1
|-boost|p1a: Corviknight|def|1
|move|p2a: Seismitoad|Knock Off|p1a: Corviknight
|-damage|p1a: Corviknight|95/100
|-enditem|p1a: Corviknight|Leftovers|[from] move: Knock Off|[of] p2a: Seismitoad
|
|-heal|p2a: Seismitoad|100/100 brn|[from] item: Leftovers
|-damage|p2a: Seismitoad|94/100 brn|[from] brn
|upkeep
|turn|5
|
|t:|1641793797
|switch|p2a: Clefable|Clefable, M|100/100
|move|p1a: Corviknight|Brave Bird|p2a: Clefable
|-damage|p2a: Clefable|68/100
|-damage|p1a: Corviknight|84/100|[from] Recoil
|
|-heal|p2a: Clefable|74/100|[from] item: Leftovers
|upkeep
|turn|6
|
|t:|1641793799
|move|p1a: Corviknight|Bulk Up|p1a: Corviknight
|-boost|p1a: Corviknight|atk|1
|-boost|p1a: Corviknight|def|1
|move|p2a: Clefable|Cosmic Power|p2a: Clefable
|-boost|p2a: Clefable|def|1
|-boost|p2a: Clefable|spd|1
|
|-heal|p2a: Clefable|80/100|[from] item: Leftovers
|upkeep
|turn|7
|
|t:|1641793803
|move|p1a: Corviknight|Substitute|p1a: Corviknight
|-start|p1a: Corviknight|Substitute
|-damage|p1a: Corviknight|59/100
|move|p2a: Clefable|Cosmic Power|p2a: Clefable
|-boost|p2a: Clefable|def|1
|-boost|p2a: Clefable|spd|1
|
|-heal|p2a: Clefable|86/100|[from] item: Leftovers
|upkeep
|turn|8
|
|t:|1641793805
|move|p1a: Corviknight|Bulk Up|p1a: Corviknight
|-boost|p1a: Corviknight|atk|1
|-boost|p1a: Corviknight|def|1
|move|p2a: Clefable|Cosmic Power|p2a: Clefable
|-boost|p2a: Clefable|def|1
|-boost|p2a: Clefable|spd|1
|
|-heal|p2a: Clefable|92/100|[from] item: Leftovers
|upkeep
|turn|9
|
|t:|1641793815
|move|p1a: Corviknight|Bulk Up|p1a: Corviknight
|-boost|p1a: Corviknight|atk|1
|-boost|p1a: Corviknight|def|1
|move|p2a: Clefable|Cosmic Power|p2a: Clefable
|-boost|p2a: Clefable|def|1
|-boost|p2a: Clefable|spd|1
|
|-heal|p2a: Clefable|98/100|[from] item: Leftovers
|upkeep
|turn|10
|
|t:|1641793823
|move|p1a: Corviknight|Roost|p1a: Corviknight
|-heal|p1a: Corviknight|100/100
|-singleturn|p1a: Corviknight|move: Roost
|move|p2a: Clefable|Stored Power|p1a: Corviknight
|-resisted|p1a: Corviknight
|-activate|p1a: Corviknight|move: Substitute|[damage]
|
|-heal|p2a: Clefable|100/100|[from] item: Leftovers
|upkeep
|turn|11
|
|t:|1641793827
|move|p1a: Corviknight|Bulk Up|p1a: Corviknight
|-boost|p1a: Corviknight|atk|1
|-boost|p1a: Corviknight|def|1
|move|p2a: Clefable|Cosmic Power|p2a: Clefable
|-boost|p2a: Clefable|def|1
|-boost|p2a: Clefable|spd|1
|
|upkeep
|turn|12
|
|t:|1641793840
|move|p1a: Corviknight|Bulk Up|p1a: Corviknight
|-boost|p1a: Corviknight|atk|1
|-boost|p1a: Corviknight|def|1
|move|p2a: Clefable|Cosmic Power|p2a: Clefable
|-boost|p2a: Clefable|def|1
|-boost|p2a: Clefable|spd|1
|
|upkeep
|turn|13
|
|t:|1641793842
|move|p1a: Corviknight|Substitute|p1a: Corviknight
|-fail|p1a: Corviknight|move: Substitute
|move|p2a: Clefable|Stored Power|p1a: Corviknight
|-resisted|p1a: Corviknight
|-end|p1a: Corviknight|Substitute
|
|upkeep
|turn|14
|
|t:|1641793848
|move|p1a: Corviknight|Substitute|p1a: Corviknight
|-start|p1a: Corviknight|Substitute
|-damage|p1a: Corviknight|75/100
|move|p2a: Clefable|Stored Power|p1a: Corviknight
|-resisted|p1a: Corviknight
|-end|p1a: Corviknight|Substitute
|
|upkeep
|turn|15
|
|t:|1641793851
|move|p1a: Corviknight|Substitute|p1a: Corviknight
|-start|p1a: Corviknight|Substitute
|-damage|p1a: Corviknight|50/100
|move|p2a: Clefable|Stored Power|p1a: Corviknight
|-resisted|p1a: Corviknight
|-end|p1a: Corviknight|Substitute
|
|upkeep
|turn|16
|
|t:|1641793855
|move|p1a: Corviknight|Roost|p1a: Corviknight
|-heal|p1a: Corviknight|100/100
|-singleturn|p1a: Corviknight|move: Roost
|move|p2a: Clefable|Stored Power|p1a: Corviknight
|-resisted|p1a: Corviknight
|-damage|p1a: Corviknight|75/100
|
|upkeep
|turn|17
|
|t:|1641793858
|move|p1a: Corviknight|Substitute|p1a: Corviknight
|-start|p1a: Corviknight|Substitute
|-damage|p1a: Corviknight|50/100
|move|p2a: Clefable|Charge Beam|p1a: Corviknight
|-supereffective|p1a: Corviknight
|-activate|p1a: Corviknight|move: Substitute|[damage]
|-boost|p2a: Clefable|spa|1
|
|upkeep
|turn|18
|
|t:|1641793861
|move|p1a: Corviknight|Roost|p1a: Corviknight
|-heal|p1a: Corviknight|99/100
|-singleturn|p1a: Corviknight|move: Roost
|move|p2a: Clefable|Charge Beam|p1a: Corviknight
|-end|p1a: Corviknight|Substitute
|-boost|p2a: Clefable|spa|1
|
|upkeep
|turn|19
|
|t:|1641793865
|move|p1a: Corviknight|Substitute|p1a: Corviknight
|-start|p1a: Corviknight|Substitute
|-damage|p1a: Corviknight|75/100
|move|p2a: Clefable|Charge Beam|p1a: Corviknight
|-supereffective|p1a: Corviknight
|-end|p1a: Corviknight|Substitute
|-boost|p2a: Clefable|spa|1
|
|upkeep
|turn|20
|
|t:|1641793871
|move|p1a: Corviknight|Substitute|p1a: Corviknight
|-start|p1a: Corviknight|Substitute
|-damage|p1a: Corviknight|50/100
|move|p2a: Clefable|Charge Beam|p1a: Corviknight
|-supereffective|p1a: Corviknight
|-end|p1a: Corviknight|Substitute
|-boost|p2a: Clefable|spa|1
|
|upkeep
|turn|21
|
|t:|1641793878
|switch|p1a: Rotom|Rotom-Wash|67/100 tox
|-damage|p1a: Rotom|54/100 tox|[from] Stealth Rock
|move|p2a: Clefable|Charge Beam|p1a: Rotom
|-damage|p1a: Rotom|16/100 tox
|
|-damage|p1a: Rotom|10/100 tox|[from] psn
|upkeep
|turn|22
|
|t:|1641793884
|move|p1a: Rotom|Hydro Pump|p2a: Clefable
|-damage|p2a: Clefable|90/100
|move|p2a: Clefable|Stored Power|p1a: Rotom
|-damage|p1a: Rotom|0 fnt
|faint|p1a: Rotom
|
|-heal|p2a: Clefable|96/100|[from] item: Leftovers
|upkeep
|
|t:|1641793884
|switch|p1a: Hydreigon|Hydreigon, F|100/100
|-damage|p1a: Hydreigon|88/100|[from] Stealth Rock
|turn|23
|
|t:|1641793889
|move|p1a: Hydreigon|Substitute|p1a: Hydreigon
|-start|p1a: Hydreigon|Substitute
|-damage|p1a: Hydreigon|63/100
|move|p2a: Clefable|Charge Beam|p1a: Hydreigon
|-resisted|p1a: Hydreigon
|-activate|p1a: Hydreigon|move: Substitute|[damage]
|-boost|p2a: Clefable|spa|1
|
|-heal|p1a: Hydreigon|69/100|[from] item: Leftovers
|-heal|p2a: Clefable|100/100|[from] item: Leftovers
|upkeep
|turn|24
|
|t:|1641793891
|move|p1a: Hydreigon|Nasty Plot|p1a: Hydreigon
|-boost|p1a: Hydreigon|spa|2
|move|p2a: Clefable|Charge Beam|p1a: Hydreigon
|-resisted|p1a: Hydreigon
|-end|p1a: Hydreigon|Substitute
|-boost|p2a: Clefable|spa|1
|
|-heal|p1a: Hydreigon|76/100|[from] item: Leftovers
|upkeep
|turn|25
|
|t:|1641793907
|move|p1a: Hydreigon|Substitute|p1a: Hydreigon
|-start|p1a: Hydreigon|Substitute
|-damage|p1a: Hydreigon|51/100
|move|p2a: Clefable|Charge Beam|p1a: Hydreigon
|-resisted|p1a: Hydreigon
|-activate|p1a: Hydreigon|move: Substitute|[damage]
|
|-heal|p1a: Hydreigon|57/100|[from] item: Leftovers
|upkeep
|turn|26
|
|t:|1641793909
|move|p1a: Hydreigon|Nasty Plot|p1a: Hydreigon
|-boost|p1a: Hydreigon|spa|2
|move|p2a: Clefable|Charge Beam|p1a: Hydreigon
|-resisted|p1a: Hydreigon
|-end|p1a: Hydreigon|Substitute
|
|-heal|p1a: Hydreigon|63/100|[from] item: Leftovers
|upkeep
|turn|27
|
|t:|1641793929
|move|p1a: Hydreigon|Substitute|p1a: Hydreigon
|-start|p1a: Hydreigon|Substitute
|-damage|p1a: Hydreigon|38/100
|move|p2a: Clefable|Charge Beam|p1a: Hydreigon
|-resisted|p1a: Hydreigon
|-activate|p1a: Hydreigon|move: Substitute|[damage]
|
|-heal|p1a: Hydreigon|44/100|[from] item: Leftovers
|upkeep
|turn|28
|
|t:|1641793932
|move|p1a: Hydreigon|Flash Cannon|p2a: Clefable
|-supereffective|p2a: Clefable
|-damage|p2a: Clefable|89/100
|move|p2a: Clefable|Charge Beam|p1a: Hydreigon
|-resisted|p1a: Hydreigon
|-end|p1a: Hydreigon|Substitute
|
|-heal|p1a: Hydreigon|50/100|[from] item: Leftovers
|-heal|p2a: Clefable|95/100|[from] item: Leftovers
|upkeep
|turn|29
|
|t:|1641793950
|switch|p2a: Tornadus|Tornadus-Therian, M|100/100
|move|p1a: Hydreigon|Substitute|p1a: Hydreigon
|-start|p1a: Hydreigon|Substitute
|-damage|p1a: Hydreigon|25/100
|
|-heal|p1a: Hydreigon|32/100|[from] item: Leftovers
|upkeep
|turn|30
|
|t:|1641793958
|move|p2a: Tornadus|Weather Ball|p1a: Hydreigon
|-activate|p1a: Hydreigon|move: Substitute|[damage]
|move|p1a: Hydreigon|Dark Pulse|p2a: Tornadus
|-damage|p2a: Tornadus|0 fnt
|faint|p2a: Tornadus
|
|-heal|p1a: Hydreigon|38/100|[from] item: Leftovers
|upkeep
|
|t:|1641793967
|switch|p2a: Ninetales|Ninetales-Alola, M|100/100
|-weather|Hail|[from] ability: Snow Warning|[of] p2a: Ninetales
|turn|31
|
|t:|1641793970
|move|p2a: Ninetales|Encore|p1a: Hydreigon
|-start|p1a: Hydreigon|Encore
|move|p1a: Hydreigon|Dark Pulse|p2a: Ninetales
|-resisted|p2a: Ninetales
|-damage|p2a: Ninetales|25/100
|
|-weather|Hail|[upkeep]
|-damage|p1a: Hydreigon|32/100|[from] Hail
|-heal|p1a: Hydreigon|38/100|[from] item: Leftovers
|upkeep
|turn|32
|
|t:|1641793974
|move|p2a: Ninetales|Aurora Veil|p2a: Ninetales
|-sidestart|p2: cangyue|move: Aurora Veil
|move|p1a: Hydreigon|Dark Pulse|p2a: Ninetales
|-resisted|p2a: Ninetales
|-damage|p2a: Ninetales|0 fnt
|faint|p2a: Ninetales
|
|-weather|Hail|[upkeep]
|-damage|p1a: Hydreigon|32/100|[from] Hail
|-heal|p1a: Hydreigon|38/100|[from] item: Leftovers
|upkeep
|
|t:|1641793985
|switch|p2a: Magnezone|Magnezone|100/100
|-item|p2a: Magnezone|Air Balloon
|turn|33
|
|t:|1641793988
|move|p1a: Hydreigon|Dark Pulse|p2a: Magnezone
|-damage|p2a: Magnezone|33/100
|-enditem|p2a: Magnezone|Air Balloon
|move|p2a: Magnezone|Flash Cannon|p1a: Hydreigon
|-end|p1a: Hydreigon|Substitute
|
|-weather|Hail|[upkeep]
|-damage|p1a: Hydreigon|32/100|[from] Hail
|-damage|p2a: Magnezone|27/100|[from] Hail
|-heal|p1a: Hydreigon|38/100|[from] item: Leftovers
|-end|p1a: Hydreigon|Encore
|upkeep
|turn|34
|
|t:|1641793993
|move|p1a: Hydreigon|Dark Pulse|p2a: Magnezone
|-damage|p2a: Magnezone|0 fnt
|faint|p2a: Magnezone
|
|-weather|Hail|[upkeep]
|-damage|p1a: Hydreigon|32/100|[from] Hail
|-heal|p1a: Hydreigon|38/100|[from] item: Leftovers
|upkeep
|
|t:|1641793998
|switch|p2a: Slowbro|Slowbro-Galar, F|100/100
|turn|35
|-activate|p2a: Slowbro|ability: Quick Draw
|
|t:|1641794000
|move|p2a: Slowbro|Ice Beam|p1a: Hydreigon
|-supereffective|p1a: Hydreigon
|-damage|p1a: Hydreigon|0 fnt
|faint|p1a: Hydreigon
|
|-weather|none
|upkeep
|
|t:|1641794000
|switch|p1a: Corviknight|Corviknight, F|50/100
|-damage|p1a: Corviknight|37/100|[from] Stealth Rock
|-ability|p1a: Corviknight|Pressure
|turn|36
|
|t:|1641794008
|move|p1a: Corviknight|Roost|p1a: Corviknight
|-heal|p1a: Corviknight|87/100
|-singleturn|p1a: Corviknight|move: Roost
|move|p2a: Slowbro|Nasty Plot|p2a: Slowbro
|-boost|p2a: Slowbro|spa|2
|
|upkeep
|turn|37
|
|t:|1641794011
|move|p1a: Corviknight|Substitute|p1a: Corviknight
|-start|p1a: Corviknight|Substitute
|-damage|p1a: Corviknight|62/100
|move|p2a: Slowbro|Focus Blast|p1a: Corviknight
|-end|p1a: Corviknight|Substitute
|
|upkeep
|turn|38
|-activate|p2a: Slowbro|ability: Quick Draw
|
|t:|1641794017
|move|p2a: Slowbro|Focus Blast|p1a: Corviknight
|-damage|p1a: Corviknight|0 fnt
|faint|p1a: Corviknight
|
|upkeep
|
|t:|1641794017
|switch|p1a: Excadrill|Excadrill, M|100/100
|-damage|p1a: Excadrill|97/100|[from] Stealth Rock
|turn|39
|-activate|p2a: Slowbro|ability: Quick Draw
|
|t:|1641794023
|move|p2a: Slowbro|Focus Blast|p1a: Excadrill
|-supereffective|p1a: Excadrill
|-damage|p1a: Excadrill|0 fnt
|faint|p1a: Excadrill
|
|-sideend|p2: cangyue|move: Aurora Veil
|upkeep
|
|t:|1641794023
|switch|p1a: Hippowdon|Hippowdon, M|100/100
|-damage|p1a: Hippowdon|94/100|[from] Stealth Rock
|-weather|Sandstorm|[from] ability: Sand Stream|[of] p1a: Hippowdon
|turn|40
|-activate|p2a: Slowbro|item: Quick Claw
|
|t:|1641794030
|move|p2a: Slowbro|Ice Beam|p1a: Hippowdon
|-supereffective|p1a: Hippowdon
|-damage|p1a: Hippowdon|0 fnt
|faint|p1a: Hippowdon
|
|-weather|Sandstorm|[upkeep]
|-damage|p2a: Slowbro|94/100|[from] Sandstorm
|upkeep
|
|t:|1641794030
|switch|p1a: Clefable|Clefable, M|100/100
|turn|41
|-activate|p2a: Slowbro|ability: Quick Draw
|
|t:|1641794037
|move|p2a: Slowbro|Psyshock|p1a: Clefable
|-damage|p1a: Clefable|4/100
|move|p1a: Clefable|Thunderbolt|p2a: Slowbro
|-damage|p2a: Slowbro|56/100
|
|-weather|Sandstorm|[upkeep]
|-damage|p2a: Slowbro|50/100|[from] Sandstorm
|upkeep
|turn|42
|
|t:|1641794044
|move|p1a: Clefable|Thunderbolt|p2a: Slowbro
|-damage|p2a: Slowbro|9/100
|move|p2a: Slowbro|Ice Beam|p1a: Clefable
|-damage|p1a: Clefable|0 fnt
|faint|p1a: Clefable
|
|win|cangyue
|raw|testingbot42o's rating: 1351 &rarr; <strong>1332</strong><br />(-19 for losing)
|raw|cangyue's rating: 1360 &rarr; <strong>1379</strong><br />(+19 for winning)
|l|‽testingbot42o
