|j|☆GoldenTTRex1
|j|☆Khinelalala
|t:|1641867469
|gametype|singles
|player|p1|GoldenTTRex1|hilbert-wonderlauncher|1490
|player|p2|Khinelalala|firebreather|1572
|teamsize|p1|6
|teamsize|p2|6
|gen|8
|tier|[Gen 8] OU
|rated|
|rule|Sleep Clause Mod: Limit one foe put to sleep
|rule|Species Clause: Limit one of each Pokémon
|rule|OHKO Clause: OHKO moves are banned
|rule|Evasion Moves Clause: Evasion moves are banned
|rule|Endless Battle Clause: Forcing endless battles is banned
|rule|HP Percentage Mod: HP is shown in percentages
|rule|Dynamax Clause: You cannot dynamax
|clearpoke
|poke|p1|Hawlucha, M|
|poke|p1|Pelipper, F|
|poke|p1|Ferrothorn, F|
|poke|p1|Seismitoad, M|
|poke|p1|Tapu Koko|
|poke|p1|Kingdra, M|
|poke|p2|Drednaw, F|
|poke|p2|Pelipper, F|
|poke|p2|Barraskewda, F|
|poke|p2|Seismitoad, M|
|poke|p2|Dragapult, F|
|poke|p2|Ferrothorn, F|
|teampreview
|inactive|Battle timer is ON: inactive players will automatically lose when time's up. (requested by GoldenTTRex1)
|
|t:|1641867487
|start
|switch|p1a: Tapu Koko|Tapu Koko|100/100
|switch|p2a: Dragapult|Dragapult, F|100/100
|-fieldstart|move: Electric Terrain|[from] ability: Electric Surge|[of] p1a: Tapu Koko
|turn|1
|
|t:|1641867490
|move|p2a: Dragapult|Shadow Ball|p1a: Tapu Koko
|-damage|p1a: Tapu Koko|24/100
|move|p1a: Tapu Koko|Dazzling Gleam|p2a: Dragapult
|-supereffective|p2a: Dragapult
|-damage|p2a: Dragapult|9/100
|
|upkeep
|turn|2
|
|t:|1641867506
|move|p2a: Dragapult|Shadow Ball|p1a: Tapu Koko
|-damage|p1a: Tapu Koko|0 fnt
|faint|p1a: Tapu Koko
|
|upkeep
|
|t:|1641867509
|switch|p1a: Hawlucha|Hawlucha, M|100/100
|-enditem|p1a: Hawlucha|Electric Seed
|-boost|p1a: Hawlucha|def|1|[from] item: Electric Seed
|turn|3
|
|t:|1641867514
|switch|p2a: Pelipper|Pelipper, F|100/100
|-weather|RainDance|[from] ability: Drizzle|[of] p2a: Pelipper
|move|p1a: Hawlucha|Swords Dance|p1a: Hawlucha
|-boost|p1a: Hawlucha|atk|2
|
|-weather|RainDance|[upkeep]
|upkeep
|turn|4
|
|t:|1641867540
|move|p1a: Hawlucha|Acrobatics|p2a: Pelipper
|-damage|p2a: Pelipper|22/100
|move|p2a: Pelipper|Scald|p1a: Hawlucha
|-damage|p1a: Hawlucha|37/100
|
|-weather|RainDance|[upkeep]
|upkeep
|turn|5
|inactive|GoldenTTRex1 has 120 seconds left.
|
|t:|1641867567
|switch|p2a: Dragapult|Dragapult, F|9/100
|move|p1a: Hawlucha|Drain Punch|p2a: Dragapult
|-immune|p2a: Dragapult
|
|-weather|RainDance|[upkeep]
|-fieldend|move: Electric Terrain
|upkeep
|turn|6
|
|t:|1641867579
|move|p1a: Hawlucha|Acrobatics|p2a: Dragapult
|-damage|p2a: Dragapult|0 fnt
|faint|p2a: Dragapult
|
|-weather|RainDance|[upkeep]
|upkeep
|
|t:|1641867581
|switch|p2a: Barraskewda|Barraskewda, F|100/100
|turn|7
|inactive|GoldenTTRex1 has 120 seconds left.
|
|t:|1641867619
|switch|p1a: Ferrothorn|Ferrothorn, F|100/100
|move|p2a: Barraskewda|Liquidation|p1a: Ferrothorn
|-resisted|p1a: Ferrothorn
|-damage|p1a: Ferrothorn|65/100
|-damage|p2a: Barraskewda|88/100|[from] ability: Iron Barbs|[of] p1a: Ferrothorn
|
|-weather|RainDance|[upkeep]
|-heal|p1a: Ferrothorn|71/100|[from] item: Leftovers
|upkeep
|turn|8
|
|t:|1641867628
|switch|p2a: Seismitoad|Seismitoad, M|100/100
|move|p1a: Ferrothorn|Leech Seed|p2a: Seismitoad
|-start|p2a: Seismitoad|move: Leech Seed
|
|-weather|RainDance|[upkeep]
|-heal|p1a: Ferrothorn|77/100|[from] item: Leftovers
|-damage|p2a: Seismitoad|88/100|[from] Leech Seed|[of] p1a: Ferrothorn
|-heal|p1a: Ferrothorn|89/100|[silent]
|upkeep
|turn|9
|
|t:|1641867634
|move|p1a: Ferrothorn|Protect|p1a: Ferrothorn
|-singleturn|p1a: Ferrothorn|Protect
|move|p2a: Seismitoad|Focus Blast|p1a: Ferrothorn
|-activate|p1a: Ferrothorn|move: Protect
|
|-weather|RainDance|[upkeep]
|-heal|p1a: Ferrothorn|96/100|[from] item: Leftovers
|-damage|p2a: Seismitoad|76/100|[from] Leech Seed|[of] p1a: Ferrothorn
|-heal|p1a: Ferrothorn|100/100|[silent]
|upkeep
|turn|10
|
|t:|1641867636
|move|p2a: Seismitoad|Focus Blast|p1a: Ferrothorn
|-supereffective|p1a: Ferrothorn
|-crit|p1a: Ferrothorn
|-damage|p1a: Ferrothorn|0 fnt
|faint|p1a: Ferrothorn
|-damage|p2a: Seismitoad|66/100|[from] item: Life Orb
|
|-weather|none
|upkeep
|
|t:|1641867640
|switch|p1a: Pelipper|Pelipper, F|100/100
|-weather|RainDance|[from] ability: Drizzle|[of] p1a: Pelipper
|turn|11
|
|t:|1641867650
|switch|p2a: Pelipper|Pelipper, F|22/100
|move|p1a: Pelipper|U-turn|p2a: Pelipper
|-resisted|p2a: Pelipper
|-crit|p2a: Pelipper
|-damage|p2a: Pelipper|18/100
|
|t:|1641867654
|switch|p1a: Kingdra|Kingdra, M|100/100|[from]move: U-turn
|
|-weather|RainDance|[upkeep]
|upkeep
|turn|12
|
|t:|1641867656
|move|p1a: Kingdra|Surf|p2a: Pelipper
|-resisted|p2a: Pelipper
|-damage|p2a: Pelipper|0 fnt
|faint|p2a: Pelipper
|
|-weather|RainDance|[upkeep]
|upkeep
|
|t:|1641867659
|switch|p2a: Ferrothorn|Ferrothorn, F|100/100
|turn|13
|
|t:|1641867674
|switch|p1a: Hawlucha|Hawlucha, M|37/100
|move|p2a: Ferrothorn|Leech Seed|p1a: Hawlucha
|-start|p1a: Hawlucha|move: Leech Seed
|
|-weather|RainDance|[upkeep]
|-damage|p1a: Hawlucha|25/100|[from] Leech Seed|[of] p2a: Ferrothorn
|upkeep
|turn|14
|
|t:|1641867703
|switch|p2a: Seismitoad|Seismitoad, M|66/100
|move|p1a: Hawlucha|Drain Punch|p2a: Seismitoad
|-crit|p2a: Seismitoad
|-damage|p2a: Seismitoad|0 fnt
|-heal|p1a: Hawlucha|61/100|[from] drain|[of] p2a: Seismitoad
|faint|p2a: Seismitoad
|
|-weather|RainDance|[upkeep]
|upkeep
|
|t:|1641867710
|switch|p2a: Barraskewda|Barraskewda, F|88/100
|turn|15
|
|t:|1641867732
|switch|p1a: Pelipper|Pelipper, F|100/100
|move|p2a: Barraskewda|Liquidation|p1a: Pelipper
|-resisted|p1a: Pelipper
|-damage|p1a: Pelipper|50/100
|
|-weather|RainDance|[upkeep]
|upkeep
|turn|16
|
|t:|1641867739
|move|p2a: Barraskewda|Liquidation|p1a: Pelipper
|-resisted|p1a: Pelipper
|-damage|p1a: Pelipper|2/100
|-unboost|p1a: Pelipper|def|1
|move|p1a: Pelipper|U-turn|p2a: Barraskewda
|-damage|p2a: Barraskewda|72/100
|
|t:|1641867756
|switch|p1a: Kingdra|Kingdra, M|100/100|[from]move: U-turn
|
|-weather|RainDance|[upkeep]
|upkeep
|turn|17
|
|t:|1641867760
|switch|p2a: Ferrothorn|Ferrothorn, F|100/100
|move|p1a: Kingdra|Surf|p2a: Ferrothorn
|-resisted|p2a: Ferrothorn
|-damage|p2a: Ferrothorn|64/100
|
|-weather|RainDance|[upkeep]
|upkeep
|turn|18
|
|t:|1641867775
|switch|p1a: Pelipper|Pelipper, F|2/100
|switch|p2a: Barraskewda|Barraskewda, F|72/100
|
|-weather|none
|upkeep
|turn|19
|
|t:|1641867779
|switch|p1a: Hawlucha|Hawlucha, M|61/100
|move|p2a: Barraskewda|Liquidation|p1a: Hawlucha
|-damage|p1a: Hawlucha|0 fnt
|faint|p1a: Hawlucha
|
|upkeep
|
|t:|1641867782
|switch|p1a: Pelipper|Pelipper, F|2/100
|-weather|RainDance|[from] ability: Drizzle|[of] p1a: Pelipper
|turn|20
|
|t:|1641867784
|move|p2a: Barraskewda|Liquidation|p1a: Pelipper
|-resisted|p1a: Pelipper
|-damage|p1a: Pelipper|0 fnt
|faint|p1a: Pelipper
|
|-weather|RainDance|[upkeep]
|upkeep
|
|t:|1641867788
|switch|p1a: Kingdra|Kingdra, M|100/100
|turn|21
|
|t:|1641867790
|switch|p2a: Drednaw|Drednaw, F|100/100
|move|p1a: Kingdra|Surf|p2a: Drednaw
|-damage|p2a: Drednaw|0 fnt
|faint|p2a: Drednaw
|
|-weather|RainDance|[upkeep]
|upkeep
|
|t:|1641867793
|switch|p2a: Ferrothorn|Ferrothorn, F|64/100
|turn|22
|inactive|GoldenTTRex1 has 120 seconds left.
|inactive|Khinelalala has 120 seconds left.
|
|t:|1641867849
|move|p1a: Kingdra|Surf|p2a: Ferrothorn
|-resisted|p2a: Ferrothorn
|-damage|p2a: Ferrothorn|25/100
|move|p2a: Ferrothorn|Leech Seed|p1a: Kingdra
|-start|p1a: Kingdra|move: Leech Seed
|
|-weather|RainDance|[upkeep]
|-damage|p1a: Kingdra|88/100|[from] Leech Seed|[of] p2a: Ferrothorn
|-heal|p2a: Ferrothorn|36/100|[silent]
|upkeep
|turn|23
|
|t:|1641867856
|move|p1a: Kingdra|Surf|p2a: Ferrothorn
|-resisted|p2a: Ferrothorn
|-damage|p2a: Ferrothorn|0 fnt
|faint|p2a: Ferrothorn
|
|-weather|RainDance|[upkeep]
|upkeep
|
|t:|1641867857
|switch|p2a: Barraskewda|Barraskewda, F|72/100
|turn|24
|
|t:|1641867861
|move|p2a: Barraskewda|Liquidation|p1a: Kingdra
|-resisted|p1a: Kingdra
|-damage|p1a: Kingdra|58/100
|move|p1a: Kingdra|Surf|p2a: Barraskewda
|-resisted|p2a: Barraskewda
|-damage|p2a: Barraskewda|0 fnt
|faint|p2a: Barraskewda
|
|win|GoldenTTRex1
|raw|GoldenTTRex1's rating: 1490 &rarr; <strong>1515</strong><br />(+25 for winning)
|raw|Khinelalala's rating: 1572 &rarr; <strong>1547</strong><br />(-25 for losing)
|l|☆Khinelalala
