|j|☆Bademeischter
|j|☆Blaziard
|t:|1641808034
|gametype|singles
|player|p1|Bademeischter|170|1000
|player|p2|Blaziard|veteran|1000
|teamsize|p1|6
|teamsize|p2|6
|gen|8
|tier|[Gen 8] OU
|rated|
|rule|Sleep Clause Mod: Limit one foe put to sleep
|rule|Species Clause: Limit one of each Pokémon
|rule|OHKO Clause: OHKO moves are banned
|rule|Evasion Moves Clause: Evasion moves are banned
|rule|Endless Battle Clause: Forcing endless battles is banned
|rule|HP Percentage Mod: HP is shown in percentages
|rule|Dynamax Clause: You cannot dynamax
|clearpoke
|poke|p1|Zarude|
|poke|p1|Mew|
|poke|p1|Zeraora|
|poke|p1|Dragapult, M|
|poke|p1|Bisharp, F|
|poke|p1|Azumarill, M|
|poke|p2|Weavile, M|
|poke|p2|Zoroark, M|
|poke|p2|Tyranitar, M|
|poke|p2|Krookodile, M|
|poke|p2|Sharpedo, M|
|poke|p2|Incineroar, M|
|teampreview
|inactive|Battle timer is ON: inactive players will automatically lose when time's up. (requested by Blaziard)
|inactive|Blaziard has 120 seconds left.
|
|t:|1641808072
|start
|switch|p1a: Zarude|Zarude|100/100
|switch|p2a: Giorno Giovanna|Weavile, M, shiny|100/100
|turn|1
|
|t:|1641808082
|move|p2a: Giorno Giovanna|Fake Out|p1a: Zarude
|-damage|p1a: Zarude|88/100
|cant|p1a: Zarude|flinch
|
|upkeep
|turn|2
|
|t:|1641808087
|move|p2a: Giorno Giovanna|Ice Shard|p1a: Zarude
|-supereffective|p1a: Zarude
|-damage|p1a: Zarude|51/100
|move|p1a: Zarude|Power Whip|p2a: Giorno Giovanna
|-damage|p2a: Giorno Giovanna|0 fnt
|faint|p2a: Giorno Giovanna
|-damage|p1a: Zarude|41/100|[from] item: Life Orb
|
|upkeep
|
|t:|1641808096
|switch|p2a: ItAboutDrive|Incineroar, M|100/100
|turn|3
|
|t:|1641808100
|switch|p1a: Azumarill|Azumarill, M|100/100
|move|p2a: ItAboutDrive|Nasty Plot|p2a: ItAboutDrive
|-boost|p2a: ItAboutDrive|spa|2
|
|upkeep
|turn|4
|c|☆Blaziard|It's About Power
|
|t:|1641808112
|move|p1a: Azumarill|Aqua Jet|p2a: ItAboutDrive
|-damage|p2a: ItAboutDrive|48/100
|replace|p2a: The Spy|Zoroark, M
|-end|p2a: The Spy|Illusion
|move|p2a: The Spy|Focus Blast|p1a: Azumarill
|-resisted|p1a: Azumarill
|-damage|p1a: Azumarill|54/100
|
|-heal|p2a: The Spy|54/100|[from] item: Leftovers
|upkeep
|turn|5
|
|t:|1641808122
|move|p1a: Azumarill|Aqua Jet|p2a: The Spy
|-damage|p2a: The Spy|1/100
|move|p2a: The Spy|Focus Blast|p1a: Azumarill
|-resisted|p1a: Azumarill
|-damage|p1a: Azumarill|11/100
|-enditem|p1a: Azumarill|Sitrus Berry|[eat]
|-heal|p1a: Azumarill|36/100|[from] item: Sitrus Berry
|
|-heal|p2a: The Spy|7/100|[from] item: Leftovers
|upkeep
|turn|6
|
|t:|1641808134
|switch|p1a: Bisharp|Bisharp, F|100/100
|move|p2a: The Spy|Focus Blast|p1a: Bisharp
|-supereffective|p1a: Bisharp
|-damage|p1a: Bisharp|0 fnt
|faint|p1a: Bisharp
|
|-heal|p2a: The Spy|13/100|[from] item: Leftovers
|upkeep
|
|t:|1641808143
|switch|p1a: Zeraora|Zeraora|100/100
|turn|7
|
|t:|1641808149
|move|p1a: Zeraora|Knock Off|p2a: The Spy
|-resisted|p2a: The Spy
|-damage|p2a: The Spy|0 fnt
|-enditem|p2a: The Spy|Leftovers|[from] move: Knock Off|[of] p1a: Zeraora
|faint|p2a: The Spy
|
|upkeep
|
|t:|1641808152
|switch|p2a: Shady Johnson|Krookodile, M|100/100
|turn|8
|
|t:|1641808161
|switch|p1a: Dragapult|Dragapult, M|100/100
|move|p2a: Shady Johnson|Earthquake|p1a: Dragapult
|-damage|p1a: Dragapult|34/100
|
|upkeep
|turn|9
|
|t:|1641808169
|move|p1a: Dragapult|Draco Meteor|p2a: Shady Johnson
|-damage|p2a: Shady Johnson|21/100
|-unboost|p1a: Dragapult|spa|2
|move|p2a: Shady Johnson|Darkest Lariat|p1a: Dragapult
|-supereffective|p1a: Dragapult
|-crit|p1a: Dragapult
|-damage|p1a: Dragapult|0 fnt
|faint|p1a: Dragapult
|-ability|p2a: Shady Johnson|Moxie|boost
|-boost|p2a: Shady Johnson|atk|1
|
|upkeep
|
|t:|1641808179
|switch|p1a: Mew|Mew|100/100
|turn|10
|
|t:|1641808183
|move|p1a: Mew|Stealth Rock|p2a: Shady Johnson
|-sidestart|p2: Blaziard|move: Stealth Rock
|move|p2a: Shady Johnson|Darkest Lariat|p1a: Mew
|-supereffective|p1a: Mew
|-damage|p1a: Mew|0 fnt
|faint|p1a: Mew
|-ability|p2a: Shady Johnson|Moxie|boost
|-boost|p2a: Shady Johnson|atk|1
|
|upkeep
|
|t:|1641808190
|switch|p1a: Azumarill|Azumarill, M|36/100
|turn|11
|
|t:|1641808193
|move|p1a: Azumarill|Aqua Jet|p2a: Shady Johnson
|-supereffective|p2a: Shady Johnson
|-damage|p2a: Shady Johnson|0 fnt
|faint|p2a: Shady Johnson
|
|upkeep
|
|t:|1641808196
|switch|p2a: Grimlock|Tyranitar, M|100/100
|-damage|p2a: Grimlock|88/100|[from] Stealth Rock
|-weather|Sandstorm|[from] ability: Sand Stream|[of] p2a: Grimlock
|turn|12
|
|t:|1641808206
|move|p1a: Azumarill|Aqua Jet|p2a: Grimlock
|-supereffective|p2a: Grimlock
|-damage|p2a: Grimlock|48/100
|move|p2a: Grimlock|Earthquake|p1a: Azumarill
|-damage|p1a: Azumarill|0 fnt
|faint|p1a: Azumarill
|
|-weather|Sandstorm|[upkeep]
|upkeep
|c|☆Blaziard|T a m k e e
|
|t:|1641808218
|switch|p1a: Zarude|Zarude|41/100
|turn|13
|
|t:|1641808222
|move|p1a: Zarude|Bulk Up|p1a: Zarude
|-boost|p1a: Zarude|atk|1
|-boost|p1a: Zarude|def|1
|move|p2a: Grimlock|Fire Fang|p1a: Zarude
|-supereffective|p1a: Zarude
|-damage|p1a: Zarude|8/100
|
|-weather|Sandstorm|[upkeep]
|-damage|p1a: Zarude|2/100|[from] Sandstorm
|upkeep
|turn|14
|
|t:|1641808236
|move|p1a: Zarude|Power Whip|p2a: Grimlock
|-supereffective|p2a: Grimlock
|-damage|p2a: Grimlock|0 fnt
|faint|p2a: Grimlock
|-damage|p1a: Zarude|0 fnt|[from] item: Life Orb
|faint|p1a: Zarude
|
|-weather|Sandstorm|[upkeep]
|upkeep
|
|t:|1641808252
|switch|p1a: Zeraora|Zeraora|100/100
|switch|p2a: Outlaw|Sharpedo, M|100/100
|-damage|p2a: Outlaw|88/100|[from] Stealth Rock
|turn|15
|
|t:|1641808261
|move|p1a: Zeraora|Plasma Fists|p2a: Outlaw
|-supereffective|p2a: Outlaw
|-damage|p2a: Outlaw|0 fnt
|-fieldactivate|move: Ion Deluge
|-hint|Normal-type moves become Electric-type after using Plasma Fists.
|faint|p2a: Outlaw
|
|-weather|Sandstorm|[upkeep]
|-damage|p1a: Zeraora|95/100|[from] Sandstorm
|upkeep
|
|t:|1641808265
|switch|p2a: ItAboutDrive|Incineroar, M|100/100
|-damage|p2a: ItAboutDrive|76/100|[from] Stealth Rock
|-ability|p2a: ItAboutDrive|Intimidate|boost
|-unboost|p1a: Zeraora|atk|1
|turn|16
|c|☆Blaziard|GG
|
|t:|1641808276
|move|p1a: Zeraora|Plasma Fists|p2a: ItAboutDrive
|-damage|p2a: ItAboutDrive|40/100
|-fieldactivate|move: Ion Deluge
|-hint|Normal-type moves become Electric-type after using Plasma Fists.
|move|p2a: ItAboutDrive|Flare Blitz|p1a: Zeraora
|-damage|p1a: Zeraora|7/100
|-damage|p2a: ItAboutDrive|17/100|[from] Recoil
|
|-weather|none
|upkeep
|turn|17
|
|t:|1641808285
|move|p1a: Zeraora|Plasma Fists|p2a: ItAboutDrive
|-damage|p2a: ItAboutDrive|0 fnt
|-fieldactivate|move: Ion Deluge
|-hint|Normal-type moves become Electric-type after using Plasma Fists.
|faint|p2a: ItAboutDrive
|
|win|Bademeischter
|raw|Bademeischter's rating: 1000 &rarr; <strong>1040</strong><br />(+40 for winning)
|raw|Blaziard's rating: 1000 &rarr; <strong>1000</strong><br />(+0 for losing)
|l|☆Blaziard
