|j|☆FlabberCyber
|j|☆Mrs Moriyama
|t:|1641737099
|gametype|singles
|player|p1|FlabberCyber|101|1000
|player|p2|Mrs Moriyama|acetrainersnowf|1000
|teamsize|p1|6
|teamsize|p2|6
|gen|8
|tier|[Gen 8] OU
|rated|
|rule|Sleep Clause Mod: Limit one foe put to sleep
|rule|Species Clause: Limit one of each Pokémon
|rule|OHKO Clause: OHKO moves are banned
|rule|Evasion Moves Clause: Evasion moves are banned
|rule|Endless Battle Clause: Forcing endless battles is banned
|rule|HP Percentage Mod: HP is shown in percentages
|rule|Dynamax Clause: You cannot dynamax
|clearpoke
|poke|p1|Clefable, M|
|poke|p1|Magnezone|
|poke|p1|Tornadus-Therian, M|
|poke|p1|Slowking-Galar, F|
|poke|p1|Weavile, M|
|poke|p1|Blaziken, M|
|poke|p2|Scizor, F|
|poke|p2|Volcarona, M|
|poke|p2|Golisopod, F|
|poke|p2|Galvantula, M|
|poke|p2|Shuckle, F|
|poke|p2|Ribombee, F|
|teampreview
|
|t:|1641737121
|start
|switch|p1a: Tornadus|Tornadus-Therian, M|100/100
|switch|p2a: Galvantula|Galvantula, M|100/100
|turn|1
|
|t:|1641737130
|move|p1a: Tornadus|Hurricane|p2a: Galvantula|[miss]
|-miss|p1a: Tornadus|p2a: Galvantula
|move|p2a: Galvantula|Sticky Web|p1a: Tornadus
|-sidestart|p1: FlabberCyber|move: Sticky Web
|
|upkeep
|turn|2
|
|t:|1641737136
|move|p1a: Tornadus|Knock Off|p2a: Galvantula
|-damage|p2a: Galvantula|65/100
|-enditem|p2a: Galvantula|Focus Sash|[from] move: Knock Off|[of] p1a: Tornadus
|move|p2a: Galvantula|Thunder Wave|p1a: Tornadus
|-status|p1a: Tornadus|par
|
|upkeep
|turn|3
|
|t:|1641737144
|switch|p1a: Magnezone|Magnezone|100/100
|-activate|p1a: Magnezone|move: Sticky Web
|-unboost|p1a: Magnezone|spe|1
|move|p2a: Galvantula|Thunder|p1a: Magnezone
|-resisted|p1a: Magnezone
|-damage|p1a: Magnezone|69/100
|
|-heal|p1a: Magnezone|75/100|[from] item: Leftovers
|upkeep
|turn|4
|
|t:|1641737156
|move|p2a: Galvantula|Thunder|p1a: Magnezone
|-resisted|p1a: Magnezone
|-damage|p1a: Magnezone|41/100
|move|p1a: Magnezone|Toxic|p2a: Galvantula
|-status|p2a: Galvantula|tox
|
|-heal|p1a: Magnezone|47/100|[from] item: Leftovers
|-damage|p2a: Galvantula|59/100 tox|[from] psn
|upkeep
|turn|5
|
|t:|1641737166
|switch|p1a: Weavile|Weavile, M|100/100
|-ability|p1a: Weavile|Pressure
|move|p2a: Galvantula|Thunder|p1a: Weavile
|-damage|p1a: Weavile|46/100
|
|-damage|p2a: Galvantula|47/100 tox|[from] psn
|upkeep
|turn|6
|
|t:|1641737177
|move|p1a: Weavile|Triple Axel|p2a: Galvantula
|-damage|p2a: Galvantula|32/100 tox
|-damage|p2a: Galvantula|1/100 tox
|-hitcount|p2a: Galvantula|2
|move|p2a: Galvantula|Bug Buzz|p1a: Weavile
|-supereffective|p1a: Weavile
|-damage|p1a: Weavile|0 fnt
|faint|p1a: Weavile
|
|-damage|p2a: Galvantula|0 fnt|[from] psn
|faint|p2a: Galvantula
|upkeep
|
|t:|1641737188
|switch|p1a: Tornadus|Tornadus-Therian, M|100/100 par
|switch|p2a: Volcarona|Volcarona, M|100/100
|turn|7
|
|t:|1641737200
|move|p2a: Volcarona|Quiver Dance|p2a: Volcarona
|-boost|p2a: Volcarona|spa|1
|-boost|p2a: Volcarona|spd|1
|-boost|p2a: Volcarona|spe|1
|move|p1a: Tornadus|Defog|p2a: Volcarona
|-unboost|p2a: Volcarona|evasion|1
|-sideend|p1: FlabberCyber|Sticky Web|[from] move: Defog|[of] p1a: Tornadus
|
|upkeep
|turn|8
|
|t:|1641737210
|move|p2a: Volcarona|Fiery Dance|p1a: Tornadus
|-crit|p1a: Tornadus
|-damage|p1a: Tornadus|15/100 par
|move|p1a: Tornadus|Hurricane|p2a: Volcarona
|-supereffective|p2a: Volcarona
|-damage|p2a: Volcarona|52/100
|
|upkeep
|turn|9
|
|t:|1641737221
|switch|p1a: Blaziken|Blaziken, M|100/100
|move|p2a: Volcarona|Fiery Dance|p1a: Blaziken
|-resisted|p1a: Blaziken
|-damage|p1a: Blaziken|68/100
|
|upkeep
|turn|10
|
|t:|1641737230
|move|p2a: Volcarona|Bug Buzz|p1a: Blaziken
|-resisted|p1a: Blaziken
|-damage|p1a: Blaziken|49/100
|move|p1a: Blaziken|Earthquake|p2a: Volcarona
|-damage|p2a: Volcarona|11/100
|-damage|p1a: Blaziken|39/100|[from] item: Life Orb
|
|-ability|p1a: Blaziken|Speed Boost|boost
|-boost|p1a: Blaziken|spe|1
|upkeep
|turn|11
|
|t:|1641737242
|switch|p1a: Slowking|Slowking-Galar, F|100/100
|move|p2a: Volcarona|Fiery Dance|p1a: Slowking
|-damage|p1a: Slowking|78/100
|
|upkeep
|turn|12
|
|t:|1641737253
|move|p2a: Volcarona|Fiery Dance|p1a: Slowking
|-damage|p1a: Slowking|54/100
|-boost|p2a: Volcarona|spa|1
|move|p1a: Slowking|Psychic|p2a: Volcarona
|-damage|p2a: Volcarona|0 fnt
|faint|p2a: Volcarona
|
|upkeep
|
|t:|1641737291
|switch|p2a: Scizor|Scizor, F|100/100
|turn|13
|
|t:|1641737305
|move|p2a: Scizor|Assurance|p1a: Slowking
|-supereffective|p1a: Slowking
|-damage|p1a: Slowking|0 fnt
|faint|p1a: Slowking
|
|upkeep
|
|t:|1641737314
|switch|p1a: Blaziken|Blaziken, M|39/100
|turn|14
|
|t:|1641737322
|switch|p2a: Shuckle|Shuckle, F|100/100
|move|p1a: Blaziken|Flare Blitz|p2a: Shuckle
|-crit|p2a: Shuckle
|-damage|p2a: Shuckle|39/100
|-damage|p1a: Blaziken|25/100|[from] Recoil
|-damage|p1a: Blaziken|15/100|[from] item: Life Orb
|
|-heal|p2a: Shuckle|46/100|[from] item: Leftovers
|-ability|p1a: Blaziken|Speed Boost|boost
|-boost|p1a: Blaziken|spe|1
|upkeep
|turn|15
|
|t:|1641737337
|move|p1a: Blaziken|Earthquake|p2a: Shuckle
|-damage|p2a: Shuckle|24/100
|-damage|p1a: Blaziken|5/100|[from] item: Life Orb
|move|p2a: Shuckle|Toxic|p1a: Blaziken
|-status|p1a: Blaziken|tox
|
|-heal|p2a: Shuckle|30/100|[from] item: Leftovers
|-damage|p1a: Blaziken|0 fnt|[from] psn
|faint|p1a: Blaziken
|upkeep
|
|t:|1641737350
|switch|p1a: Clefable|Clefable, M|100/100
|turn|16
|
|t:|1641737363
|move|p1a: Clefable|Thunder Wave|p2a: Shuckle
|-status|p2a: Shuckle|par
|move|p2a: Shuckle|Ancient Power|p1a: Clefable
|-damage|p1a: Clefable|96/100
|
|-heal|p1a: Clefable|100/100|[from] item: Leftovers
|-heal|p2a: Shuckle|37/100 par|[from] item: Leftovers
|upkeep
|turn|17
|
|t:|1641737372
|switch|p2a: Scizor|Scizor, F|100/100
|move|p1a: Clefable|Cosmic Power|p1a: Clefable
|-boost|p1a: Clefable|def|1
|-boost|p1a: Clefable|spd|1
|
|upkeep
|turn|18
|
|t:|1641737378
|move|p2a: Scizor|Bullet Punch|p1a: Clefable
|-supereffective|p1a: Clefable
|-damage|p1a: Clefable|46/100
|move|p1a: Clefable|Thunder Wave|p2a: Scizor
|-status|p2a: Scizor|par
|
|-heal|p1a: Clefable|52/100|[from] item: Leftovers
|upkeep
|turn|19
|
|t:|1641737386
|move|p2a: Scizor|Bullet Punch|p1a: Clefable
|-supereffective|p1a: Clefable
|-damage|p1a: Clefable|2/100
|move|p1a: Clefable|Soft-Boiled|p1a: Clefable
|-heal|p1a: Clefable|52/100
|
|-heal|p1a: Clefable|58/100|[from] item: Leftovers
|upkeep
|turn|20
|
|t:|1641737394
|cant|p2a: Scizor|par
|move|p1a: Clefable|Soft-Boiled|p1a: Clefable
|-heal|p1a: Clefable|100/100
|
|upkeep
|turn|21
|
|t:|1641737400
|move|p2a: Scizor|Bullet Punch|p1a: Clefable
|-supereffective|p1a: Clefable
|-damage|p1a: Clefable|46/100
|move|p1a: Clefable|Cosmic Power|p1a: Clefable
|-boost|p1a: Clefable|def|1
|-boost|p1a: Clefable|spd|1
|
|-heal|p1a: Clefable|52/100|[from] item: Leftovers
|upkeep
|turn|22
|
|t:|1641737408
|move|p2a: Scizor|Bullet Punch|p1a: Clefable
|-supereffective|p1a: Clefable
|-damage|p1a: Clefable|14/100
|move|p1a: Clefable|Soft-Boiled|p1a: Clefable
|-heal|p1a: Clefable|64/100
|
|-heal|p1a: Clefable|70/100|[from] item: Leftovers
|upkeep
|turn|23
|n|!Mrs Moriyama|mrsmoriyama
|
|t:|1641737432
|switch|p2a: Ribombee|Ribombee, F|100/100
|move|p1a: Clefable|Soft-Boiled|p1a: Clefable
|-heal|p1a: Clefable|100/100
|
|upkeep
|turn|24
|
|t:|1641737439
|move|p2a: Ribombee|Aromatherapy|p2a: Ribombee
|-activate|p2a: Ribombee|move: Aromatherapy
|-curestatus|p2: Shuckle|par|[msg]
|-curestatus|p2: Scizor|par|[msg]
|move|p1a: Clefable|Thunder Wave|p2a: Ribombee
|-status|p2a: Ribombee|par
|
|upkeep
|turn|25
|
|t:|1641737448
|switch|p2a: Scizor|Scizor, F|100/100
|move|p1a: Clefable|Cosmic Power|p1a: Clefable
|-boost|p1a: Clefable|def|1
|-boost|p1a: Clefable|spd|1
|
|upkeep
|turn|26
|
|t:|1641737454
|move|p2a: Scizor|Bullet Punch|p1a: Clefable
|-supereffective|p1a: Clefable
|-damage|p1a: Clefable|66/100
|move|p1a: Clefable|Thunder Wave|p2a: Scizor
|-status|p2a: Scizor|par
|
|-heal|p1a: Clefable|73/100|[from] item: Leftovers
|upkeep
|turn|27
|-message|Mrs Moriyama forfeited.
|
|win|FlabberCyber
|raw|FlabberCyber's rating: 1000 &rarr; <strong>1040</strong><br />(+40 for winning)
|raw|Mrs Moriyama's rating: 1000 &rarr; <strong>1000</strong><br />(+0 for losing)
|l|!Mrs Moriyama
