|j|☆Cazadordedemonios
|j|☆saz 0619
|t:|1641764862
|gametype|singles
|player|p1|Cazadordedemonios|giovanni|1333
|player|p2|saz 0619|steven|1316
|teamsize|p1|6
|teamsize|p2|6
|gen|8
|tier|[Gen 8] OU
|rated|
|rule|Sleep Clause Mod: Limit one foe put to sleep
|rule|Species Clause: Limit one of each Pokémon
|rule|OHKO Clause: OHKO moves are banned
|rule|Evasion Moves Clause: Evasion moves are banned
|rule|Endless Battle Clause: Forcing endless battles is banned
|rule|HP Percentage Mod: HP is shown in percentages
|rule|Dynamax Clause: You cannot dynamax
|clearpoke
|poke|p1|Tapu Fini|
|poke|p1|Volcarona, M|
|poke|p1|Ferrothorn, M|
|poke|p1|Barbaracle, F|
|poke|p1|Garchomp, M|
|poke|p1|Buzzwole|
|poke|p2|Kartana|
|poke|p2|Landorus-Therian, M|
|poke|p2|Chandelure, F|
|poke|p2|Regieleki|
|poke|p2|Rillaboom, F|
|poke|p2|Latios, M|
|teampreview
|inactive|Battle timer is ON: inactive players will automatically lose when time's up. (requested by Cazadordedemonios)
|
|t:|1641764881
|start
|switch|p1a: Tapu Fini|Tapu Fini|100/100
|switch|p2a: Landorus|Landorus-Therian, M|100/100
|-fieldstart|move: Misty Terrain|[from] ability: Misty Surge|[of] p1a: Tapu Fini
|-ability|p2a: Landorus|Intimidate|boost
|-unboost|p1a: Tapu Fini|atk|1
|turn|1
|
|t:|1641764888
|switch|p2a: Rillaboom|Rillaboom, F, shiny|100/100
|-fieldstart|move: Grassy Terrain|[from] ability: Grassy Surge|[of] p2a: Rillaboom
|move|p1a: Tapu Fini|Ice Beam|p2a: Rillaboom
|-supereffective|p2a: Rillaboom
|-damage|p2a: Rillaboom|45/100
|
|-heal|p2a: Rillaboom|51/100|[from] Grassy Terrain
|upkeep
|turn|2
|
|t:|1641764897
|switch|p1a: Buzzwole|Buzzwole|100/100
|move|p2a: Rillaboom|Grassy Glide|p1a: Buzzwole
|-resisted|p1a: Buzzwole
|-damage|p1a: Buzzwole|80/100
|
|-heal|p2a: Rillaboom|57/100|[from] Grassy Terrain
|-heal|p1a: Buzzwole|86/100|[from] Grassy Terrain
|-heal|p1a: Buzzwole|92/100|[from] item: Leftovers
|upkeep
|turn|3
|
|t:|1641764907
|switch|p2a: Landorus|Landorus-Therian, M|100/100
|-ability|p2a: Landorus|Intimidate|boost
|-unboost|p1a: Buzzwole|atk|1
|move|p1a: Buzzwole|Ice Punch|p2a: Landorus
|-supereffective|p2a: Landorus
|-damage|p2a: Landorus|28/100
|
|-heal|p1a: Buzzwole|99/100|[from] Grassy Terrain
|-heal|p1a: Buzzwole|100/100|[from] item: Leftovers
|-heal|p2a: Landorus|34/100|[from] item: Leftovers
|upkeep
|turn|4
|
|t:|1641764918
|move|p1a: Buzzwole|Earthquake|p2a: Landorus
|-immune|p2a: Landorus
|move|p2a: Landorus|U-turn|p1a: Buzzwole
|-resisted|p1a: Buzzwole
|-damage|p1a: Buzzwole|90/100
|
|t:|1641764924
|switch|p2a: Chandelure|Chandelure, F, shiny|100/100|[from]move: U-turn
|
|-heal|p1a: Buzzwole|96/100|[from] Grassy Terrain
|-heal|p1a: Buzzwole|100/100|[from] item: Leftovers
|upkeep
|turn|5
|
|t:|1641764934
|switch|p1a: Barbaracle|Barbaracle, F|100/100
|move|p2a: Chandelure|Energy Ball|p1a: Barbaracle
|-supereffective|p1a: Barbaracle
|-damage|p1a: Barbaracle|0 fnt
|faint|p1a: Barbaracle
|
|-fieldend|move: Grassy Terrain
|upkeep
|
|t:|1641764942
|switch|p1a: Garchomp|Garchomp, M|100/100
|turn|6
|
|t:|1641764947
|switch|p2a: Landorus|Landorus-Therian, M|34/100
|-ability|p2a: Landorus|Intimidate|boost
|-unboost|p1a: Garchomp|atk|1
|move|p1a: Garchomp|Swords Dance|p1a: Garchomp
|-boost|p1a: Garchomp|atk|2
|
|-heal|p2a: Landorus|40/100|[from] item: Leftovers
|upkeep
|turn|7
|
|t:|1641764957
|move|p1a: Garchomp|Fire Fang|p2a: Landorus
|-damage|p2a: Landorus|6/100
|move|p2a: Landorus|Stealth Rock|p1a: Garchomp
|-sidestart|p1: Cazadordedemonios|move: Stealth Rock
|
|-heal|p2a: Landorus|12/100|[from] item: Leftovers
|upkeep
|turn|8
|
|t:|1641764965
|switch|p2a: Latios|Latios, M|100/100
|move|p1a: Garchomp|Fire Fang|p2a: Latios
|-resisted|p2a: Latios
|-damage|p2a: Latios|77/100
|
|upkeep
|turn|9
|
|t:|1641764972
|switch|p1a: Tapu Fini|Tapu Fini|100/100
|-damage|p1a: Tapu Fini|88/100|[from] Stealth Rock
|-fieldstart|move: Misty Terrain|[from] ability: Misty Surge|[of] p1a: Tapu Fini
|move|p2a: Latios|Draco Meteor|p1a: Tapu Fini
|-immune|p1a: Tapu Fini
|
|-heal|p1a: Tapu Fini|94/100|[from] item: Leftovers
|upkeep
|turn|10
|
|t:|1641764982
|switch|p2a: Kartana|Kartana|100/100
|move|p1a: Tapu Fini|Ice Beam|p2a: Kartana
|-damage|p2a: Kartana|35/100
|
|-heal|p1a: Tapu Fini|99/100|[from] item: Leftovers
|upkeep
|turn|11
|
|t:|1641764991
|switch|p1a: Buzzwole|Buzzwole|100/100
|-damage|p1a: Buzzwole|88/100|[from] Stealth Rock
|move|p2a: Kartana|Knock Off|p1a: Buzzwole
|-resisted|p1a: Buzzwole
|-damage|p1a: Buzzwole|71/100
|-enditem|p1a: Buzzwole|Leftovers|[from] move: Knock Off|[of] p2a: Kartana
|
|upkeep
|turn|12
|
|t:|1641765003
|switch|p2a: Landorus|Landorus-Therian, M|12/100
|-ability|p2a: Landorus|Intimidate|boost
|-unboost|p1a: Buzzwole|atk|1
|move|p1a: Buzzwole|Earthquake|p2a: Landorus
|-immune|p2a: Landorus
|
|-heal|p2a: Landorus|18/100|[from] item: Leftovers
|upkeep
|turn|13
|
|t:|1641765012
|move|p1a: Buzzwole|Ice Punch|p2a: Landorus
|-supereffective|p2a: Landorus
|-damage|p2a: Landorus|0 fnt
|faint|p2a: Landorus
|-ability|p1a: Buzzwole|Beast Boost|boost
|-boost|p1a: Buzzwole|atk|1
|
|-fieldend|Misty Terrain
|upkeep
|
|t:|1641765014
|switch|p2a: Chandelure|Chandelure, F, shiny|100/100
|turn|14
|
|t:|1641765027
|switch|p1a: Tapu Fini|Tapu Fini|99/100
|-damage|p1a: Tapu Fini|88/100|[from] Stealth Rock
|-fieldstart|move: Misty Terrain|[from] ability: Misty Surge|[of] p1a: Tapu Fini
|move|p2a: Chandelure|Flamethrower|p1a: Tapu Fini
|-resisted|p1a: Tapu Fini
|-damage|p1a: Tapu Fini|66/100
|
|-heal|p1a: Tapu Fini|72/100|[from] item: Leftovers
|upkeep
|turn|15
|
|t:|1641765042
|switch|p2a: Kartana|Kartana|35/100
|move|p1a: Tapu Fini|Surf|p2a: Kartana
|-resisted|p2a: Kartana
|-damage|p2a: Kartana|0 fnt
|faint|p2a: Kartana
|
|-heal|p1a: Tapu Fini|78/100|[from] item: Leftovers
|upkeep
|
|t:|1641765043
|switch|p2a: Rillaboom|Rillaboom, F, shiny|57/100
|-fieldstart|move: Grassy Terrain|[from] ability: Grassy Surge|[of] p2a: Rillaboom
|turn|16
|
|t:|1641765056
|switch|p1a: Ferrothorn|Ferrothorn, M|100/100
|-damage|p1a: Ferrothorn|94/100|[from] Stealth Rock
|move|p2a: Rillaboom|Grassy Glide|p1a: Ferrothorn
|-resisted|p1a: Ferrothorn
|-damage|p1a: Ferrothorn|85/100
|-damage|p2a: Rillaboom|45/100|[from] ability: Iron Barbs|[of] p1a: Ferrothorn
|
|-heal|p2a: Rillaboom|51/100|[from] Grassy Terrain
|-heal|p1a: Ferrothorn|91/100|[from] Grassy Terrain
|-heal|p1a: Ferrothorn|97/100|[from] item: Leftovers
|upkeep
|turn|17
|
|t:|1641765069
|move|p2a: Rillaboom|Drain Punch|p1a: Ferrothorn
|-supereffective|p1a: Ferrothorn
|-damage|p1a: Ferrothorn|60/100
|-heal|p2a: Rillaboom|67/100|[from] drain|[of] p1a: Ferrothorn
|-damage|p2a: Rillaboom|54/100|[from] ability: Iron Barbs|[of] p1a: Ferrothorn
|move|p1a: Ferrothorn|Gyro Ball|p2a: Rillaboom
|-damage|p2a: Rillaboom|3/100
|
|-heal|p2a: Rillaboom|10/100|[from] Grassy Terrain
|-heal|p1a: Ferrothorn|66/100|[from] Grassy Terrain
|-heal|p1a: Ferrothorn|72/100|[from] item: Leftovers
|upkeep
|turn|18
|
|t:|1641765083
|move|p2a: Rillaboom|Drain Punch|p1a: Ferrothorn
|-supereffective|p1a: Ferrothorn
|-damage|p1a: Ferrothorn|38/100
|-heal|p2a: Rillaboom|24/100|[from] drain|[of] p1a: Ferrothorn
|-damage|p2a: Rillaboom|12/100|[from] ability: Iron Barbs|[of] p1a: Ferrothorn
|move|p1a: Ferrothorn|Gyro Ball|p2a: Rillaboom
|-damage|p2a: Rillaboom|0 fnt
|faint|p2a: Rillaboom
|
|-heal|p1a: Ferrothorn|44/100|[from] Grassy Terrain
|-heal|p1a: Ferrothorn|50/100|[from] item: Leftovers
|upkeep
|
|t:|1641765087
|switch|p2a: Chandelure|Chandelure, F, shiny|100/100
|turn|19
|
|t:|1641765098
|move|p1a: Ferrothorn|Protect|p1a: Ferrothorn
|-singleturn|p1a: Ferrothorn|Protect
|move|p2a: Chandelure|Flamethrower|p1a: Ferrothorn
|-activate|p1a: Ferrothorn|move: Protect
|
|-heal|p1a: Ferrothorn|56/100|[from] Grassy Terrain
|-heal|p1a: Ferrothorn|62/100|[from] item: Leftovers
|upkeep
|turn|20
|
|t:|1641765107
|switch|p2a: Regieleki|Regieleki, shiny|100/100
|switch|p1a: Tapu Fini|Tapu Fini|78/100
|-damage|p1a: Tapu Fini|66/100|[from] Stealth Rock
|-fieldstart|move: Misty Terrain|[from] ability: Misty Surge|[of] p1a: Tapu Fini
|
|-heal|p1a: Tapu Fini|72/100|[from] item: Leftovers
|upkeep
|turn|21
|
|t:|1641765118
|switch|p2a: Latios|Latios, M|77/100
|switch|p1a: Garchomp|Garchomp, M|100/100
|-damage|p1a: Garchomp|94/100|[from] Stealth Rock
|
|upkeep
|turn|22
|
|t:|1641765129
|switch|p1a: Volcarona|Volcarona, M|100/100
|move|p2a: Latios|Psyshock|p1a: Volcarona
|-damage|p1a: Volcarona|23/100
|
|upkeep
|turn|23
|
|t:|1641765136
|move|p2a: Latios|Mystical Fire|p1a: Volcarona
|-damage|p1a: Volcarona|0 fnt
|faint|p1a: Volcarona
|
|upkeep
|
|t:|1641765141
|switch|p1a: Tapu Fini|Tapu Fini|72/100
|-damage|p1a: Tapu Fini|60/100|[from] Stealth Rock
|turn|24
|
|t:|1641765147
|move|p2a: Latios|Psyshock|p1a: Tapu Fini
|-damage|p1a: Tapu Fini|7/100
|move|p1a: Tapu Fini|Draining Kiss|p2a: Latios
|-supereffective|p2a: Latios
|-damage|p2a: Latios|38/100
|-heal|p1a: Tapu Fini|38/100|[from] drain|[of] p2a: Latios
|
|-heal|p1a: Tapu Fini|44/100|[from] item: Leftovers
|-fieldend|Misty Terrain
|upkeep
|turn|25
|
|t:|1641765157
|move|p2a: Latios|Psyshock|p1a: Tapu Fini
|-damage|p1a: Tapu Fini|0 fnt
|faint|p1a: Tapu Fini
|
|upkeep
|
|t:|1641765167
|switch|p1a: Garchomp|Garchomp, M|94/100
|-damage|p1a: Garchomp|88/100|[from] Stealth Rock
|turn|26
|
|t:|1641765172
|move|p2a: Latios|Draco Meteor|p1a: Garchomp
|-supereffective|p1a: Garchomp
|-damage|p1a: Garchomp|0 fnt
|-unboost|p2a: Latios|spa|2
|faint|p1a: Garchomp
|
|upkeep
|-message|Cazadordedemonios forfeited.
|
|win|saz 0619
|raw|Cazadordedemonios's rating: 1333 &rarr; <strong>1312</strong><br />(-21 for losing)
|raw|saz 0619's rating: 1316 &rarr; <strong>1337</strong><br />(+21 for winning)
|l|☆Cazadordedemonios
||Ladder isn't responding, score probably updated but might not have (Request timeout).
