|j|☆Smart Falcon
|j|☆Clay1999
|t:|1641855762
|gametype|singles
|player|p1|Smart Falcon|shauntal|1268
|player|p2|Clay1999|colress|1263
|teamsize|p1|6
|teamsize|p2|6
|gen|8
|tier|[Gen 8] OU
|rated|
|rule|Sleep Clause Mod: Limit one foe put to sleep
|rule|Species Clause: Limit one of each Pokémon
|rule|OHKO Clause: OHKO moves are banned
|rule|Evasion Moves Clause: Evasion moves are banned
|rule|Endless Battle Clause: Forcing endless battles is banned
|rule|HP Percentage Mod: HP is shown in percentages
|rule|Dynamax Clause: You cannot dynamax
|clearpoke
|poke|p1|Tyranitar, M|
|poke|p1|Clefable, F|
|poke|p1|Excadrill, M|
|poke|p1|Kartana|
|poke|p1|Zapdos|
|poke|p1|Cloyster, M|
|poke|p2|Slowking-Galar, F|
|poke|p2|Magnezone|
|poke|p2|Garchomp, M|
|poke|p2|Corviknight, M|
|poke|p2|Urshifu-*, M|
|poke|p2|Blissey, F|
|teampreview
|
|t:|1641855779
|start
|switch|p1a: Cloyster|Cloyster, M|100/100
|switch|p2a: Urshifu|Urshifu-Rapid-Strike, M|100/100
|turn|1
|
|t:|1641855787
|switch|p1a: Zapdos|Zapdos|100/100
|move|p2a: Urshifu|Close Combat|p1a: Zapdos
|-resisted|p1a: Zapdos
|-damage|p1a: Zapdos|80/100
|-unboost|p2a: Urshifu|def|1
|-unboost|p2a: Urshifu|spd|1
|
|upkeep
|turn|2
|
|t:|1641855794
|switch|p2a: Garchomp|Garchomp, M|100/100
|move|p1a: Zapdos|Volt Switch|p2a: Garchomp
|-immune|p2a: Garchomp
|
|upkeep
|turn|3
|
|t:|1641855798
|move|p2a: Garchomp|Stealth Rock|p1a: Zapdos
|-sidestart|p1: Smart Falcon|move: Stealth Rock
|move|p1a: Zapdos|Hurricane|p2a: Garchomp
|-damage|p2a: Garchomp|60/100
|-start|p2a: Garchomp|confusion
|
|-heal|p2a: Garchomp|66/100|[from] item: Leftovers
|upkeep
|turn|4
|
|t:|1641855806
|switch|p2a: Blissey|Blissey, F|100/100
|move|p1a: Zapdos|Hurricane|p2a: Blissey
|-damage|p2a: Blissey|82/100
|-start|p2a: Blissey|confusion
|
|upkeep
|turn|5
|
|t:|1641855811
|move|p1a: Zapdos|Hurricane|p2a: Blissey
|-damage|p2a: Blissey|64/100
|-activate|p2a: Blissey|confusion
|-damage|p2a: Blissey|63/100|[from] confusion
|
|upkeep
|turn|6
|
|t:|1641855815
|move|p1a: Zapdos|Volt Switch|p2a: Blissey
|-damage|p2a: Blissey|52/100
|
|t:|1641855817
|switch|p1a: Excadrill|Excadrill, M|100/100|[from]move: Volt Switch
|-damage|p1a: Excadrill|97/100|[from] Stealth Rock
|-activate|p2a: Blissey|confusion
|-damage|p2a: Blissey|51/100|[from] confusion
|
|upkeep
|turn|7
|
|t:|1641855820
|switch|p2a: Corviknight|Corviknight, M|100/100
|-ability|p2a: Corviknight|Pressure
|move|p1a: Excadrill|Rapid Spin|p2a: Corviknight
|-resisted|p2a: Corviknight
|-damage|p2a: Corviknight|93/100
|-boost|p1a: Excadrill|spe|1
|-damage|p1a: Excadrill|81/100|[from] item: Rocky Helmet|[of] p2a: Corviknight
|-sideend|p1: Smart Falcon|Stealth Rock|[from] move: Rapid Spin|[of] p1a: Excadrill
|-damage|p1a: Excadrill|71/100|[from] item: Life Orb
|
|upkeep
|turn|8
|
|t:|1641855825
|switch|p1a: Zapdos|Zapdos|80/100
|move|p2a: Corviknight|U-turn|p1a: Zapdos
|-resisted|p1a: Zapdos
|-damage|p1a: Zapdos|75/100
|
|t:|1641855830
|switch|p2a: Slowking|Slowking-Galar, F, shiny|100/100|[from]move: U-turn
|
|upkeep
|turn|9
|
|t:|1641855834
|move|p1a: Zapdos|Volt Switch|p2a: Slowking
|-damage|p2a: Slowking|84/100
|l|☆Clay1999
|player|p2|
|
|t:|1641855838
|switch|p1a: Tyranitar|Tyranitar, M|100/100|[from]move: Volt Switch
|-weather|Sandstorm|[from] ability: Sand Stream|[of] p1a: Tyranitar
|move|p2a: Slowking|Future Sight|p1a: Tyranitar
|-start|p2a: Slowking|move: Future Sight
|
|-weather|Sandstorm|[upkeep]
|-damage|p2a: Slowking|78/100|[from] Sandstorm
|upkeep
|turn|10
|inactive|Battle timer is ON: inactive players will automatically lose when time's up. (requested by Smart Falcon)
|j|☆Clay1999
|inactive|Clay1999 reconnected and has 150 seconds left.
|player|p2|Clay1999|colress
|
|t:|1641855850
|switch|p2a: Urshifu|Urshifu-Rapid-Strike, M|100/100
|move|p1a: Tyranitar|Stone Edge|p2a: Urshifu
|-resisted|p2a: Urshifu
|-damage|p2a: Urshifu|80/100
|
|-weather|Sandstorm|[upkeep]
|-damage|p2a: Urshifu|74/100|[from] Sandstorm
|upkeep
|turn|11
|
|t:|1641855857
|switch|p1a: Zapdos|Zapdos|75/100
|move|p2a: Urshifu|U-turn|p1a: Zapdos
|-resisted|p1a: Zapdos
|-damage|p1a: Zapdos|65/100
|
|t:|1641855863
|switch|p2a: Magnezone|Magnezone|100/100|[from]move: U-turn
|
|-weather|Sandstorm|[upkeep]
|-damage|p1a: Zapdos|59/100|[from] Sandstorm
|-end|p1a: Zapdos|move: Future Sight
|-damage|p1a: Zapdos|6/100
|upkeep
|turn|12
|
|t:|1641855869
|move|p1a: Zapdos|Roost|p1a: Zapdos
|-heal|p1a: Zapdos|56/100
|-singleturn|p1a: Zapdos|move: Roost
|move|p2a: Magnezone|Flash Cannon|p1a: Zapdos
|-resisted|p1a: Zapdos
|-damage|p1a: Zapdos|24/100
|
|-weather|Sandstorm|[upkeep]
|-damage|p1a: Zapdos|18/100|[from] Sandstorm
|upkeep
|turn|13
|
|t:|1641855879
|switch|p2a: Blissey|Blissey, F|51/100
|move|p1a: Zapdos|Heat Wave|p2a: Blissey
|-damage|p2a: Blissey|42/100
|
|-weather|none
|upkeep
|turn|14
|
|t:|1641855881
|move|p1a: Zapdos|Roost|p1a: Zapdos
|-heal|p1a: Zapdos|68/100
|-singleturn|p1a: Zapdos|move: Roost
|move|p2a: Blissey|Soft-Boiled|p2a: Blissey
|-heal|p2a: Blissey|92/100
|
|upkeep
|turn|15
|
|t:|1641855886
|move|p1a: Zapdos|Volt Switch|p2a: Blissey
|-damage|p2a: Blissey|81/100
|
|t:|1641855888
|switch|p1a: Kartana|Kartana|100/100|[from]move: Volt Switch
|move|p2a: Blissey|Seismic Toss|p1a: Kartana
|-damage|p1a: Kartana|62/100
|
|upkeep
|turn|16
|
|t:|1641855893
|switch|p2a: Corviknight|Corviknight, M|93/100
|-ability|p2a: Corviknight|Pressure
|move|p1a: Kartana|Swords Dance|p1a: Kartana
|-boost|p1a: Kartana|atk|2
|
|upkeep
|turn|17
|
|t:|1641855896
|move|p1a: Kartana|Knock Off|p2a: Corviknight
|-damage|p2a: Corviknight|26/100
|-damage|p1a: Kartana|45/100|[from] item: Rocky Helmet|[of] p2a: Corviknight
|-enditem|p2a: Corviknight|Rocky Helmet|[from] move: Knock Off|[of] p1a: Kartana
|-damage|p1a: Kartana|36/100|[from] item: Life Orb
|move|p2a: Corviknight|U-turn|p1a: Kartana
|-damage|p1a: Kartana|20/100
|
|t:|1641855911
|switch|p2a: Magnezone|Magnezone|100/100|[from]move: U-turn
|
|upkeep
|turn|18
|
|t:|1641855917
|move|p1a: Kartana|Sacred Sword|p2a: Magnezone
|-supereffective|p2a: Magnezone
|-damage|p2a: Magnezone|0 fnt
|faint|p2a: Magnezone
|-ability|p1a: Kartana|Beast Boost|boost
|-boost|p1a: Kartana|atk|1
|-damage|p1a: Kartana|11/100|[from] item: Life Orb
|
|upkeep
|
|t:|1641855921
|switch|p2a: Urshifu|Urshifu-Rapid-Strike, M|74/100
|turn|19
|
|t:|1641855923
|switch|p1a: Zapdos|Zapdos|68/100
|move|p2a: Urshifu|Aqua Jet|p1a: Zapdos
|-damage|p1a: Zapdos|54/100
|
|upkeep
|turn|20
|
|t:|1641855929
|move|p2a: Urshifu|Surging Strikes|p1a: Zapdos
|-crit|p1a: Zapdos
|-damage|p1a: Zapdos|40/100
|-crit|p1a: Zapdos
|-damage|p1a: Zapdos|26/100
|-crit|p1a: Zapdos
|-damage|p1a: Zapdos|12/100
|-hitcount|p1a: Zapdos|3
|move|p1a: Zapdos|Volt Switch|p2a: Urshifu
|-supereffective|p2a: Urshifu
|-damage|p2a: Urshifu|0 fnt
|faint|p2a: Urshifu
|
|t:|1641855933
|switch|p1a: Cloyster|Cloyster, M|100/100|[from]move: Volt Switch
|
|upkeep
|
|t:|1641855938
|switch|p2a: Slowking|Slowking-Galar, F, shiny|100/100
|turn|21
|
|t:|1641855940
|move|p1a: Cloyster|Shell Smash|p1a: Cloyster
|-unboost|p1a: Cloyster|def|1
|-unboost|p1a: Cloyster|spd|1
|-boost|p1a: Cloyster|atk|2
|-boost|p1a: Cloyster|spa|2
|-boost|p1a: Cloyster|spe|2
|move|p2a: Slowking|Sludge Bomb|p1a: Cloyster
|-enditem|p1a: Cloyster|Focus Sash
|-damage|p1a: Cloyster|1/100
|
|upkeep
|turn|22
|
|t:|1641855944
|move|p1a: Cloyster|Icicle Spear|p2a: Slowking
|-damage|p2a: Slowking|78/100
|-damage|p2a: Slowking|57/100
|-damage|p2a: Slowking|34/100
|-damage|p2a: Slowking|14/100
|-damage|p2a: Slowking|0 fnt
|faint|p2a: Slowking
|-hitcount|p2: Slowking|5
|
|upkeep
|-message|Clay1999 forfeited.
|
|win|Smart Falcon
|raw|Smart Falcon's rating: 1244 &rarr; <strong>1270</strong><br />(+26 for winning)
|raw|Clay1999's rating: 1263 &rarr; <strong>1237</strong><br />(-26 for losing)
|l|☆Clay1999
