|j|☆Soukira
|j|☆Yeasty Duck
|t:|1641863690
|gametype|singles
|player|p1|Soukira|n|1101
|player|p2|Yeasty Duck|brycenman|1118
|teamsize|p1|6
|teamsize|p2|6
|gen|8
|tier|[Gen 8] OU
|rated|
|rule|Sleep Clause Mod: Limit one foe put to sleep
|rule|Species Clause: Limit one of each Pokémon
|rule|OHKO Clause: OHKO moves are banned
|rule|Evasion Moves Clause: Evasion moves are banned
|rule|Endless Battle Clause: Forcing endless battles is banned
|rule|HP Percentage Mod: HP is shown in percentages
|rule|Dynamax Clause: You cannot dynamax
|clearpoke
|poke|p1|Shuckle, M|
|poke|p1|Toxapex, F|
|poke|p1|Malamar, M|
|poke|p1|Tauros, M|
|poke|p1|Hawlucha, M|
|poke|p1|Whimsicott, M|
|poke|p2|Dragalge, M|
|poke|p2|Mew|
|poke|p2|Ninetales-Alola, M|
|poke|p2|Durant, M|
|poke|p2|Heatran, F|
|poke|p2|Zapdos-Galar|
|teampreview
|inactive|Battle timer is ON: inactive players will automatically lose when time's up. (requested by Soukira)
|
|t:|1641863711
|start
|switch|p1a: Whimsicott|Whimsicott, M|100/100
|switch|p2a: Mew|Mew|100/100
|turn|1
|
|t:|1641863728
|move|p1a: Whimsicott|Leech Seed|p2a: Mew
|-start|p2a: Mew|move: Leech Seed
|move|p2a: Mew|Stealth Rock|p1a: Whimsicott
|-sidestart|p1: Soukira|move: Stealth Rock
|
|-damage|p2a: Mew|88/100|[from] Leech Seed|[of] p1a: Whimsicott
|upkeep
|turn|2
|c|☆Soukira|Glkf
|c|☆Soukira|Glhf*
|
|t:|1641863743
|move|p1a: Whimsicott|Encore|p2a: Mew
|-start|p2a: Mew|Encore
|move|p2a: Mew|Stealth Rock||[still]
|-fail|p2a: Mew
|
|-damage|p2a: Mew|76/100|[from] Leech Seed|[of] p1a: Whimsicott
|upkeep
|turn|3
|c|☆Yeasty Duck|u 2
|
|t:|1641863752
|switch|p2a: Heatran|Heatran, F|100/100
|move|p1a: Whimsicott|Substitute|p1a: Whimsicott
|-start|p1a: Whimsicott|Substitute
|-damage|p1a: Whimsicott|75/100
|
|-heal|p1a: Whimsicott|82/100|[from] item: Leftovers
|upkeep
|turn|4
|
|t:|1641863759
|move|p1a: Whimsicott|Leech Seed|p2a: Heatran
|-start|p2a: Heatran|move: Leech Seed
|move|p2a: Heatran|Lava Plume|p1a: Whimsicott
|-supereffective|p1a: Whimsicott
|-end|p1a: Whimsicott|Substitute
|
|-heal|p1a: Whimsicott|88/100|[from] item: Leftovers
|-damage|p2a: Heatran|88/100|[from] Leech Seed|[of] p1a: Whimsicott
|-heal|p1a: Whimsicott|100/100|[silent]
|upkeep
|turn|5
|
|t:|1641863767
|move|p1a: Whimsicott|Substitute|p1a: Whimsicott
|-start|p1a: Whimsicott|Substitute
|-damage|p1a: Whimsicott|75/100
|move|p2a: Heatran|Magma Storm|p1a: Whimsicott
|-supereffective|p1a: Whimsicott
|-end|p1a: Whimsicott|Substitute
|
|-heal|p1a: Whimsicott|82/100|[from] item: Leftovers
|-heal|p2a: Heatran|94/100|[from] item: Leftovers
|-damage|p2a: Heatran|82/100|[from] Leech Seed|[of] p1a: Whimsicott
|-heal|p1a: Whimsicott|96/100|[silent]
|upkeep
|turn|6
|
|t:|1641863784
|move|p1a: Whimsicott|Substitute|p1a: Whimsicott
|-start|p1a: Whimsicott|Substitute
|-damage|p1a: Whimsicott|71/100
|move|p2a: Heatran|Magma Storm|p1a: Whimsicott
|-supereffective|p1a: Whimsicott
|-end|p1a: Whimsicott|Substitute
|
|-heal|p1a: Whimsicott|78/100|[from] item: Leftovers
|-heal|p2a: Heatran|88/100|[from] item: Leftovers
|-damage|p2a: Heatran|76/100|[from] Leech Seed|[of] p1a: Whimsicott
|-heal|p1a: Whimsicott|92/100|[silent]
|upkeep
|turn|7
|
|t:|1641863805
|switch|p1a: Malamar|Malamar, M|100/100
|-damage|p1a: Malamar|88/100|[from] Stealth Rock
|move|p2a: Heatran|Magma Storm|p1a: Malamar
|-damage|p1a: Malamar|27/100
|-activate|p1a: Malamar|move: Magma Storm|[of] p2a: Heatran
|
|-heal|p2a: Heatran|82/100|[from] item: Leftovers
|-heal|p1a: Malamar|33/100|[from] item: Leftovers
|-damage|p2a: Heatran|69/100|[from] Leech Seed|[of] p1a: Malamar
|-heal|p1a: Malamar|45/100|[silent]
|-damage|p1a: Malamar|33/100|[from] move: Magma Storm|[partiallytrapped]
|upkeep
|turn|8
|
|t:|1641863814
|move|p2a: Heatran|Lava Plume|p1a: Malamar
|-damage|p1a: Malamar|0 fnt
|faint|p1a: Malamar
|
|-heal|p2a: Heatran|76/100|[from] item: Leftovers
|upkeep
|
|t:|1641863821
|switch|p1a: Hawlucha|Hawlucha, M|100/100
|-damage|p1a: Hawlucha|88/100|[from] Stealth Rock
|-ability|p1a: Hawlucha|Mold Breaker
|turn|9
|
|t:|1641863837
|move|p1a: Hawlucha|Bulk Up|p1a: Hawlucha
|-boost|p1a: Hawlucha|atk|1
|-boost|p1a: Hawlucha|def|1
|move|p2a: Heatran|Magma Storm|p1a: Hawlucha
|-damage|p1a: Hawlucha|9/100
|-activate|p1a: Hawlucha|move: Magma Storm|[of] p2a: Heatran
|-enditem|p1a: Hawlucha|Sitrus Berry|[eat]
|-heal|p1a: Hawlucha|34/100|[from] item: Sitrus Berry
|
|-heal|p2a: Heatran|82/100|[from] item: Leftovers
|-damage|p2a: Heatran|69/100|[from] Leech Seed|[of] p1a: Hawlucha
|-heal|p1a: Hawlucha|48/100|[silent]
|-damage|p1a: Hawlucha|35/100|[from] move: Magma Storm|[partiallytrapped]
|upkeep
|turn|10
|
|t:|1641863845
|move|p1a: Hawlucha|Drain Punch|p2a: Heatran
|-supereffective|p2a: Heatran
|-damage|p2a: Heatran|10/100
|-heal|p1a: Hawlucha|67/100|[from] drain|[of] p2a: Heatran
|move|p2a: Heatran|Lava Plume|p1a: Hawlucha
|-damage|p1a: Hawlucha|4/100
|
|-heal|p2a: Heatran|17/100|[from] item: Leftovers
|-damage|p2a: Heatran|4/100|[from] Leech Seed|[of] p1a: Hawlucha
|-heal|p1a: Hawlucha|18/100|[silent]
|-damage|p1a: Hawlucha|6/100|[from] move: Magma Storm|[partiallytrapped]
|upkeep
|turn|11
|
|t:|1641863860
|move|p1a: Hawlucha|Roost|p1a: Hawlucha
|-heal|p1a: Hawlucha|56/100
|-singleturn|p1a: Hawlucha|move: Roost
|move|p2a: Heatran|Lava Plume|p1a: Hawlucha
|-damage|p1a: Hawlucha|0 fnt
|faint|p1a: Hawlucha
|
|-heal|p2a: Heatran|10/100|[from] item: Leftovers
|upkeep
|
|t:|1641863869
|switch|p1a: Whimsicott|Whimsicott, M|92/100
|-damage|p1a: Whimsicott|80/100|[from] Stealth Rock
|turn|12
|
|t:|1641863876
|move|p1a: Whimsicott|Substitute|p1a: Whimsicott
|-start|p1a: Whimsicott|Substitute
|-damage|p1a: Whimsicott|55/100
|move|p2a: Heatran|Magma Storm|p1a: Whimsicott|[miss]
|-miss|p2a: Heatran|p1a: Whimsicott
|
|-heal|p1a: Whimsicott|61/100|[from] item: Leftovers
|-heal|p2a: Heatran|17/100|[from] item: Leftovers
|-damage|p2a: Heatran|4/100|[from] Leech Seed|[of] p1a: Whimsicott
|-heal|p1a: Whimsicott|76/100|[silent]
|upkeep
|turn|13
|
|t:|1641863889
|move|p1a: Whimsicott|Moonblast|p2a: Heatran
|-resisted|p2a: Heatran
|-damage|p2a: Heatran|0 fnt
|faint|p2a: Heatran
|
|-heal|p1a: Whimsicott|82/100|[from] item: Leftovers
|upkeep
|
|t:|1641863903
|switch|p2a: Durant|Durant, M|100/100
|turn|14
|
|t:|1641863906
|move|p1a: Whimsicott|Leech Seed|p2a: Durant
|-start|p2a: Durant|move: Leech Seed
|move|p2a: Durant|Entrainment||[still]
|-fail|p2a: Durant
|
|-heal|p1a: Whimsicott|88/100|[from] item: Leftovers
|-damage|p2a: Durant|88/100|[from] Leech Seed|[of] p1a: Whimsicott
|-heal|p1a: Whimsicott|98/100|[silent]
|upkeep
|turn|15
|
|t:|1641863914
|move|p1a: Whimsicott|Encore|p2a: Durant
|-start|p2a: Durant|Encore
|cant|p2a: Durant|ability: Truant
|
|-heal|p1a: Whimsicott|100/100|[from] item: Leftovers
|-damage|p2a: Durant|76/100|[from] Leech Seed|[of] p1a: Whimsicott
|upkeep
|turn|16
|
|t:|1641863930
|move|p2a: Durant|Entrainment||[still]
|-fail|p2a: Durant
|move|p1a: Whimsicott|Moonblast|p2a: Durant
|-resisted|p2a: Durant
|-damage|p2a: Durant|46/100
|
|-damage|p2a: Durant|34/100|[from] Leech Seed|[of] p1a: Whimsicott
|upkeep
|turn|17
|
|t:|1641863946
|switch|p2a: Ninetales|Ninetales-Alola, M|100/100
|-weather|Hail|[from] ability: Snow Warning|[of] p2a: Ninetales
|move|p1a: Whimsicott|Moonblast|p2a: Ninetales
|-damage|p2a: Ninetales|71/100
|
|-weather|Hail|[upkeep]
|-damage|p1a: Whimsicott|94/100|[from] Hail
|-heal|p1a: Whimsicott|100/100|[from] item: Leftovers
|upkeep
|turn|18
|
|t:|1641863966
|move|p1a: Whimsicott|Leech Seed|p2a: Ninetales
|-start|p2a: Ninetales|move: Leech Seed
|move|p2a: Ninetales|Blizzard|p1a: Whimsicott
|-supereffective|p1a: Whimsicott
|-end|p1a: Whimsicott|Substitute
|
|-weather|Hail|[upkeep]
|-damage|p1a: Whimsicott|94/100|[from] Hail
|-heal|p1a: Whimsicott|100/100|[from] item: Leftovers
|-damage|p2a: Ninetales|59/100|[from] Leech Seed|[of] p1a: Whimsicott
|upkeep
|turn|19
|
|t:|1641863976
|move|p1a: Whimsicott|Substitute|p1a: Whimsicott
|-start|p1a: Whimsicott|Substitute
|-damage|p1a: Whimsicott|75/100
|move|p2a: Ninetales|Blizzard|p1a: Whimsicott
|-supereffective|p1a: Whimsicott
|-end|p1a: Whimsicott|Substitute
|
|-weather|Hail|[upkeep]
|-damage|p1a: Whimsicott|69/100|[from] Hail
|-heal|p1a: Whimsicott|75/100|[from] item: Leftovers
|-damage|p2a: Ninetales|46/100|[from] Leech Seed|[of] p1a: Whimsicott
|-heal|p1a: Whimsicott|86/100|[silent]
|upkeep
|turn|20
|
|t:|1641863998
|switch|p1a: Toxapex|Toxapex, F|100/100
|-damage|p1a: Toxapex|88/100|[from] Stealth Rock
|move|p2a: Ninetales|Blizzard|p1a: Toxapex
|-resisted|p1a: Toxapex
|-damage|p1a: Toxapex|63/100
|
|-weather|Hail|[upkeep]
|-damage|p1a: Toxapex|57/100|[from] Hail
|-heal|p1a: Toxapex|63/100|[from] item: Black Sludge
|-damage|p2a: Ninetales|34/100|[from] Leech Seed|[of] p1a: Toxapex
|-heal|p1a: Toxapex|75/100|[silent]
|upkeep
|turn|21
|
|t:|1641864006
|move|p2a: Ninetales|Blizzard|p1a: Toxapex
|-resisted|p1a: Toxapex
|-damage|p1a: Toxapex|47/100
|move|p1a: Toxapex|Toxic|p2a: Ninetales
|-status|p2a: Ninetales|tox
|
|-weather|none
|-heal|p1a: Toxapex|53/100|[from] item: Black Sludge
|-damage|p2a: Ninetales|22/100 tox|[from] Leech Seed|[of] p1a: Toxapex
|-heal|p1a: Toxapex|65/100|[silent]
|-damage|p2a: Ninetales|16/100 tox|[from] psn
|upkeep
|turn|22
|
|t:|1641864010
|move|p2a: Ninetales|Blizzard|p1a: Toxapex|[miss]
|-miss|p2a: Ninetales|p1a: Toxapex
|move|p1a: Toxapex|Recover|p1a: Toxapex
|-heal|p1a: Toxapex|100/100
|
|-damage|p2a: Ninetales|4/100 tox|[from] Leech Seed|[of] p1a: Toxapex
|-damage|p2a: Ninetales|0 fnt|[from] psn
|faint|p2a: Ninetales
|upkeep
|
|t:|1641864023
|switch|p2a: Durant|Durant, M|34/100
|turn|23
|-activate|p2a: Durant|item: Quick Claw
|
|t:|1641864035
|switch|p1a: Tauros|Tauros, M|100/100
|-damage|p1a: Tauros|88/100|[from] Stealth Rock
|move|p2a: Durant|Entrainment|p1a: Tauros
|-endability|p1a: Tauros|Sheer Force|[from] move: Entrainment
|-ability|p1a: Tauros|Truant|[from] move: Entrainment
|
|upkeep
|turn|24
|
|t:|1641864051
|move|p1a: Tauros|Fire Blast|p2a: Durant|[miss]
|-miss|p1a: Tauros|p2a: Durant
|cant|p2a: Durant|ability: Truant
|
|upkeep
|turn|25
|-activate|p2a: Durant|item: Quick Claw
|
|t:|1641864054
|move|p2a: Durant|Crunch|p1a: Tauros
|-damage|p1a: Tauros|58/100
|cant|p1a: Tauros|ability: Truant
|
|upkeep
|turn|26
|
|t:|1641864061
|move|p1a: Tauros|Fire Blast|p2a: Durant
|-supereffective|p2a: Durant
|-damage|p2a: Durant|0 fnt
|faint|p2a: Durant
|-damage|p1a: Tauros|48/100|[from] item: Life Orb
|
|upkeep
|
|t:|1641864065
|switch|p2a: Mew|Mew|76/100
|turn|27
|
|t:|1641864073
|switch|p1a: Whimsicott|Whimsicott, M|86/100
|-damage|p1a: Whimsicott|74/100|[from] Stealth Rock
|move|p2a: Mew|Spikes|p1a: Whimsicott
|-sidestart|p1: Soukira|Spikes
|
|-heal|p1a: Whimsicott|80/100|[from] item: Leftovers
|upkeep
|turn|28
|
|t:|1641864076
|move|p1a: Whimsicott|Leech Seed|p2a: Mew
|-start|p2a: Mew|move: Leech Seed
|move|p2a: Mew|Triple Axel|p1a: Whimsicott
|-supereffective|p1a: Whimsicott
|-damage|p1a: Whimsicott|73/100
|-supereffective|p1a: Whimsicott
|-damage|p1a: Whimsicott|57/100
|-supereffective|p1a: Whimsicott
|-damage|p1a: Whimsicott|32/100
|-hitcount|p1a: Whimsicott|3
|
|-heal|p1a: Whimsicott|38/100|[from] item: Leftovers
|-damage|p2a: Mew|63/100|[from] Leech Seed|[of] p1a: Whimsicott
|-heal|p1a: Whimsicott|54/100|[silent]
|upkeep
|turn|29
|
|t:|1641864086
|move|p1a: Whimsicott|Substitute|p1a: Whimsicott
|-start|p1a: Whimsicott|Substitute
|-damage|p1a: Whimsicott|29/100
|move|p2a: Mew|Triple Axel|p1a: Whimsicott
|-supereffective|p1a: Whimsicott
|-activate|p1a: Whimsicott|move: Substitute|[damage]
|-supereffective|p1a: Whimsicott
|-activate|p1a: Whimsicott|move: Substitute|[damage]
|-supereffective|p1a: Whimsicott
|-end|p1a: Whimsicott|Substitute
|-hitcount|p1a: Whimsicott|3
|
|-heal|p1a: Whimsicott|35/100|[from] item: Leftovers
|-damage|p2a: Mew|51/100|[from] Leech Seed|[of] p1a: Whimsicott
|-heal|p1a: Whimsicott|50/100|[silent]
|upkeep
|turn|30
|
|t:|1641864099
|move|p1a: Whimsicott|Substitute|p1a: Whimsicott
|-start|p1a: Whimsicott|Substitute
|-damage|p1a: Whimsicott|25/100
|move|p2a: Mew|Triple Axel|p1a: Whimsicott
|-supereffective|p1a: Whimsicott
|-activate|p1a: Whimsicott|move: Substitute|[damage]
|-supereffective|p1a: Whimsicott
|-activate|p1a: Whimsicott|move: Substitute|[damage]
|-supereffective|p1a: Whimsicott
|-end|p1a: Whimsicott|Substitute
|-hitcount|p1a: Whimsicott|3
|
|-heal|p1a: Whimsicott|31/100|[from] item: Leftovers
|-damage|p2a: Mew|39/100|[from] Leech Seed|[of] p1a: Whimsicott
|-heal|p1a: Whimsicott|47/100|[silent]
|upkeep
|turn|31
|
|t:|1641864108
|move|p1a: Whimsicott|Substitute|p1a: Whimsicott
|-start|p1a: Whimsicott|Substitute
|-damage|p1a: Whimsicott|22/100
|move|p2a: Mew|Triple Axel|p1a: Whimsicott
|-supereffective|p1a: Whimsicott
|-activate|p1a: Whimsicott|move: Substitute|[damage]
|-supereffective|p1a: Whimsicott
|-activate|p1a: Whimsicott|move: Substitute|[damage]
|-supereffective|p1a: Whimsicott
|-end|p1a: Whimsicott|Substitute
|-hitcount|p1a: Whimsicott|3
|
|-heal|p1a: Whimsicott|28/100|[from] item: Leftovers
|-damage|p2a: Mew|26/100|[from] Leech Seed|[of] p1a: Whimsicott
|-heal|p1a: Whimsicott|43/100|[silent]
|upkeep
|turn|32
|
|t:|1641864123
|move|p1a: Whimsicott|Substitute|p1a: Whimsicott
|-start|p1a: Whimsicott|Substitute
|-damage|p1a: Whimsicott|18/100
|move|p2a: Mew|Triple Axel|p1a: Whimsicott
|-supereffective|p1a: Whimsicott
|-activate|p1a: Whimsicott|move: Substitute|[damage]
|-supereffective|p1a: Whimsicott
|-activate|p1a: Whimsicott|move: Substitute|[damage]
|-hitcount|p1a: Whimsicott|2
|
|-heal|p1a: Whimsicott|25/100|[from] item: Leftovers
|-damage|p2a: Mew|14/100|[from] Leech Seed|[of] p1a: Whimsicott
|-heal|p1a: Whimsicott|40/100|[silent]
|upkeep
|turn|33
|
|t:|1641864140
|move|p1a: Whimsicott|Moonblast|p2a: Mew
|-damage|p2a: Mew|0 fnt
|faint|p2a: Mew
|
|-heal|p1a: Whimsicott|46/100|[from] item: Leftovers
|upkeep
|
|t:|1641864147
|switch|p2a: Dragalge|Dragalge, M, shiny|100/100
|turn|34
|
|t:|1641864151
|move|p1a: Whimsicott|Leech Seed|p2a: Dragalge
|-start|p2a: Dragalge|move: Leech Seed
|move|p2a: Dragalge|Sludge Bomb|p1a: Whimsicott
|-supereffective|p1a: Whimsicott
|-end|p1a: Whimsicott|Substitute
|
|-heal|p1a: Whimsicott|52/100|[from] item: Leftovers
|-damage|p2a: Dragalge|88/100|[from] Leech Seed|[of] p1a: Whimsicott
|-heal|p1a: Whimsicott|65/100|[silent]
|upkeep
|turn|35
|
|t:|1641864160
|move|p1a: Whimsicott|Substitute|p1a: Whimsicott
|-start|p1a: Whimsicott|Substitute
|-damage|p1a: Whimsicott|40/100
|move|p2a: Dragalge|Sludge Bomb|p1a: Whimsicott
|-supereffective|p1a: Whimsicott
|-end|p1a: Whimsicott|Substitute
|
|-heal|p1a: Whimsicott|46/100|[from] item: Leftovers
|-heal|p2a: Dragalge|94/100|[from] item: Black Sludge
|-damage|p2a: Dragalge|82/100|[from] Leech Seed|[of] p1a: Whimsicott
|-heal|p1a: Whimsicott|59/100|[silent]
|upkeep
|turn|36
|
|t:|1641864167
|move|p1a: Whimsicott|Substitute|p1a: Whimsicott
|-start|p1a: Whimsicott|Substitute
|-damage|p1a: Whimsicott|34/100
|move|p2a: Dragalge|Sludge Bomb|p1a: Whimsicott
|-supereffective|p1a: Whimsicott
|-end|p1a: Whimsicott|Substitute
|
|-heal|p1a: Whimsicott|40/100|[from] item: Leftovers
|-heal|p2a: Dragalge|88/100|[from] item: Black Sludge
|-damage|p2a: Dragalge|76/100|[from] Leech Seed|[of] p1a: Whimsicott
|-heal|p1a: Whimsicott|53/100|[silent]
|upkeep
|turn|37
|
|t:|1641864185
|switch|p1a: Shuckle|Shuckle, M|100/100
|-damage|p1a: Shuckle|88/100|[from] Spikes
|-damage|p1a: Shuckle|63/100|[from] Stealth Rock
|move|p2a: Dragalge|Sludge Bomb|p1a: Shuckle
|-resisted|p1a: Shuckle
|-damage|p1a: Shuckle|38/100
|
|-heal|p2a: Dragalge|82/100|[from] item: Black Sludge
|-damage|p2a: Dragalge|69/100|[from] Leech Seed|[of] p1a: Shuckle
|-heal|p1a: Shuckle|61/100|[silent]
|upkeep
|turn|38
|
|t:|1641864194
|switch|p2a: Zapdos|Zapdos-Galar|100/100
|move|p1a: Shuckle|Shell Smash|p1a: Shuckle
|-boost|p1a: Shuckle|def|1
|-boost|p1a: Shuckle|spd|1
|-unboost|p1a: Shuckle|atk|2
|-unboost|p1a: Shuckle|spa|2
|-unboost|p1a: Shuckle|spe|2
|
|upkeep
|turn|39
|
|t:|1641864202
|move|p2a: Zapdos|Thunderous Kick|p1a: Shuckle
|-crit|p1a: Shuckle
|-damage|p1a: Shuckle|2/100
|-boost|p1a: Shuckle|def|1
|move|p1a: Shuckle|Toxic|p2a: Zapdos
|-status|p2a: Zapdos|tox
|
|-damage|p2a: Zapdos|94/100 tox|[from] psn
|upkeep
|turn|40
|
|t:|1641864209
|move|p2a: Zapdos|Thunderous Kick|p1a: Shuckle
|-damage|p1a: Shuckle|0 fnt
|faint|p1a: Shuckle
|
|-damage|p2a: Zapdos|82/100 tox|[from] psn
|upkeep
|
|t:|1641864213
|switch|p1a: Whimsicott|Whimsicott, M|53/100
|-damage|p1a: Whimsicott|40/100|[from] Stealth Rock
|-damage|p1a: Whimsicott|28/100|[from] Spikes
|turn|41
|
|t:|1641864216
|move|p1a: Whimsicott|Leech Seed|p2a: Zapdos
|-start|p2a: Zapdos|move: Leech Seed
|move|p2a: Zapdos|Blaze Kick|p1a: Whimsicott|[miss]
|-miss|p2a: Zapdos|p1a: Whimsicott
|
|-heal|p1a: Whimsicott|34/100|[from] item: Leftovers
|-damage|p2a: Zapdos|69/100 tox|[from] Leech Seed|[of] p1a: Whimsicott
|-heal|p1a: Whimsicott|46/100|[silent]
|-damage|p2a: Zapdos|51/100 tox|[from] psn
|upkeep
|turn|42
|
|t:|1641864222
|move|p1a: Whimsicott|Substitute|p1a: Whimsicott
|-start|p1a: Whimsicott|Substitute
|-damage|p1a: Whimsicott|21/100
|move|p2a: Zapdos|Blaze Kick|p1a: Whimsicott
|-supereffective|p1a: Whimsicott
|-crit|p1a: Whimsicott
|-end|p1a: Whimsicott|Substitute
|
|-heal|p1a: Whimsicott|28/100|[from] item: Leftovers
|-damage|p2a: Zapdos|38/100 tox|[from] Leech Seed|[of] p1a: Whimsicott
|-heal|p1a: Whimsicott|40/100|[silent]
|-damage|p2a: Zapdos|13/100 tox|[from] psn
|upkeep
|turn|43
|c|☆Yeasty Duck|bruh my luck lol
|
|t:|1641864242
|move|p1a: Whimsicott|Substitute|p1a: Whimsicott
|-start|p1a: Whimsicott|Substitute
|-damage|p1a: Whimsicott|15/100
|move|p2a: Zapdos|Brave Bird|p1a: Whimsicott
|-supereffective|p1a: Whimsicott
|-end|p1a: Whimsicott|Substitute
|-damage|p2a: Zapdos|5/100 tox|[from] Recoil|[of] p1a: Whimsicott
|
|-heal|p1a: Whimsicott|21/100|[from] item: Leftovers
|-damage|p2a: Zapdos|0 fnt|[from] Leech Seed|[of] p1a: Whimsicott
|-heal|p1a: Whimsicott|25/100|[silent]
|faint|p2a: Zapdos
|upkeep
|c|☆Soukira|Hehe
|
|t:|1641864245
|switch|p2a: Dragalge|Dragalge, M, shiny|69/100
|turn|44
|
|t:|1641864252
|move|p1a: Whimsicott|Leech Seed|p2a: Dragalge
|-start|p2a: Dragalge|move: Leech Seed
|move|p2a: Dragalge|Sludge Bomb|p1a: Whimsicott
|-supereffective|p1a: Whimsicott
|-damage|p1a: Whimsicott|0 fnt
|faint|p1a: Whimsicott
|
|-heal|p2a: Dragalge|75/100|[from] item: Black Sludge
|upkeep
|
|t:|1641864257
|switch|p1a: Tauros|Tauros, M|48/100
|-damage|p1a: Tauros|36/100|[from] Spikes
|-damage|p1a: Tauros|23/100|[from] Stealth Rock
|turn|45
|c|☆Yeasty Duck|IT FINALLY DIES
|c|☆Yeasty Duck|lmao
|
|t:|1641864270
|move|p1a: Tauros|Earthquake|p2a: Dragalge
|-supereffective|p2a: Dragalge
|-crit|p2a: Dragalge
|-damage|p2a: Dragalge|0 fnt
|faint|p2a: Dragalge
|-damage|p1a: Tauros|13/100|[from] item: Life Orb
|
|win|Soukira
|raw|Soukira's rating: 1101 &rarr; <strong>1127</strong><br />(+26 for winning)
|raw|Yeasty Duck's rating: 1118 &rarr; <strong>1092</strong><br />(-26 for losing)
|c|☆Yeasty Duck|gg
|c|☆Soukira|Gg
|c|☆Yeasty Duck|i killed the whimsicott so im happy
|c|☆Soukira|Just luck
|l|☆Yeasty Duck
|c|☆Soukira|Thanks battle
