|j|☆Nauticles
|j|‽G3n0YT
|t:|1641857783
|gametype|singles
|player|p1|Nauticles|101|1107
|player|p2|G3n0YT|wallace|1139
|teamsize|p1|6
|teamsize|p2|6
|gen|8
|tier|[Gen 8] OU
|rated|
|rule|Sleep Clause Mod: Limit one foe put to sleep
|rule|Species Clause: Limit one of each Pokémon
|rule|OHKO Clause: OHKO moves are banned
|rule|Evasion Moves Clause: Evasion moves are banned
|rule|Endless Battle Clause: Forcing endless battles is banned
|rule|HP Percentage Mod: HP is shown in percentages
|rule|Dynamax Clause: You cannot dynamax
|clearpoke
|poke|p1|Zeraora|
|poke|p1|Corviknight, F|
|poke|p1|Dragonite, F|
|poke|p1|Sylveon, M|
|poke|p1|Reuniclus, M|
|poke|p1|Victini|
|poke|p2|Ninetales-Alola, M|
|poke|p2|Kartana|
|poke|p2|Cloyster, M|
|poke|p2|Polteageist-Antique|
|poke|p2|Dragapult, M|
|poke|p2|Urshifu-*, M|
|teampreview
|
|t:|1641857800
|start
|switch|p1a: Corviknight|Corviknight, F|100/100
|switch|p2a: Ninetales|Ninetales-Alola, M, shiny|100/100
|-weather|Hail|[from] ability: Snow Warning|[of] p2a: Ninetales
|-ability|p1a: Corviknight|Pressure
|turn|1
|
|t:|1641857822
|move|p2a: Ninetales|Aurora Veil|p2a: Ninetales
|-sidestart|p2: G3n0YT|move: Aurora Veil
|move|p1a: Corviknight|U-turn|p2a: Ninetales
|-resisted|p2a: Ninetales
|-damage|p2a: Ninetales|96/100
|c|☆Nauticles|oh its a set up team
|
|t:|1641857839
|switch|p1a: Sylveon|Sylveon, M|100/100|[from]move: U-turn
|
|-weather|Hail|[upkeep]
|-damage|p1a: Sylveon|94/100|[from] Hail
|upkeep
|turn|2
|
|t:|1641857844
|switch|p2a: Kartana|Kartana, shiny|100/100
|move|p1a: Sylveon|Echoed Voice|p2a: Kartana
|-resisted|p2a: Kartana
|-damage|p2a: Kartana|82/100
|
|-weather|Hail|[upkeep]
|-damage|p2a: Kartana|76/100|[from] Hail
|-damage|p1a: Sylveon|88/100|[from] Hail
|upkeep
|turn|3
|
|t:|1641857849
|move|p2a: Kartana|Swords Dance|p2a: Kartana
|-boost|p2a: Kartana|atk|2
|move|p1a: Sylveon|Mystical Fire|p2a: Kartana
|-supereffective|p2a: Kartana
|-damage|p2a: Kartana|0 fnt
|faint|p2a: Kartana
|
|-weather|Hail|[upkeep]
|-damage|p1a: Sylveon|82/100|[from] Hail
|upkeep
|
|t:|1641857862
|switch|p2a: Polteageist|Polteageist-Antique, shiny|100/100
|turn|4
|
|t:|1641857867
|move|p2a: Polteageist|Shell Smash|p2a: Polteageist
|-unboost|p2a: Polteageist|def|1
|-unboost|p2a: Polteageist|spd|1
|-boost|p2a: Polteageist|atk|2
|-boost|p2a: Polteageist|spa|2
|-boost|p2a: Polteageist|spe|2
|-enditem|p2a: Polteageist|White Herb
|-clearnegativeboost|p2a: Polteageist|[silent]
|move|p1a: Sylveon|Echoed Voice|p2a: Polteageist
|-damage|p2a: Polteageist|88/100
|
|-weather|Hail|[upkeep]
|-damage|p2a: Polteageist|82/100|[from] Hail
|-damage|p1a: Sylveon|76/100|[from] Hail
|upkeep
|turn|5
|
|t:|1641857876
|move|p2a: Polteageist|Shadow Ball|p1a: Sylveon
|-damage|p1a: Sylveon|20/100
|move|p1a: Sylveon|Echoed Voice|p2a: Polteageist
|-damage|p2a: Polteageist|47/100
|
|-weather|none
|upkeep
|turn|6
|
|t:|1641857881
|move|p2a: Polteageist|Shadow Ball|p1a: Sylveon
|-damage|p1a: Sylveon|0 fnt
|faint|p1a: Sylveon
|
|upkeep
|
|t:|1641857887
|switch|p1a: Victini|Victini|100/100
|turn|7
|
|t:|1641857891
|move|p1a: Victini|V-create|p2a: Polteageist
|-damage|p2a: Polteageist|0 fnt
|-unboost|p1a: Victini|spe|1
|-unboost|p1a: Victini|def|1
|-unboost|p1a: Victini|spd|1
|faint|p2a: Polteageist
|
|upkeep
|
|t:|1641857904
|switch|p2a: Cloyster|Cloyster, M, shiny|100/100
|turn|8
|
|t:|1641857908
|move|p1a: Victini|V-create|p2a: Cloyster
|-damage|p2a: Cloyster|69/100
|-unboost|p1a: Victini|spe|1
|-unboost|p1a: Victini|def|1
|-unboost|p1a: Victini|spd|1
|move|p2a: Cloyster|Shell Smash|p2a: Cloyster
|-unboost|p2a: Cloyster|def|1
|-unboost|p2a: Cloyster|spd|1
|-boost|p2a: Cloyster|atk|2
|-boost|p2a: Cloyster|spa|2
|-boost|p2a: Cloyster|spe|2
|-enditem|p2a: Cloyster|White Herb
|-clearnegativeboost|p2a: Cloyster|[silent]
|
|-sideend|p2: G3n0YT|move: Aurora Veil
|upkeep
|turn|9
|
|t:|1641857916
|switch|p1a: Corviknight|Corviknight, F|100/100
|-ability|p1a: Corviknight|Pressure
|move|p2a: Cloyster|Pin Missile|p1a: Corviknight
|-resisted|p1a: Corviknight
|-damage|p1a: Corviknight|98/100
|-resisted|p1a: Corviknight
|-damage|p1a: Corviknight|96/100
|-resisted|p1a: Corviknight
|-damage|p1a: Corviknight|94/100
|-resisted|p1a: Corviknight
|-damage|p1a: Corviknight|91/100
|-resisted|p1a: Corviknight
|-damage|p1a: Corviknight|89/100
|-hitcount|p1a: Corviknight|5
|
|upkeep
|turn|10
|
|t:|1641857929
|move|p2a: Cloyster|Rock Blast|p1a: Corviknight
|-damage|p1a: Corviknight|80/100
|-damage|p1a: Corviknight|71/100
|-damage|p1a: Corviknight|61/100
|-damage|p1a: Corviknight|53/100
|-damage|p1a: Corviknight|43/100
|-hitcount|p1a: Corviknight|5
|move|p1a: Corviknight|U-turn|p2a: Cloyster
|-damage|p2a: Cloyster|55/100
|
|t:|1641857938
|switch|p1a: Victini|Victini|100/100|[from]move: U-turn
|
|upkeep
|turn|11
|
|t:|1641857942
|move|p1a: Victini|Fusion Bolt|p2a: Cloyster
|-supereffective|p2a: Cloyster
|-damage|p2a: Cloyster|2/100
|move|p2a: Cloyster|Pin Missile|p1a: Victini
|-damage|p1a: Victini|84/100
|-damage|p1a: Victini|69/100
|-damage|p1a: Victini|53/100
|-damage|p1a: Victini|37/100
|-damage|p1a: Victini|22/100
|-hitcount|p1a: Victini|5
|
|upkeep
|turn|12
|
|t:|1641857953
|switch|p2a: Ninetales|Ninetales-Alola, M, shiny|96/100
|-weather|Hail|[from] ability: Snow Warning|[of] p2a: Ninetales
|move|p1a: Victini|Fusion Bolt|p2a: Ninetales
|-damage|p2a: Ninetales|57/100
|
|-weather|Hail|[upkeep]
|-damage|p1a: Victini|15/100|[from] Hail
|upkeep
|turn|13
|
|t:|1641857958
|switch|p1a: Corviknight|Corviknight, F|43/100
|-ability|p1a: Corviknight|Pressure
|move|p2a: Ninetales|Aurora Veil|p2a: Ninetales
|-sidestart|p2: G3n0YT|move: Aurora Veil
|
|-weather|Hail|[upkeep]
|-damage|p1a: Corviknight|37/100|[from] Hail
|upkeep
|turn|14
|
|t:|1641857968
|switch|p2a: Dragapult|Dragapult, M|100/100
|move|p1a: Corviknight|Defog|p2a: Dragapult
|-unboost|p2a: Dragapult|evasion|1
|-sideend|p2: G3n0YT|move: Aurora Veil
|
|-weather|Hail|[upkeep]
|-damage|p2a: Dragapult|95/100|[from] Hail
|-damage|p1a: Corviknight|31/100|[from] Hail
|upkeep
|turn|15
|
|t:|1641857989
|switch|p1a: Reuniclus|Reuniclus, M|100/100
|move|p2a: Dragapult|Flamethrower|p1a: Reuniclus
|-damage|p1a: Reuniclus|77/100
|
|-weather|Hail|[upkeep]
|-damage|p2a: Dragapult|89/100|[from] Hail
|-heal|p1a: Reuniclus|83/100|[from] item: Leftovers
|upkeep
|turn|16
|
|t:|1641857995
|switch|p2a: Urshifu|Urshifu-Rapid-Strike, M|100/100
|move|p1a: Reuniclus|Acid Armor|p1a: Reuniclus
|-boost|p1a: Reuniclus|def|2
|
|-weather|none
|-heal|p1a: Reuniclus|89/100|[from] item: Leftovers
|upkeep
|turn|17
|
|t:|1641857999
|move|p2a: Urshifu|U-turn|p1a: Reuniclus
|-supereffective|p1a: Reuniclus
|-damage|p1a: Reuniclus|52/100
|
|t:|1641858019
|switch|p2a: Dragapult|Dragapult, M|89/100|[from]move: U-turn
|move|p1a: Reuniclus|Acid Armor|p1a: Reuniclus
|-boost|p1a: Reuniclus|def|2
|
|-heal|p1a: Reuniclus|59/100|[from] item: Leftovers
|upkeep
|turn|18
|
|t:|1641858028
|move|p2a: Dragapult|Shadow Ball|p1a: Reuniclus
|-supereffective|p1a: Reuniclus
|-damage|p1a: Reuniclus|0 fnt
|faint|p1a: Reuniclus
|
|upkeep
|
|t:|1641858034
|switch|p1a: Victini|Victini|15/100
|turn|19
|
|t:|1641858050
|move|p1a: Victini|V-create|p2a: Dragapult
|-resisted|p2a: Dragapult
|-damage|p2a: Dragapult|31/100
|-unboost|p1a: Victini|spe|1
|-unboost|p1a: Victini|def|1
|-unboost|p1a: Victini|spd|1
|move|p2a: Dragapult|Shadow Ball|p1a: Victini
|-supereffective|p1a: Victini
|-damage|p1a: Victini|0 fnt
|faint|p1a: Victini
|
|upkeep
|
|t:|1641858057
|switch|p1a: Dragonite|Dragonite, F|100/100
|turn|20
|
|t:|1641858063
|switch|p2a: Ninetales|Ninetales-Alola, M, shiny|57/100
|-weather|Hail|[from] ability: Snow Warning|[of] p2a: Ninetales
|move|p1a: Dragonite|Dragon Dance|p1a: Dragonite
|-boost|p1a: Dragonite|atk|1
|-boost|p1a: Dragonite|spe|1
|
|-weather|Hail|[upkeep]
|-damage|p1a: Dragonite|94/100|[from] Hail
|upkeep
|turn|21
|
|t:|1641858069
|move|p1a: Dragonite|Dual Wingbeat|p2a: Ninetales
|-damage|p2a: Ninetales|2/100
|-damage|p2a: Ninetales|0 fnt
|faint|p2a: Ninetales
|-hitcount|p2: Ninetales|2
|-damage|p1a: Dragonite|84/100|[from] item: Life Orb
|
|-weather|Hail|[upkeep]
|-damage|p1a: Dragonite|78/100|[from] Hail
|upkeep
|
|t:|1641858082
|switch|p2a: Dragapult|Dragapult, M|31/100
|turn|22
|
|t:|1641858087
|move|p2a: Dragapult|Draco Meteor|p1a: Dragonite
|-supereffective|p1a: Dragonite
|-damage|p1a: Dragonite|0 fnt
|-unboost|p2a: Dragapult|spa|2
|faint|p1a: Dragonite
|
|-weather|Hail|[upkeep]
|-damage|p2a: Dragapult|25/100|[from] Hail
|upkeep
|
|t:|1641858096
|switch|p1a: Zeraora|Zeraora|100/100
|turn|23
|
|t:|1641858110
|switch|p2a: Urshifu|Urshifu-Rapid-Strike, M|100/100
|move|p1a: Zeraora|Volt Switch|p2a: Urshifu
|-supereffective|p2a: Urshifu
|-crit|p2a: Urshifu
|-damage|p2a: Urshifu|0 fnt
|faint|p2a: Urshifu
|
|t:|1641858119
|switch|p1a: Corviknight|Corviknight, F|31/100|[from]move: Volt Switch
|-ability|p1a: Corviknight|Pressure
|
|-weather|Hail|[upkeep]
|-damage|p1a: Corviknight|25/100|[from] Hail
|upkeep
|
|t:|1641858136
|switch|p2a: Dragapult|Dragapult, M|25/100
|turn|24
|
|t:|1641858145
|move|p2a: Dragapult|Draco Meteor|p1a: Corviknight
|-resisted|p1a: Corviknight
|-damage|p1a: Corviknight|0 fnt
|-unboost|p2a: Dragapult|spa|2
|faint|p1a: Corviknight
|
|-weather|none
|upkeep
|
|t:|1641858148
|switch|p1a: Zeraora|Zeraora|100/100
|turn|25
|
|t:|1641858153
|switch|p2a: Cloyster|Cloyster, M, shiny|2/100
|move|p1a: Zeraora|Thunderbolt|p2a: Cloyster
|-supereffective|p2a: Cloyster
|-damage|p2a: Cloyster|0 fnt
|faint|p2a: Cloyster
|
|upkeep
|
|t:|1641858157
|switch|p2a: Dragapult|Dragapult, M|25/100
|turn|26
|
|t:|1641858160
|move|p1a: Zeraora|Thunderbolt|p2a: Dragapult
|-resisted|p2a: Dragapult
|-crit|p2a: Dragapult
|-damage|p2a: Dragapult|0 fnt
|faint|p2a: Dragapult
|
|win|Nauticles
|raw|Nauticles's rating: 1107 &rarr; <strong>1134</strong><br />(+27 for winning)
|raw|G3n0YT's rating: 1139 &rarr; <strong>1112</strong><br />(-27 for losing)
|c|☆Nauticles|gg
|l|‽G3n0YT
