|j|☆Nashhhhh
|j|☆james06
|t:|1641821165
|gametype|singles
|player|p1|Nashhhhh|102|
|player|p2|james06|170|
|teamsize|p1|6
|teamsize|p2|6
|gen|8
|tier|[Gen 8] OU
|rule|Sleep Clause Mod: Limit one foe put to sleep
|rule|Species Clause: Limit one of each Pokémon
|rule|OHKO Clause: OHKO moves are banned
|rule|Evasion Moves Clause: Evasion moves are banned
|rule|Endless Battle Clause: Forcing endless battles is banned
|rule|HP Percentage Mod: HP is shown in percentages
|rule|Dynamax Clause: You cannot dynamax
|clearpoke
|poke|p1|Kommo-o, M|
|poke|p1|Volcarona, M|
|poke|p1|Dragapult, F|
|poke|p1|Zapdos|
|poke|p1|Melmetal|
|poke|p1|Landorus-Therian, M|
|poke|p2|Gyarados, F|
|poke|p2|Weavile, M|
|poke|p2|Zeraora|
|poke|p2|Chansey, F|
|poke|p2|Ferrothorn, M|
|poke|p2|Volcarona, F|
|teampreview
|inactive|Battle timer is ON: inactive players will automatically lose when time's up. (requested by Nashhhhh)
|j| irishcreamcoldbrew
|c| irishcreamcoldbrew|poggies
|c|☆james06|goddamn
|
|t:|1641821191
|start
|switch|p1a: Landorus|Landorus-Therian, M|100/100
|switch|p2a: Gyarados|Gyarados, F|100/100
|-ability|p2a: Gyarados|Intimidate|boost
|-unboost|p1a: Landorus|atk|1
|-ability|p1a: Landorus|Intimidate|boost
|-unboost|p2a: Gyarados|atk|1
|turn|1
|c|☆james06|:(
|inactive|Nashhhhh has 270 seconds left.
|
|t:|1641821224
|switch|p1a: Melmetal|Melmetal|100/100
|move|p2a: Gyarados|Ice Fang|p1a: Melmetal
|-resisted|p1a: Melmetal
|-damage|p1a: Melmetal|96/100
|
|upkeep
|turn|2
|c|☆james06|u can see my speed limit sir
|inactive|Nashhhhh has 270 seconds left.
|
|t:|1641821236
|move|p2a: Gyarados|Earthquake|p1a: Melmetal
|-supereffective|p1a: Melmetal
|-damage|p1a: Melmetal|65/100
|move|p1a: Melmetal|Thunder Punch|p2a: Gyarados
|-supereffective|p2a: Gyarados
|-damage|p2a: Gyarados|0 fnt
|faint|p2a: Gyarados
|
|upkeep
|c|☆james06|tf
|c|☆james06|wtf
|c|☆james06|who tf is melmetal
|
|t:|1641821250
|switch|p2a: Ferrothorn|Ferrothorn, M|100/100
|turn|3
|
|t:|1641821254
|move|p1a: Melmetal|Earthquake|p2a: Ferrothorn
|-damage|p2a: Ferrothorn|82/100
|move|p2a: Ferrothorn|Stealth Rock|p1a: Melmetal
|-sidestart|p1: Nashhhhh|move: Stealth Rock
|
|upkeep
|turn|4
|
|t:|1641821260
|move|p1a: Melmetal|Earthquake|p2a: Ferrothorn
|-damage|p2a: Ferrothorn|61/100
|move|p2a: Ferrothorn|Leech Seed|p1a: Melmetal
|-start|p1a: Melmetal|move: Leech Seed
|
|-damage|p1a: Melmetal|53/100|[from] Leech Seed|[of] p2a: Ferrothorn
|-heal|p2a: Ferrothorn|76/100|[silent]
|upkeep
|turn|5
|
|t:|1641821284
|switch|p1a: Volcarona|Volcarona, M|100/100
|switch|p2a: Volcarona|Volcarona, F|100/100
|
|upkeep
|turn|6
|c|☆james06|wtf
|c|☆james06|u fucker
|c| irishcreamcoldbrew|LOL
|c|☆james06|no fucking way
|inactive|james06 has 270 seconds left.
|
|t:|1641821310
|switch|p2a: Chansey|Chansey, F|100/100
|move|p1a: Volcarona|Toxic|p2a: Chansey
|-status|p2a: Chansey|tox
|
|-damage|p2a: Chansey|94/100 tox|[from] psn
|upkeep
|turn|7
|
|t:|1641821320
|switch|p1a: Landorus|Landorus-Therian, M|100/100
|-damage|p1a: Landorus|88/100|[from] Stealth Rock
|-ability|p1a: Landorus|Intimidate|boost
|-unboost|p2a: Chansey|atk|1
|move|p2a: Chansey|Toxic|p1a: Landorus
|-status|p1a: Landorus|tox
|
|-heal|p1a: Landorus|94/100 tox|[from] item: Leftovers
|-damage|p1a: Landorus|88/100 tox|[from] psn
|-damage|p2a: Chansey|82/100 tox|[from] psn
|upkeep
|turn|8
|
|t:|1641821328
|-curestatus|p2a: Chansey|tox|[from] ability: Natural Cure
|switch|p2a: Ferrothorn|Ferrothorn, M|76/100
|move|p1a: Landorus|Stealth Rock|p2a: Ferrothorn
|-sidestart|p2: james06|move: Stealth Rock
|
|-heal|p1a: Landorus|94/100 tox|[from] item: Leftovers
|-damage|p1a: Landorus|82/100 tox|[from] psn
|upkeep
|turn|9
|
|t:|1641821337
|move|p1a: Landorus|U-turn|p2a: Ferrothorn
|-damage|p2a: Ferrothorn|63/100
|-damage|p1a: Landorus|70/100 tox|[from] ability: Iron Barbs|[of] p2a: Ferrothorn
|-damage|p1a: Landorus|53/100 tox|[from] item: Rocky Helmet|[of] p2a: Ferrothorn
|
|t:|1641821341
|switch|p1a: Volcarona|Volcarona, M|100/100|[from]move: U-turn
|move|p2a: Ferrothorn|Leech Seed|p1a: Volcarona
|-start|p1a: Volcarona|move: Leech Seed
|
|-damage|p1a: Volcarona|88/100|[from] Leech Seed|[of] p2a: Ferrothorn
|-heal|p2a: Ferrothorn|76/100|[silent]
|upkeep
|turn|10
|
|t:|1641821357
|move|p1a: Volcarona|Quiver Dance|p1a: Volcarona
|-boost|p1a: Volcarona|spa|1
|-boost|p1a: Volcarona|spd|1
|-boost|p1a: Volcarona|spe|1
|move|p2a: Ferrothorn|Gyro Ball|p1a: Volcarona
|-resisted|p1a: Volcarona
|-damage|p1a: Volcarona|64/100
|-status|p2a: Ferrothorn|brn|[from] ability: Flame Body|[of] p1a: Volcarona
|
|-damage|p1a: Volcarona|52/100|[from] Leech Seed|[of] p2a: Ferrothorn
|-heal|p2a: Ferrothorn|89/100 brn|[silent]
|-damage|p2a: Ferrothorn|83/100 brn|[from] brn
|upkeep
|turn|11
|c|☆james06|ffs
|
|t:|1641821373
|switch|p2a: Chansey|Chansey, F|82/100
|-damage|p2a: Chansey|70/100|[from] Stealth Rock
|move|p1a: Volcarona|Flamethrower|p2a: Chansey
|-damage|p2a: Chansey|50/100
|
|-damage|p1a: Volcarona|40/100|[from] Leech Seed|[of] p2a: Chansey
|-heal|p2a: Chansey|56/100|[silent]
|upkeep
|turn|12
|
|t:|1641821385
|move|p1a: Volcarona|Flamethrower|p2a: Chansey
|-damage|p2a: Chansey|37/100
|move|p2a: Chansey|Wish|p2a: Chansey
|
|-damage|p1a: Volcarona|27/100|[from] Leech Seed|[of] p2a: Chansey
|-heal|p2a: Chansey|44/100|[silent]
|upkeep
|turn|13
|c|☆james06|mmhm
|
|t:|1641821399
|move|p1a: Volcarona|Roost|p1a: Volcarona
|-heal|p1a: Volcarona|77/100
|-singleturn|p1a: Volcarona|move: Roost
|move|p2a: Chansey|Seismic Toss|p1a: Volcarona
|-damage|p1a: Volcarona|50/100
|
|-heal|p2a: Chansey|94/100|[from] move: Wish|[wisher] Chansey
|-damage|p1a: Volcarona|38/100|[from] Leech Seed|[of] p2a: Chansey
|-heal|p2a: Chansey|99/100|[silent]
|upkeep
|turn|14
|
|t:|1641821409
|switch|p1a: Kommo-o|Kommo-o, M|100/100
|-damage|p1a: Kommo-o|94/100|[from] Stealth Rock
|move|p2a: Chansey|Toxic|p1a: Kommo-o
|-status|p1a: Kommo-o|tox
|
|-damage|p1a: Kommo-o|88/100 tox|[from] psn
|upkeep
|turn|15
|c|☆james06|HEHE
|
|t:|1641821419
|move|p1a: Kommo-o|Substitute|p1a: Kommo-o
|-start|p1a: Kommo-o|Substitute
|-damage|p1a: Kommo-o|63/100 tox
|move|p2a: Chansey|Wish|p2a: Chansey
|
|-damage|p1a: Kommo-o|51/100 tox|[from] psn
|upkeep
|turn|16
|
|t:|1641821437
|switch|p2a: Ferrothorn|Ferrothorn, M|83/100 brn
|-damage|p2a: Ferrothorn|77/100 brn|[from] Stealth Rock
|move|p1a: Kommo-o|Belly Drum|p1a: Kommo-o
|-damage|p1a: Kommo-o|1/100 tox
|-setboost|p1a: Kommo-o|atk|6|[from] move: Belly Drum
|-enditem|p1a: Kommo-o|Salac Berry|[eat]
|-boost|p1a: Kommo-o|spe|1|[from] item: Salac Berry
|
|-heal|p2a: Ferrothorn|100/100 brn|[from] move: Wish|[wisher] Chansey
|-damage|p1a: Kommo-o|0 fnt|[from] psn
|faint|p1a: Kommo-o
|-damage|p2a: Ferrothorn|95/100 brn|[from] brn
|upkeep
|c|☆james06|oh
|c|☆james06|bro u just sepuku
|c|☆james06|i thought u gon z move
|c|☆james06|idt so
|
|t:|1641821465
|switch|p1a: Volcarona|Volcarona, M|38/100
|turn|17
|
|t:|1641821471
|move|p1a: Volcarona|Flamethrower|p2a: Ferrothorn
|-supereffective|p2a: Ferrothorn
|-damage|p2a: Ferrothorn|0 fnt
|faint|p2a: Ferrothorn
|
|upkeep
|c|☆james06|ah
|c|☆james06|u saw thru
|
|t:|1641821481
|switch|p2a: Chansey|Chansey, F|99/100
|-damage|p2a: Chansey|88/100|[from] Stealth Rock
|turn|18
|c| irishcreamcoldbrew|lmao one shot get ROLLED jason
|
|t:|1641821493
|move|p1a: Volcarona|Roost|p1a: Volcarona
|-heal|p1a: Volcarona|88/100
|-singleturn|p1a: Volcarona|move: Roost
|move|p2a: Chansey|Toxic|p1a: Volcarona
|-status|p1a: Volcarona|tox
|
|-damage|p1a: Volcarona|82/100 tox|[from] psn
|upkeep
|turn|19
|
|t:|1641821502
|move|p1a: Volcarona|Toxic|p2a: Chansey
|-status|p2a: Chansey|tox
|move|p2a: Chansey|Wish|p2a: Chansey
|
|-damage|p1a: Volcarona|70/100 tox|[from] psn
|-damage|p2a: Chansey|82/100 tox|[from] psn
|upkeep
|turn|20
|c| irishcreamcoldbrew|and u call me a toxic spammer
|
|t:|1641821515
|switch|p1a: Zapdos|Zapdos|100/100
|move|p2a: Chansey|Seismic Toss|p1a: Zapdos
|-damage|p1a: Zapdos|74/100
|
|-heal|p2a: Chansey|100/100 tox|[from] move: Wish|[wisher] Chansey
|-damage|p2a: Chansey|88/100 tox|[from] psn
|upkeep
|turn|21
|
|t:|1641821523
|move|p1a: Zapdos|Defog|p2a: Chansey
|-unboost|p2a: Chansey|evasion|1
|-sideend|p2: james06|Stealth Rock|[from] move: Defog|[of] p1a: Zapdos
|-sideend|p1: Nashhhhh|Stealth Rock|[from] move: Defog|[of] p1a: Zapdos
|move|p2a: Chansey|Wish|p2a: Chansey
|
|-damage|p2a: Chansey|70/100 tox|[from] psn
|upkeep
|turn|22
|
|t:|1641821530
|move|p1a: Zapdos|Hurricane|p2a: Chansey|[miss]
|-miss|p1a: Zapdos|p2a: Chansey
|move|p2a: Chansey|Toxic|p1a: Zapdos
|-status|p1a: Zapdos|tox
|
|-heal|p2a: Chansey|100/100 tox|[from] move: Wish|[wisher] Chansey
|-damage|p1a: Zapdos|68/100 tox|[from] psn
|-damage|p2a: Chansey|76/100 tox|[from] psn
|upkeep
|turn|23
|c|☆james06|70 hit chance
|c|☆james06|sadge
|c| irishcreamcoldbrew|smoge
|
|t:|1641821549
|-curestatus|p2a: Chansey|tox|[from] ability: Natural Cure
|switch|p2a: Zeraora|Zeraora|100/100
|move|p1a: Zapdos|Hurricane|p2a: Zeraora
|-resisted|p2a: Zeraora
|-damage|p2a: Zeraora|70/100
|
|-damage|p1a: Zapdos|56/100 tox|[from] psn
|upkeep
|turn|24
|
|t:|1641821564
|move|p2a: Zeraora|Knock Off|p1a: Zapdos
|-damage|p1a: Zapdos|30/100 tox
|-enditem|p1a: Zapdos|Heavy-Duty Boots|[from] move: Knock Off|[of] p2a: Zeraora
|-damage|p2a: Zeraora|60/100|[from] item: Life Orb
|move|p1a: Zapdos|Hurricane|p2a: Zeraora|[miss]
|-miss|p1a: Zapdos|p2a: Zeraora
|
|-damage|p1a: Zapdos|12/100 tox|[from] psn
|upkeep
|turn|25
|inactive|james06 has 270 seconds left.
|
|t:|1641821589
|switch|p2a: Chansey|Chansey, F|76/100
|move|p1a: Zapdos|Hurricane|p2a: Chansey|[miss]
|-miss|p1a: Zapdos|p2a: Chansey
|
|-damage|p1a: Zapdos|0 fnt|[from] psn
|faint|p1a: Zapdos
|upkeep
|c|☆james06|damn
|
|t:|1641821596
|switch|p1a: Dragapult|Dragapult, F|100/100
|turn|26
|c|☆james06|that was jsut sad
|c| irishcreamcoldbrew|0k john
|
|t:|1641821604
|switch|p1a: Melmetal|Melmetal|53/100
|move|p2a: Chansey|Toxic|p1a: Melmetal
|-immune|p1a: Melmetal
|
|upkeep
|turn|27
|
|t:|1641821612
|move|p2a: Chansey|Wish|p2a: Chansey
|move|p1a: Melmetal|Double Iron Bash|p2a: Chansey
|-damage|p2a: Chansey|50/100
|-damage|p2a: Chansey|27/100
|-hitcount|p2a: Chansey|2
|
|upkeep
|turn|28
|c|☆james06|wow
|
|t:|1641821619
|move|p2a: Chansey|Protect|p2a: Chansey
|-singleturn|p2a: Chansey|Protect
|move|p1a: Melmetal|Double Iron Bash|p2a: Chansey
|-activate|p2a: Chansey|move: Protect
|
|-heal|p2a: Chansey|77/100|[from] move: Wish|[wisher] Chansey
|upkeep
|turn|29
|
|t:|1641821626
|move|p2a: Chansey|Wish|p2a: Chansey
|move|p1a: Melmetal|Double Iron Bash|p2a: Chansey
|-damage|p2a: Chansey|53/100
|-damage|p2a: Chansey|31/100
|-hitcount|p2a: Chansey|2
|
|upkeep
|turn|30
|
|t:|1641821647
|switch|p2a: Volcarona|Volcarona, F|100/100
|move|p1a: Melmetal|Earthquake|p2a: Volcarona
|-damage|p2a: Volcarona|43/100
|
|-heal|p2a: Volcarona|100/100|[from] move: Wish|[wisher] Chansey
|upkeep
|turn|31
|c|☆james06|kek
|
|t:|1641821658
|move|p2a: Volcarona|Quiver Dance|p2a: Volcarona
|-boost|p2a: Volcarona|spa|1
|-boost|p2a: Volcarona|spd|1
|-boost|p2a: Volcarona|spe|1
|move|p1a: Melmetal|Thunder Punch|p2a: Volcarona
|-damage|p2a: Volcarona|50/100
|-status|p1a: Melmetal|brn|[from] ability: Flame Body|[of] p2a: Volcarona
|
|-damage|p1a: Melmetal|47/100 brn|[from] brn
|upkeep
|turn|32
|c|☆james06|wish so good
|
|t:|1641821669
|move|p2a: Volcarona|Fiery Dance|p1a: Melmetal
|-supereffective|p1a: Melmetal
|-damage|p1a: Melmetal|0 fnt
|faint|p1a: Melmetal
|
|upkeep
|
|t:|1641821675
|switch|p1a: Landorus|Landorus-Therian, M|53/100 tox
|-ability|p1a: Landorus|Intimidate|boost
|-unboost|p2a: Volcarona|atk|1
|turn|33
|c|☆james06|NO
|c|☆james06|WHY NO RNG
|
|t:|1641821686
|move|p2a: Volcarona|Fiery Dance|p1a: Landorus
|-damage|p1a: Landorus|0 fnt
|faint|p1a: Landorus
|
|upkeep
|
|t:|1641821688
|switch|p1a: Dragapult|Dragapult, F|100/100
|turn|34
|c|☆james06|kekW
|inactive|james06 has 270 seconds left.
|c| irishcreamcoldbrew|KEKL
|
|t:|1641821727
|move|p2a: Volcarona|Fiery Dance|p1a: Dragapult
|-resisted|p1a: Dragapult
|-damage|p1a: Dragapult|54/100
|move|p1a: Dragapult|Hydro Pump|p2a: Volcarona
|-supereffective|p2a: Volcarona
|-damage|p2a: Volcarona|0 fnt
|faint|p2a: Volcarona
|
|upkeep
|
|t:|1641821739
|switch|p2a: Chansey|Chansey, F|31/100
|turn|35
|c|☆james06|hellop
|
|t:|1641821746
|move|p1a: Dragapult|Hydro Pump|p2a: Chansey
|-damage|p2a: Chansey|16/100
|move|p2a: Chansey|Wish|p2a: Chansey
|
|upkeep
|turn|36
|c|☆james06|HAHAHAHAAH
|inactive|james06 has 270 seconds left.
|
|t:|1641821752
|switch|p1a: Volcarona|Volcarona, M|70/100 tox
|move|p2a: Chansey|Protect||[still]
|-fail|p2a: Chansey
|
|-heal|p2a: Chansey|66/100|[from] move: Wish|[wisher] Chansey
|-damage|p1a: Volcarona|63/100 tox|[from] psn
|upkeep
|turn|37
|
|t:|1641821755
|move|p1a: Volcarona|Quiver Dance|p1a: Volcarona
|-boost|p1a: Volcarona|spa|1
|-boost|p1a: Volcarona|spd|1
|-boost|p1a: Volcarona|spe|1
|move|p2a: Chansey|Wish|p2a: Chansey
|
|-damage|p1a: Volcarona|51/100 tox|[from] psn
|upkeep
|turn|38
|c|☆james06|goodbye
|
|t:|1641821764
|move|p1a: Volcarona|Flamethrower|p2a: Chansey
|-damage|p2a: Chansey|46/100
|move|p2a: Chansey|Seismic Toss|p1a: Volcarona
|-damage|p1a: Volcarona|24/100 tox
|-status|p2a: Chansey|brn|[from] ability: Flame Body|[of] p1a: Volcarona
|
|-heal|p2a: Chansey|96/100 brn|[from] move: Wish|[wisher] Chansey
|-damage|p1a: Volcarona|5/100 tox|[from] psn
|-damage|p2a: Chansey|90/100 brn|[from] brn
|upkeep
|turn|39
|
|t:|1641821777
|move|p1a: Volcarona|Flamethrower|p2a: Chansey
|-damage|p2a: Chansey|72/100 brn
|move|p2a: Chansey|Seismic Toss|p1a: Volcarona
|-damage|p1a: Volcarona|0 fnt
|faint|p1a: Volcarona
|
|-damage|p2a: Chansey|66/100 brn|[from] brn
|upkeep
|c|☆james06|u love to see it
|
|t:|1641821783
|switch|p1a: Dragapult|Dragapult, F|54/100
|turn|40
|c|☆james06|but tbf chansey spD is NUTS
|
|t:|1641821790
|move|p1a: Dragapult|Draco Meteor|p2a: Chansey
|-damage|p2a: Chansey|37/100 brn
|-unboost|p1a: Dragapult|spa|2
|move|p2a: Chansey|Wish|p2a: Chansey
|
|-damage|p2a: Chansey|31/100 brn|[from] brn
|upkeep
|turn|41
|
|t:|1641821798
|move|p1a: Dragapult|Draco Meteor|p2a: Chansey
|-damage|p2a: Chansey|19/100 brn
|-unboost|p1a: Dragapult|spa|2
|move|p2a: Chansey|Toxic|p1a: Dragapult
|-status|p1a: Dragapult|tox
|
|-heal|p2a: Chansey|69/100 brn|[from] move: Wish|[wisher] Chansey
|-damage|p1a: Dragapult|48/100 tox|[from] psn
|-damage|p2a: Chansey|63/100 brn|[from] brn
|upkeep
|turn|42
|c|☆james06|HSASHAHA
|c|☆james06|CHANSEY HARD CARRy
|
|t:|1641821815
|move|p1a: Dragapult|Draco Meteor|p2a: Chansey
|-damage|p2a: Chansey|54/100 brn
|-unboost|p1a: Dragapult|spa|2
|move|p2a: Chansey|Wish|p2a: Chansey
|
|-damage|p1a: Dragapult|36/100 tox|[from] psn
|-damage|p2a: Chansey|48/100 brn|[from] brn
|upkeep
|turn|43
|
|t:|1641821824
|move|p2a: Chansey|Protect|p2a: Chansey
|-singleturn|p2a: Chansey|Protect
|move|p1a: Dragapult|Draco Meteor|p2a: Chansey
|-activate|p2a: Chansey|move: Protect
|
|-heal|p2a: Chansey|98/100 brn|[from] move: Wish|[wisher] Chansey
|-damage|p1a: Dragapult|18/100 tox|[from] psn
|-damage|p2a: Chansey|91/100 brn|[from] brn
|upkeep
|turn|44
|c|☆james06|THE POWER
|c|☆james06|OF THIS BITCh
|-message|Nashhhhh forfeited.
|
|win|james06
|c|☆james06|damn
|l| irishcreamcoldbrew
|l|☆Nashhhhh
