|j|☆noobmaster1309
|j|☆Papingolo
|t:|1641735722
|gametype|singles
|player|p1|noobmaster1309|whitney|1306
|player|p2|Papingolo|1|1264
|teamsize|p1|6
|teamsize|p2|6
|gen|8
|tier|[Gen 8] OU
|rated|
|rule|Sleep Clause Mod: Limit one foe put to sleep
|rule|Species Clause: Limit one of each Pokémon
|rule|OHKO Clause: OHKO moves are banned
|rule|Evasion Moves Clause: Evasion moves are banned
|rule|Endless Battle Clause: Forcing endless battles is banned
|rule|HP Percentage Mod: HP is shown in percentages
|rule|Dynamax Clause: You cannot dynamax
|clearpoke
|poke|p1|Torracat, M|
|poke|p1|Toxapex, F|
|poke|p1|Zapdos|
|poke|p1|Weavile, M|
|poke|p1|Landorus-Therian, M|
|poke|p1|Dragonite, F|
|poke|p2|Scizor, M|
|poke|p2|Tapu Fini|
|poke|p2|Dragapult, M|
|poke|p2|Landorus-Therian, M|
|poke|p2|Slowking-Galar, M|
|poke|p2|Zapdos|
|teampreview
|
|t:|1641735731
|start
|switch|p1a: Weavile|Weavile, M|100/100
|switch|p2a: Landorus|Landorus-Therian, M|100/100
|-ability|p2a: Landorus|Intimidate|boost
|-unboost|p1a: Weavile|atk|1
|-ability|p1a: Weavile|Pressure
|turn|1
|inactive|Battle timer is ON: inactive players will automatically lose when time's up. (requested by Papingolo)
|
|t:|1641735744
|move|p2a: Landorus|Stealth Rock|p1a: Weavile
|-sidestart|p1: noobmaster1309|move: Stealth Rock
|move|p1a: Weavile|Knock Off|p2a: Landorus
|-damage|p2a: Landorus|64/100
|-enditem|p2a: Landorus|Choice Scarf|[from] move: Knock Off|[of] p1a: Weavile
|
|upkeep
|turn|2
|
|t:|1641735753
|switch|p2a: Scizor|Scizor, M|100/100
|move|p1a: Weavile|Ice Shard|p2a: Scizor
|-resisted|p2a: Scizor
|-damage|p2a: Scizor|94/100
|
|upkeep
|turn|3
|
|t:|1641735760
|switch|p1a: Landorus|Landorus-Therian, M|100/100
|-damage|p1a: Landorus|88/100|[from] Stealth Rock
|-ability|p1a: Landorus|Intimidate|boost
|-unboost|p2a: Scizor|atk|1
|move|p2a: Scizor|Knock Off|p1a: Landorus
|-damage|p1a: Landorus|51/100
|-enditem|p1a: Landorus|Leftovers|[from] move: Knock Off|[of] p2a: Scizor
|
|upkeep
|turn|4
|
|t:|1641735771
|switch|p2a: Zapdos|Zapdos, shiny|100/100
|move|p1a: Landorus|Defog|p2a: Zapdos
|-unboost|p2a: Zapdos|evasion|1
|-sideend|p1: noobmaster1309|Stealth Rock|[from] move: Defog|[of] p1a: Landorus
|
|upkeep
|turn|5
|
|t:|1641735781
|switch|p1a: Torracat|Torracat, M|100/100
|-ability|p1a: Torracat|Intimidate|boost
|-unboost|p2a: Zapdos|atk|1
|move|p2a: Zapdos|Heat Wave|p1a: Torracat|[miss]
|-miss|p2a: Zapdos|p1a: Torracat
|
|upkeep
|turn|6
|
|t:|1641735794
|move|p1a: Torracat|Parting Shot|p2a: Zapdos
|-unboost|p2a: Zapdos|atk|1
|-unboost|p2a: Zapdos|spa|1
|
|t:|1641735798
|switch|p1a: Landorus|Landorus-Therian, M|51/100|[from]move: Parting Shot
|-ability|p1a: Landorus|Intimidate|boost
|-unboost|p2a: Zapdos|atk|1
|move|p2a: Zapdos|Volt Switch|p1a: Landorus
|-immune|p1a: Landorus
|
|upkeep
|turn|7
|
|t:|1641735807
|switch|p2a: Landorus|Landorus-Therian, M|64/100
|-ability|p2a: Landorus|Intimidate|boost
|-unboost|p1a: Landorus|atk|1
|move|p1a: Landorus|U-turn|p2a: Landorus
|-resisted|p2a: Landorus
|-damage|p2a: Landorus|55/100
|
|t:|1641735816
|switch|p1a: Weavile|Weavile, M|100/100|[from]move: U-turn
|-ability|p1a: Weavile|Pressure
|
|upkeep
|turn|8
|
|t:|1641735823
|switch|p2a: Scizor|Scizor, M|94/100
|move|p1a: Weavile|Triple Axel|p2a: Scizor
|-resisted|p2a: Scizor
|-damage|p2a: Scizor|89/100
|-resisted|p2a: Scizor
|-damage|p2a: Scizor|80/100
|-resisted|p2a: Scizor
|-damage|p2a: Scizor|64/100
|-hitcount|p2a: Scizor|3
|
|upkeep
|turn|9
|
|t:|1641735845
|switch|p1a: Torracat|Torracat, M|100/100
|-ability|p1a: Torracat|Intimidate|boost
|-unboost|p2a: Scizor|atk|1
|move|p2a: Scizor|U-turn|p1a: Torracat
|-resisted|p1a: Torracat
|-damage|p1a: Torracat|67/100
|
|t:|1641735857
|switch|p2a: Landorus|Landorus-Therian, M|55/100|[from]move: U-turn
|-ability|p2a: Landorus|Intimidate|boost
|-unboost|p1a: Torracat|atk|1
|
|upkeep
|turn|10
|
|t:|1641735871
|move|p2a: Landorus|Stealth Rock|p1a: Torracat
|-sidestart|p1: noobmaster1309|move: Stealth Rock
|move|p1a: Torracat|Overheat|p2a: Landorus
|-damage|p2a: Landorus|8/100
|-unboost|p1a: Torracat|spa|2
|
|upkeep
|turn|11
|
|t:|1641735879
|switch|p1a: Landorus|Landorus-Therian, M|51/100
|-damage|p1a: Landorus|38/100|[from] Stealth Rock
|-ability|p1a: Landorus|Intimidate|boost
|-unboost|p2a: Landorus|atk|1
|move|p2a: Landorus|Earthquake|p1a: Landorus
|-immune|p1a: Landorus
|
|upkeep
|turn|12
|
|t:|1641735892
|move|p2a: Landorus|U-turn|p1a: Landorus
|-resisted|p1a: Landorus
|-damage|p1a: Landorus|29/100
|
|t:|1641735907
|switch|p2a: Scizor|Scizor, M|64/100|[from]move: U-turn
|move|p1a: Landorus|Defog|p2a: Scizor
|-unboost|p2a: Scizor|evasion|1
|-sideend|p1: noobmaster1309|Stealth Rock|[from] move: Defog|[of] p1a: Landorus
|
|upkeep
|turn|13
|
|t:|1641735918
|switch|p1a: Toxapex|Toxapex, F|100/100
|move|p2a: Scizor|U-turn|p1a: Toxapex
|-resisted|p1a: Toxapex
|-damage|p1a: Toxapex|83/100
|-damage|p2a: Scizor|48/100|[from] item: Rocky Helmet|[of] p1a: Toxapex
|
|t:|1641735925
|switch|p2a: Landorus|Landorus-Therian, M|8/100|[from]move: U-turn
|-ability|p2a: Landorus|Intimidate|boost
|-unboost|p1a: Toxapex|atk|1
|
|upkeep
|turn|14
|
|t:|1641735932
|move|p2a: Landorus|Stealth Rock|p1a: Toxapex
|-sidestart|p1: noobmaster1309|move: Stealth Rock
|move|p1a: Toxapex|Scald|p2a: Landorus
|-supereffective|p2a: Landorus
|-damage|p2a: Landorus|0 fnt
|faint|p2a: Landorus
|
|upkeep
|
|t:|1641735946
|switch|p2a: Tapu Fini|Tapu Fini, shiny|100/100
|-fieldstart|move: Misty Terrain|[from] ability: Misty Surge|[of] p2a: Tapu Fini
|turn|15
|
|t:|1641735953
|move|p2a: Tapu Fini|Taunt|p1a: Toxapex
|-start|p1a: Toxapex|move: Taunt
|move|p1a: Toxapex|Scald|p2a: Tapu Fini
|-resisted|p2a: Tapu Fini
|-damage|p2a: Tapu Fini|93/100
|
|-heal|p2a: Tapu Fini|99/100|[from] item: Leftovers
|upkeep
|turn|16
|
|t:|1641735962
|switch|p1a: Zapdos|Zapdos|100/100
|-damage|p1a: Zapdos|76/100|[from] Stealth Rock
|move|p2a: Tapu Fini|Whirlpool|p1a: Zapdos
|-damage|p1a: Zapdos|58/100
|-activate|p1a: Zapdos|move: Whirlpool|[of] p2a: Tapu Fini
|
|-heal|p2a: Tapu Fini|100/100|[from] item: Leftovers
|-damage|p1a: Zapdos|46/100|[from] move: Whirlpool|[partiallytrapped]
|upkeep
|turn|17
|
|t:|1641735977
|move|p1a: Zapdos|Thunderbolt|p2a: Tapu Fini
|-supereffective|p2a: Tapu Fini
|-damage|p2a: Tapu Fini|0 fnt
|faint|p2a: Tapu Fini
|
|-end|p1a: Zapdos|Whirlpool|[partiallytrapped]|[silent]
|upkeep
|
|t:|1641735983
|switch|p2a: Dragapult|Dragapult, M, shiny|100/100
|turn|18
|
|t:|1641736009
|move|p2a: Dragapult|Dragon Dance|p2a: Dragapult
|-boost|p2a: Dragapult|atk|1
|-boost|p2a: Dragapult|spe|1
|move|p1a: Zapdos|Thunderbolt|p2a: Dragapult
|-resisted|p2a: Dragapult
|-damage|p2a: Dragapult|53/100
|
|upkeep
|turn|19
|
|t:|1641736020
|move|p2a: Dragapult|Dragon Darts|p1a: Zapdos
|-damage|p1a: Zapdos|0 fnt
|faint|p1a: Zapdos
|-damage|p2a: Dragapult|43/100|[from] item: Life Orb
|
|-fieldend|Misty Terrain
|upkeep
|
|t:|1641736023
|switch|p1a: Weavile|Weavile, M|100/100
|-ability|p1a: Weavile|Pressure
|turn|20
|
|t:|1641736035
|switch|p2a: Scizor|Scizor, M|48/100
|move|p1a: Weavile|Ice Shard|p2a: Scizor
|-resisted|p2a: Scizor
|-damage|p2a: Scizor|37/100
|
|upkeep
|turn|21
|
|t:|1641736044
|switch|p1a: Torracat|Torracat, M|67/100
|-damage|p1a: Torracat|42/100|[from] Stealth Rock
|-ability|p1a: Torracat|Intimidate|boost
|-unboost|p2a: Scizor|atk|1
|move|p2a: Scizor|U-turn|p1a: Torracat
|-resisted|p1a: Torracat
|-damage|p1a: Torracat|12/100
|
|t:|1641736057
|switch|p2a: Zapdos|Zapdos, shiny|100/100|[from]move: U-turn
|
|upkeep
|turn|22
|
|t:|1641736074
|move|p1a: Torracat|Fake Out|p2a: Zapdos
|-damage|p2a: Zapdos|95/100
|cant|p2a: Zapdos|flinch
|
|upkeep
|turn|23
|
|t:|1641736083
|move|p1a: Torracat|Overheat|p2a: Zapdos
|-damage|p2a: Zapdos|57/100
|-unboost|p1a: Torracat|spa|2
|move|p2a: Zapdos|Volt Switch|p1a: Torracat
|-damage|p1a: Torracat|0 fnt
|faint|p1a: Torracat
|
|t:|1641736098
|switch|p2a: Scizor|Scizor, M|37/100|[from]move: Volt Switch
|
|upkeep
|
|t:|1641736103
|switch|p1a: Landorus|Landorus-Therian, M|29/100
|-damage|p1a: Landorus|17/100|[from] Stealth Rock
|-ability|p1a: Landorus|Intimidate|boost
|-unboost|p2a: Scizor|atk|1
|turn|24
|
|t:|1641736110
|move|p2a: Scizor|Bullet Punch|p1a: Landorus
|-damage|p1a: Landorus|0 fnt
|faint|p1a: Landorus
|
|upkeep
|
|t:|1641736113
|switch|p1a: Dragonite|Dragonite, F|100/100
|turn|25
|
|t:|1641736121
|switch|p2a: Zapdos|Zapdos, shiny|57/100
|move|p1a: Dragonite|Dragon Dance|p1a: Dragonite
|-boost|p1a: Dragonite|atk|1
|-boost|p1a: Dragonite|spe|1
|
|upkeep
|turn|26
|
|t:|1641736130
|move|p1a: Dragonite|Dragon Dance|p1a: Dragonite
|-boost|p1a: Dragonite|atk|1
|-boost|p1a: Dragonite|spe|1
|move|p2a: Zapdos|Roost|p2a: Zapdos
|-heal|p2a: Zapdos|100/100
|-singleturn|p2a: Zapdos|move: Roost
|
|upkeep
|turn|27
|
|t:|1641736139
|move|p1a: Dragonite|Dragon Dance|p1a: Dragonite
|-boost|p1a: Dragonite|atk|1
|-boost|p1a: Dragonite|spe|1
|move|p2a: Zapdos|Volt Switch|p1a: Dragonite
|-damage|p1a: Dragonite|84/100
|
|t:|1641736149
|switch|p2a: Dragapult|Dragapult, M, shiny|43/100|[from]move: Volt Switch
|
|upkeep
|turn|28
|
|t:|1641736172
|move|p1a: Dragonite|Dragon Claw|p2a: Dragapult
|-supereffective|p2a: Dragapult
|-damage|p2a: Dragapult|0 fnt
|faint|p2a: Dragapult
|
|upkeep
|
|t:|1641736180
|switch|p2a: Zapdos|Zapdos, shiny|100/100
|turn|29
|
|t:|1641736184
|move|p1a: Dragonite|Dragon Claw|p2a: Zapdos
|-damage|p2a: Zapdos|24/100
|move|p2a: Zapdos|Volt Switch|p1a: Dragonite
|-damage|p1a: Dragonite|52/100
|
|t:|1641736193
|switch|p2a: Slowking|Slowking-Galar, M, shiny|100/100|[from]move: Volt Switch
|
|upkeep
|turn|30
|
|t:|1641736199
|move|p1a: Dragonite|Roost|p1a: Dragonite
|-heal|p1a: Dragonite|100/100
|-singleturn|p1a: Dragonite|move: Roost
|move|p2a: Slowking|Ice Beam|p1a: Dragonite
|-supereffective|p1a: Dragonite
|-damage|p1a: Dragonite|76/100
|
|upkeep
|turn|31
|
|t:|1641736208
|move|p1a: Dragonite|Earthquake|p2a: Slowking
|-supereffective|p2a: Slowking
|-damage|p2a: Slowking|0 fnt
|faint|p2a: Slowking
|
|upkeep
|
|t:|1641736214
|switch|p2a: Zapdos|Zapdos, shiny|24/100
|turn|32
|c|☆noobmaster1309|gg
|
|t:|1641736219
|move|p1a: Dragonite|Dragon Claw|p2a: Zapdos
|-damage|p2a: Zapdos|0 fnt
|faint|p2a: Zapdos
|
|upkeep
|-message|Papingolo forfeited.
|
|win|noobmaster1309
|raw|noobmaster1309's rating: 1306 &rarr; <strong>1324</strong><br />(+18 for winning)
|raw|Papingolo's rating: 1264 &rarr; <strong>1242</strong><br />(-22 for losing)
|l|☆Papingolo
