|j|☆AmRayquaza
|j|☆DumbLick1337
|t:|1641838479
|gametype|singles
|player|p1|AmRayquaza|2|1295
|player|p2|DumbLick1337|102|1314
|teamsize|p1|6
|teamsize|p2|6
|gen|8
|tier|[Gen 8] OU
|rated|
|rule|Sleep Clause Mod: Limit one foe put to sleep
|rule|Species Clause: Limit one of each Pokémon
|rule|OHKO Clause: OHKO moves are banned
|rule|Evasion Moves Clause: Evasion moves are banned
|rule|Endless Battle Clause: Forcing endless battles is banned
|rule|HP Percentage Mod: HP is shown in percentages
|rule|Dynamax Clause: You cannot dynamax
|clearpoke
|poke|p1|Zapdos|
|poke|p1|Mew|
|poke|p1|Ditto|
|poke|p1|Shedinja|
|poke|p1|Tapu Fini|
|poke|p1|Tapu Bulu|
|poke|p2|Seismitoad, M|
|poke|p2|Rotom-Heat|
|poke|p2|Corviknight, M|
|poke|p2|Hatterene, F|
|poke|p2|Dragapult, F|
|poke|p2|Hippowdon, F|
|teampreview
|c|☆DumbLick1337|hf
|inactive|Battle timer is ON: inactive players will automatically lose when time's up. (requested by DumbLick1337)
|inactive|AmRayquaza has 120 seconds left.
|
|t:|1641838521
|start
|switch|p1a: Mew|Mew|100/100
|switch|p2a: rotomheat|Rotom-Heat|100/100
|turn|1
|
|t:|1641838525
|move|p1a: Mew|Fake Out|p2a: rotomheat
|-damage|p2a: rotomheat|89/100
|cant|p2a: rotomheat|flinch
|
|upkeep
|turn|2
|
|t:|1641838529
|move|p2a: rotomheat|Volt Switch|p1a: Mew
|-damage|p1a: Mew|77/100
|
|t:|1641838529
|switch|p2a: Hatterene|Hatterene, F|100/100|[from]move: Volt Switch
|move|p1a: Mew|Hex|p2a: Hatterene
|-supereffective|p2a: Hatterene
|-damage|p2a: Hatterene|82/100
|
|upkeep
|turn|3
|
|t:|1641838538
|move|p1a: Mew|Will-O-Wisp|p2a: Hatterene
|move|p2a: Hatterene|Will-O-Wisp|p1a: Mew|[from]ability: Magic Bounce
|-status|p1a: Mew|brn
|-activate|p1a: Mew|ability: Synchronize
|-status|p2a: Hatterene|brn
|move|p2a: Hatterene|Mystical Fire|p1a: Mew
|-damage|p1a: Mew|57/100 brn
|-unboost|p1a: Mew|spa|1
|
|-damage|p1a: Mew|51/100 brn|[from] brn
|-damage|p2a: Hatterene|76/100 brn|[from] brn
|upkeep
|turn|4
|
|t:|1641838542
|move|p1a: Mew|Hex|p2a: Hatterene
|-supereffective|p2a: Hatterene
|-damage|p2a: Hatterene|50/100 brn
|move|p2a: Hatterene|Mystical Fire|p1a: Mew
|-damage|p1a: Mew|31/100 brn
|-unboost|p1a: Mew|spa|1
|
|-damage|p1a: Mew|25/100 brn|[from] brn
|-damage|p2a: Hatterene|44/100 brn|[from] brn
|upkeep
|turn|5
|
|t:|1641838546
|move|p1a: Mew|Hex|p2a: Hatterene
|-supereffective|p2a: Hatterene
|-damage|p2a: Hatterene|25/100 brn
|move|p2a: Hatterene|Mystical Fire|p1a: Mew
|-damage|p1a: Mew|4/100 brn
|-unboost|p1a: Mew|spa|1
|
|-damage|p1a: Mew|0 fnt|[from] brn
|faint|p1a: Mew
|-damage|p2a: Hatterene|19/100 brn|[from] brn
|upkeep
|
|t:|1641838549
|switch|p1a: Shedinja|Shedinja|100/100
|turn|6
|
|t:|1641838554
|switch|p2a: Hippowdon|Hippowdon, F|100/100
|-weather|Sandstorm|[from] ability: Sand Stream|[of] p2a: Hippowdon
|move|p1a: Shedinja|Shadow Sneak|p2a: Hippowdon
|-damage|p2a: Hippowdon|92/100
|-damage|p1a: Shedinja|0 fnt|[from] item: Rocky Helmet|[of] p2a: Hippowdon
|faint|p1a: Shedinja
|
|-weather|Sandstorm|[upkeep]
|upkeep
|
|t:|1641838561
|switch|p1a: Tapu Fini|Tapu Fini|100/100
|-fieldstart|move: Misty Terrain|[from] ability: Misty Surge|[of] p1a: Tapu Fini
|turn|7
|
|t:|1641838565
|switch|p2a: Corviknight|Corviknight, M|100/100
|-ability|p2a: Corviknight|Pressure
|move|p1a: Tapu Fini|Knock Off|p2a: Corviknight
|-damage|p2a: Corviknight|91/100
|-enditem|p2a: Corviknight|Leftovers|[from] move: Knock Off|[of] p1a: Tapu Fini
|
|-weather|Sandstorm|[upkeep]
|-damage|p1a: Tapu Fini|94/100|[from] Sandstorm
|upkeep
|turn|8
|
|t:|1641838571
|switch|p1a: Zapdos|Zapdos|100/100
|switch|p2a: rotomheat|Rotom-Heat|89/100
|
|-weather|Sandstorm|[upkeep]
|-damage|p1a: Zapdos|94/100|[from] Sandstorm
|-damage|p2a: rotomheat|83/100|[from] Sandstorm
|upkeep
|turn|9
|
|t:|1641838580
|move|p1a: Zapdos|Thunderbolt|p2a: rotomheat
|-resisted|p2a: rotomheat
|-damage|p2a: rotomheat|52/100
|move|p2a: rotomheat|Overheat|p1a: Zapdos
|-damage|p1a: Zapdos|31/100
|-unboost|p2a: rotomheat|spa|2
|
|-weather|Sandstorm|[upkeep]
|-damage|p1a: Zapdos|24/100|[from] Sandstorm
|-damage|p2a: rotomheat|45/100|[from] Sandstorm
|upkeep
|turn|10
|
|t:|1641838586
|switch|p1a: Ditto|Ditto|100/100
|-transform|p1a: Ditto|p2a: rotomheat|[from] ability: Imposter
|move|p2a: rotomheat|Overheat|p1a: Ditto
|-resisted|p1a: Ditto
|-damage|p1a: Ditto|84/100
|-unboost|p2a: rotomheat|spa|2
|
|-weather|none
|upkeep
|turn|11
|
|t:|1641838598
|move|p1a: Ditto|Volt Switch|p2a: rotomheat
|-resisted|p2a: rotomheat
|-damage|p2a: rotomheat|35/100
|
|t:|1641838603
|switch|p1a: Tapu Bulu|Tapu Bulu|100/100|[from]move: Volt Switch
|-fieldstart|move: Grassy Terrain|[from] ability: Grassy Surge|[of] p1a: Tapu Bulu
|move|p2a: rotomheat|Overheat|p1a: Tapu Bulu
|-supereffective|p1a: Tapu Bulu
|-damage|p1a: Tapu Bulu|63/100
|-unboost|p2a: rotomheat|spa|2
|
|-heal|p1a: Tapu Bulu|69/100|[from] Grassy Terrain
|upkeep
|turn|12
|
|t:|1641838609
|switch|p2a: Corviknight|Corviknight, M|91/100
|-ability|p2a: Corviknight|Pressure
|move|p1a: Tapu Bulu|Horn Leech|p2a: Corviknight
|-resisted|p2a: Corviknight
|-damage|p2a: Corviknight|76/100
|-heal|p1a: Tapu Bulu|78/100|[from] drain|[of] p2a: Corviknight
|
|-heal|p1a: Tapu Bulu|84/100|[from] Grassy Terrain
|upkeep
|turn|13
|
|t:|1641838613
|move|p1a: Tapu Bulu|Horn Leech|p2a: Corviknight
|-resisted|p2a: Corviknight
|-damage|p2a: Corviknight|61/100
|-heal|p1a: Tapu Bulu|93/100|[from] drain|[of] p2a: Corviknight
|move|p2a: Corviknight|Roost|p2a: Corviknight
|-heal|p2a: Corviknight|100/100
|-singleturn|p2a: Corviknight|move: Roost
|
|-heal|p1a: Tapu Bulu|99/100|[from] Grassy Terrain
|upkeep
|turn|14
|
|t:|1641838619
|switch|p1a: Ditto|Ditto|84/100
|-transform|p1a: Ditto|p2a: Corviknight|[from] ability: Imposter
|-ability|p1a: Ditto|Pressure
|move|p2a: Corviknight|Iron Head|p1a: Ditto
|-resisted|p1a: Ditto
|-damage|p1a: Ditto|73/100
|
|upkeep
|turn|15
|
|t:|1641838624
|switch|p2a: Hippowdon|Hippowdon, F|92/100
|-weather|Sandstorm|[from] ability: Sand Stream|[of] p2a: Hippowdon
|move|p1a: Ditto|U-turn|p2a: Hippowdon
|-damage|p2a: Hippowdon|84/100
|-damage|p1a: Ditto|57/100|[from] item: Rocky Helmet|[of] p2a: Hippowdon
|
|t:|1641838628
|switch|p1a: Tapu Fini|Tapu Fini|94/100|[from]move: U-turn
|-fieldstart|move: Misty Terrain|[from] ability: Misty Surge|[of] p1a: Tapu Fini
|
|-weather|Sandstorm|[upkeep]
|-damage|p1a: Tapu Fini|88/100|[from] Sandstorm
|upkeep
|turn|16
|
|t:|1641838636
|switch|p2a: Seismitoad|Seismitoad, M|100/100
|move|p1a: Tapu Fini|Scald|p2a: Seismitoad
|-immune|p2a: Seismitoad|[from] ability: Water Absorb
|
|-weather|Sandstorm|[upkeep]
|-damage|p1a: Tapu Fini|82/100|[from] Sandstorm
|upkeep
|turn|17
|
|t:|1641838640
|move|p1a: Tapu Fini|Knock Off|p2a: Seismitoad
|-damage|p2a: Seismitoad|80/100
|-enditem|p2a: Seismitoad|Choice Band|[from] move: Knock Off|[of] p1a: Tapu Fini
|move|p2a: Seismitoad|Power Whip|p1a: Tapu Fini
|-supereffective|p1a: Tapu Fini
|-crit|p1a: Tapu Fini
|-damage|p1a: Tapu Fini|0 fnt
|faint|p1a: Tapu Fini
|
|-weather|Sandstorm|[upkeep]
|upkeep
|
|t:|1641838647
|switch|p1a: Tapu Bulu|Tapu Bulu|99/100
|-fieldstart|move: Grassy Terrain|[from] ability: Grassy Surge|[of] p1a: Tapu Bulu
|turn|18
|
|t:|1641838650
|switch|p2a: Dragapult|Dragapult, F|100/100
|move|p1a: Tapu Bulu|Nature's Madness|p2a: Dragapult
|-damage|p2a: Dragapult|51/100
|
|-weather|Sandstorm|[upkeep]
|-damage|p2a: Dragapult|45/100|[from] Sandstorm
|-damage|p1a: Tapu Bulu|93/100|[from] Sandstorm
|-heal|p2a: Dragapult|51/100|[from] Grassy Terrain
|-heal|p1a: Tapu Bulu|99/100|[from] Grassy Terrain
|upkeep
|turn|19
|
|t:|1641838654
|move|p2a: Dragapult|Flamethrower|p1a: Tapu Bulu
|-supereffective|p1a: Tapu Bulu
|-damage|p1a: Tapu Bulu|15/100
|move|p1a: Tapu Bulu|Nature's Madness|p2a: Dragapult
|-damage|p2a: Dragapult|26/100
|
|-weather|none
|-heal|p2a: Dragapult|32/100|[from] Grassy Terrain
|-heal|p1a: Tapu Bulu|21/100|[from] Grassy Terrain
|upkeep
|turn|20
|
|t:|1641838658
|move|p2a: Dragapult|Flamethrower|p1a: Tapu Bulu
|-supereffective|p1a: Tapu Bulu
|-damage|p1a: Tapu Bulu|0 fnt
|faint|p1a: Tapu Bulu
|
|-heal|p2a: Dragapult|38/100|[from] Grassy Terrain
|upkeep
|
|t:|1641838661
|switch|p1a: Ditto|Ditto|57/100
|-transform|p1a: Ditto|p2a: Dragapult|[from] ability: Imposter
|turn|21
|
|t:|1641838666
|move|p1a: Ditto|Shadow Ball|p2a: Dragapult
|-supereffective|p2a: Dragapult
|-damage|p2a: Dragapult|0 fnt
|faint|p2a: Dragapult
|
|-heal|p1a: Ditto|63/100|[from] Grassy Terrain
|upkeep
|
|t:|1641838666
|switch|p2a: Hatterene|Hatterene, F|19/100 brn
|turn|22
|
|t:|1641838669
|move|p1a: Ditto|Shadow Ball|p2a: Hatterene
|-supereffective|p2a: Hatterene
|-damage|p2a: Hatterene|0 fnt
|faint|p2a: Hatterene
|
|-heal|p1a: Ditto|69/100|[from] Grassy Terrain
|-fieldend|move: Grassy Terrain
|upkeep
|
|t:|1641838669
|switch|p2a: rotomheat|Rotom-Heat|35/100
|turn|23
|
|t:|1641838672
|move|p1a: Ditto|Shadow Ball|p2a: rotomheat
|-damage|p2a: rotomheat|0 fnt
|faint|p2a: rotomheat
|
|upkeep
|
|t:|1641838673
|switch|p2a: Seismitoad|Seismitoad, M|80/100
|turn|24
|
|t:|1641838677
|move|p1a: Ditto|Shadow Ball|p2a: Seismitoad
|-damage|p2a: Seismitoad|37/100
|move|p2a: Seismitoad|Liquidation|p1a: Ditto
|-resisted|p1a: Ditto
|-damage|p1a: Ditto|40/100
|
|upkeep
|turn|25
|
|t:|1641838681
|move|p1a: Ditto|Shadow Ball|p2a: Seismitoad
|-damage|p2a: Seismitoad|0 fnt
|faint|p2a: Seismitoad
|
|upkeep
|
|t:|1641838681
|switch|p2a: Hippowdon|Hippowdon, F|84/100
|-weather|Sandstorm|[from] ability: Sand Stream|[of] p2a: Hippowdon
|turn|26
|
|t:|1641838689
|switch|p1a: Zapdos|Zapdos|24/100
|move|p2a: Hippowdon|Slack Off|p2a: Hippowdon
|-heal|p2a: Hippowdon|100/100
|
|-weather|Sandstorm|[upkeep]
|-damage|p1a: Zapdos|18/100|[from] Sandstorm
|upkeep
|turn|27
|
|t:|1641838693
|move|p1a: Zapdos|Hurricane|p2a: Hippowdon|[miss]
|-miss|p1a: Zapdos|p2a: Hippowdon
|move|p2a: Hippowdon|Whirlwind|p1a: Zapdos
|drag|p1a: Ditto|Ditto|40/100
|-transform|p1a: Ditto|p2a: Hippowdon|[from] ability: Imposter
|
|-weather|Sandstorm|[upkeep]
|upkeep
|turn|28
|
|t:|1641838700
|move|p1a: Ditto|Earthquake|p2a: Hippowdon
|-damage|p2a: Hippowdon|82/100
|move|p2a: Hippowdon|Stealth Rock|p1a: Ditto
|-sidestart|p1: AmRayquaza|move: Stealth Rock
|
|-weather|Sandstorm|[upkeep]
|upkeep
|turn|29
|
|t:|1641838705
|move|p1a: Ditto|Earthquake|p2a: Hippowdon
|-damage|p2a: Hippowdon|63/100
|move|p2a: Hippowdon|Slack Off|p2a: Hippowdon
|-heal|p2a: Hippowdon|100/100
|
|-weather|Sandstorm|[upkeep]
|upkeep
|turn|30
|
|t:|1641838710
|move|p1a: Ditto|Earthquake|p2a: Hippowdon
|-damage|p2a: Hippowdon|80/100
|move|p2a: Hippowdon|Earthquake|p1a: Ditto
|-damage|p1a: Ditto|12/100
|
|-weather|none
|upkeep
|turn|31
|
|t:|1641838715
|switch|p1a: Zapdos|Zapdos|18/100
|-damage|p1a: Zapdos|0 fnt|[from] Stealth Rock
|faint|p1a: Zapdos
|move|p2a: Hippowdon|Slack Off|p2a: Hippowdon
|-heal|p2a: Hippowdon|100/100
|
|upkeep
|
|t:|1641838718
|switch|p1a: Ditto|Ditto|12/100
|-damage|p1a: Ditto|0 fnt|[from] Stealth Rock
|faint|p1a: Ditto
|
|win|DumbLick1337
|raw|AmRayquaza's rating: 1295 &rarr; <strong>1271</strong><br />(-24 for losing)
|raw|DumbLick1337's rating: 1314 &rarr; <strong>1333</strong><br />(+19 for winning)
|c|☆DumbLick1337|gg
