|j|☆agentghi
|j|☆ONutest
|t:|1641856471
|gametype|singles
|player|p1|agentghi|striker|1345
|player|p2|ONutest|marlon|1403
|teamsize|p1|6
|teamsize|p2|6
|gen|8
|tier|[Gen 8] OU
|rated|
|rule|Sleep Clause Mod: Limit one foe put to sleep
|rule|Species Clause: Limit one of each Pokémon
|rule|OHKO Clause: OHKO moves are banned
|rule|Evasion Moves Clause: Evasion moves are banned
|rule|Endless Battle Clause: Forcing endless battles is banned
|rule|HP Percentage Mod: HP is shown in percentages
|rule|Dynamax Clause: You cannot dynamax
|clearpoke
|poke|p1|Pelipper, F|
|poke|p1|Zapdos|
|poke|p1|Barraskewda, M|
|poke|p1|Corviknight, M|
|poke|p1|Blissey, F|
|poke|p1|Buzzwole|
|poke|p2|Weavile, F|
|poke|p2|Tapu Fini|
|poke|p2|Heatran, F|
|poke|p2|Landorus-Therian, M|
|poke|p2|Dragapult, F|
|poke|p2|Zeraora|
|teampreview
|inactive|Battle timer is ON: inactive players will automatically lose when time's up. (requested by agentghi)
|
|t:|1641856477
|start
|switch|p1a: Pelipper|Pelipper, F|100/100
|switch|p2a: Weavile|Weavile, F|100/100
|-ability|p2a: Weavile|Pressure
|-weather|RainDance|[from] ability: Drizzle|[of] p1a: Pelipper
|turn|1
|
|t:|1641856488
|switch|p1a: Buzzwole|Buzzwole|100/100
|move|p2a: Weavile|Knock Off|p1a: Buzzwole
|-resisted|p1a: Buzzwole
|-damage|p1a: Buzzwole|89/100
|-damage|p2a: Weavile|84/100|[from] item: Rocky Helmet|[of] p1a: Buzzwole
|-enditem|p1a: Buzzwole|Rocky Helmet|[from] move: Knock Off|[of] p2a: Weavile
|
|-weather|RainDance|[upkeep]
|upkeep
|turn|2
|
|t:|1641856498
|switch|p2a: Tapu Fini|Tapu Fini|100/100
|-fieldstart|move: Misty Terrain|[from] ability: Misty Surge|[of] p2a: Tapu Fini
|move|p1a: Buzzwole|Drain Punch|p2a: Tapu Fini
|-resisted|p2a: Tapu Fini
|-damage|p2a: Tapu Fini|88/100
|-heal|p1a: Buzzwole|94/100|[from] drain|[of] p2a: Tapu Fini
|
|-weather|RainDance|[upkeep]
|-heal|p2a: Tapu Fini|94/100|[from] item: Leftovers
|upkeep
|turn|3
|
|t:|1641856508
|switch|p1a: Zapdos|Zapdos|100/100
|move|p2a: Tapu Fini|Nature's Madness|p1a: Zapdos
|-damage|p1a: Zapdos|51/100
|
|-weather|RainDance|[upkeep]
|-heal|p2a: Tapu Fini|100/100|[from] item: Leftovers
|upkeep
|turn|4
|
|t:|1641856519
|switch|p2a: Heatran|Heatran, F|100/100
|move|p1a: Zapdos|Thunder|p2a: Heatran
|-damage|p2a: Heatran|51/100
|
|-weather|RainDance|[upkeep]
|-heal|p2a: Heatran|57/100|[from] item: Leftovers
|upkeep
|turn|5
|
|t:|1641856533
|switch|p1a: Blissey|Blissey, F|100/100
|move|p2a: Heatran|Stealth Rock|p1a: Blissey
|-sidestart|p1: agentghi|move: Stealth Rock
|
|-weather|RainDance|[upkeep]
|-heal|p2a: Heatran|64/100|[from] item: Leftovers
|upkeep
|turn|6
|
|t:|1641856541
|move|p2a: Heatran|Taunt|p1a: Blissey
|-start|p1a: Blissey|move: Taunt
|cant|p1a: Blissey|move: Taunt|Teleport
|
|-weather|RainDance|[upkeep]
|-heal|p2a: Heatran|70/100|[from] item: Leftovers
|-fieldend|Misty Terrain
|upkeep
|turn|7
|
|t:|1641856549
|switch|p1a: Pelipper|Pelipper, F|100/100
|-damage|p1a: Pelipper|75/100|[from] Stealth Rock
|move|p2a: Heatran|Magma Storm|p1a: Pelipper|[miss]
|-miss|p2a: Heatran|p1a: Pelipper
|
|-weather|RainDance|[upkeep]
|-heal|p2a: Heatran|76/100|[from] item: Leftovers
|upkeep
|turn|8
|
|t:|1641856557
|switch|p2a: Zeraora|Zeraora|100/100
|move|p1a: Pelipper|Scald|p2a: Zeraora
|-damage|p2a: Zeraora|50/100
|
|-weather|none
|upkeep
|turn|9
|
|t:|1641856567
|switch|p1a: Buzzwole|Buzzwole|94/100
|-damage|p1a: Buzzwole|81/100|[from] Stealth Rock
|move|p2a: Zeraora|Volt Switch|p1a: Buzzwole
|-damage|p1a: Buzzwole|52/100
|
|t:|1641856578
|switch|p2a: Dragapult|Dragapult, F|100/100|[from]move: Volt Switch
|
|upkeep
|turn|10
|
|t:|1641856581
|move|p2a: Dragapult|U-turn|p1a: Buzzwole
|-resisted|p1a: Buzzwole
|-damage|p1a: Buzzwole|48/100
|
|t:|1641856586
|switch|p2a: Tapu Fini|Tapu Fini|100/100|[from]move: U-turn
|-fieldstart|move: Misty Terrain|[from] ability: Misty Surge|[of] p2a: Tapu Fini
|move|p1a: Buzzwole|Ice Punch|p2a: Tapu Fini
|-resisted|p2a: Tapu Fini
|-crit|p2a: Tapu Fini
|-damage|p2a: Tapu Fini|89/100
|
|-heal|p2a: Tapu Fini|95/100|[from] item: Leftovers
|upkeep
|turn|11
|
|t:|1641856595
|switch|p1a: Corviknight|Corviknight, M|100/100
|-damage|p1a: Corviknight|88/100|[from] Stealth Rock
|-ability|p1a: Corviknight|Pressure
|move|p2a: Tapu Fini|Taunt|p1a: Corviknight
|-start|p1a: Corviknight|move: Taunt
|
|-heal|p2a: Tapu Fini|100/100|[from] item: Leftovers
|upkeep
|turn|12
|
|t:|1641856604
|switch|p2a: Heatran|Heatran, F|76/100
|move|p1a: Corviknight|U-turn|p2a: Heatran
|-resisted|p2a: Heatran
|-damage|p2a: Heatran|73/100
|
|t:|1641856610
|switch|p1a: Barraskewda|Barraskewda, M|100/100|[from]move: U-turn
|-damage|p1a: Barraskewda|88/100|[from] Stealth Rock
|
|-heal|p2a: Heatran|80/100|[from] item: Leftovers
|upkeep
|turn|13
|
|t:|1641856617
|switch|p2a: Tapu Fini|Tapu Fini|100/100
|move|p1a: Barraskewda|Flip Turn|p2a: Tapu Fini
|-resisted|p2a: Tapu Fini
|-damage|p2a: Tapu Fini|83/100
|
|t:|1641856623
|switch|p1a: Corviknight|Corviknight, M|88/100|[from]move: Flip Turn
|-damage|p1a: Corviknight|75/100|[from] Stealth Rock
|-ability|p1a: Corviknight|Pressure
|
|-heal|p2a: Tapu Fini|89/100|[from] item: Leftovers
|upkeep
|turn|14
|
|t:|1641856630
|move|p2a: Tapu Fini|Taunt|p1a: Corviknight
|-start|p1a: Corviknight|move: Taunt
|cant|p1a: Corviknight|move: Taunt|Defog
|
|-heal|p2a: Tapu Fini|95/100|[from] item: Leftovers
|-fieldend|Misty Terrain
|upkeep
|turn|15
|
|t:|1641856639
|switch|p2a: Heatran|Heatran, F|80/100
|move|p1a: Corviknight|U-turn|p2a: Heatran
|-resisted|p2a: Heatran
|-damage|p2a: Heatran|77/100
|
|t:|1641856654
|switch|p1a: Buzzwole|Buzzwole|48/100|[from]move: U-turn
|-damage|p1a: Buzzwole|36/100|[from] Stealth Rock
|
|-heal|p2a: Heatran|83/100|[from] item: Leftovers
|upkeep
|turn|16
|
|t:|1641856660
|switch|p2a: Tapu Fini|Tapu Fini|95/100
|-fieldstart|move: Misty Terrain|[from] ability: Misty Surge|[of] p2a: Tapu Fini
|move|p1a: Buzzwole|Drain Punch|p2a: Tapu Fini
|-resisted|p2a: Tapu Fini
|-damage|p2a: Tapu Fini|83/100
|-heal|p1a: Buzzwole|41/100|[from] drain|[of] p2a: Tapu Fini
|
|-heal|p2a: Tapu Fini|89/100|[from] item: Leftovers
|upkeep
|turn|17
|
|t:|1641856674
|move|p1a: Buzzwole|Roost|p1a: Buzzwole
|-heal|p1a: Buzzwole|91/100
|-singleturn|p1a: Buzzwole|move: Roost
|move|p2a: Tapu Fini|Moonblast|p1a: Buzzwole
|-supereffective|p1a: Buzzwole
|-damage|p1a: Buzzwole|12/100
|-unboost|p1a: Buzzwole|spa|1
|
|-heal|p2a: Tapu Fini|96/100|[from] item: Leftovers
|upkeep
|turn|18
|
|t:|1641856685
|switch|p1a: Pelipper|Pelipper, F|75/100
|-damage|p1a: Pelipper|50/100|[from] Stealth Rock
|-weather|RainDance|[from] ability: Drizzle|[of] p1a: Pelipper
|move|p2a: Tapu Fini|Moonblast|p1a: Pelipper
|-damage|p1a: Pelipper|4/100
|-unboost|p1a: Pelipper|spa|1
|
|-weather|RainDance|[upkeep]
|-heal|p2a: Tapu Fini|100/100|[from] item: Leftovers
|upkeep
|turn|19
|
|t:|1641856695
|switch|p1a: Corviknight|Corviknight, M|75/100
|-damage|p1a: Corviknight|63/100|[from] Stealth Rock
|-ability|p1a: Corviknight|Pressure
|move|p2a: Tapu Fini|Taunt|p1a: Corviknight
|-start|p1a: Corviknight|move: Taunt
|
|-weather|RainDance|[upkeep]
|upkeep
|turn|20
|
|t:|1641856715
|move|p2a: Tapu Fini|Nature's Madness|p1a: Corviknight
|-damage|p1a: Corviknight|32/100
|move|p1a: Corviknight|U-turn|p2a: Tapu Fini
|-resisted|p2a: Tapu Fini
|-damage|p2a: Tapu Fini|95/100
|
|t:|1641856721
|switch|p1a: Zapdos|Zapdos|51/100|[from]move: U-turn
|-damage|p1a: Zapdos|26/100|[from] Stealth Rock
|
|-weather|RainDance|[upkeep]
|-heal|p2a: Tapu Fini|100/100|[from] item: Leftovers
|-fieldend|Misty Terrain
|upkeep
|turn|21
|
|t:|1641856730
|switch|p2a: Heatran|Heatran, F|83/100
|move|p1a: Zapdos|Weather Ball|p2a: Heatran
|-supereffective|p2a: Heatran
|-damage|p2a: Heatran|0 fnt
|faint|p2a: Heatran
|
|-weather|RainDance|[upkeep]
|upkeep
|
|t:|1641856742
|switch|p2a: Zeraora|Zeraora|50/100
|turn|22
|
|t:|1641856749
|switch|p1a: Blissey|Blissey, F|100/100
|move|p2a: Zeraora|Plasma Fists|p1a: Blissey
|-damage|p1a: Blissey|61/100
|-fieldactivate|move: Ion Deluge
|-hint|Normal-type moves become Electric-type after using Plasma Fists.
|
|-weather|RainDance|[upkeep]
|upkeep
|turn|23
|
|t:|1641856763
|move|p2a: Zeraora|Bulk Up|p2a: Zeraora
|-boost|p2a: Zeraora|atk|1
|-boost|p2a: Zeraora|def|1
|move|p1a: Blissey|Teleport|p1a: Blissey
|
|t:|1641856767
|switch|p1a: Barraskewda|Barraskewda, M|88/100|[from]move: Teleport
|-damage|p1a: Barraskewda|75/100|[from] Stealth Rock
|
|-weather|RainDance|[upkeep]
|upkeep
|turn|24
|
|t:|1641856773
|switch|p2a: Tapu Fini|Tapu Fini|100/100
|-fieldstart|move: Misty Terrain|[from] ability: Misty Surge|[of] p2a: Tapu Fini
|move|p1a: Barraskewda|Liquidation|p2a: Tapu Fini
|-resisted|p2a: Tapu Fini
|-damage|p2a: Tapu Fini|60/100
|
|-weather|RainDance|[upkeep]
|-heal|p2a: Tapu Fini|66/100|[from] item: Leftovers
|upkeep
|turn|25
|
|t:|1641856798
|switch|p1a: Blissey|Blissey, F|61/100
|move|p2a: Tapu Fini|Moonblast|p1a: Blissey
|-damage|p1a: Blissey|48/100
|
|-weather|none
|-heal|p2a: Tapu Fini|73/100|[from] item: Leftovers
|upkeep
|turn|26
|
|t:|1641856805
|move|p2a: Tapu Fini|Taunt|p1a: Blissey
|-start|p1a: Blissey|move: Taunt
|move|p1a: Blissey|Seismic Toss|p2a: Tapu Fini
|-damage|p2a: Tapu Fini|44/100
|
|-heal|p2a: Tapu Fini|50/100|[from] item: Leftovers
|upkeep
|turn|27
|
|t:|1641856813
|switch|p2a: Landorus|Landorus-Therian, M|100/100
|-ability|p2a: Landorus|Intimidate|boost
|-unboost|p1a: Blissey|atk|1
|move|p1a: Blissey|Seismic Toss|p2a: Landorus
|-damage|p2a: Landorus|74/100
|
|-heal|p2a: Landorus|80/100|[from] item: Leftovers
|upkeep
|turn|28
|
|t:|1641856823
|switch|p1a: Corviknight|Corviknight, M|32/100
|-damage|p1a: Corviknight|19/100|[from] Stealth Rock
|-ability|p1a: Corviknight|Pressure
|move|p2a: Landorus|Knock Off|p1a: Corviknight
|-damage|p1a: Corviknight|1/100
|-damage|p2a: Landorus|64/100|[from] item: Rocky Helmet|[of] p1a: Corviknight
|-enditem|p1a: Corviknight|Rocky Helmet|[from] move: Knock Off|[of] p2a: Landorus
|
|-heal|p2a: Landorus|70/100|[from] item: Leftovers
|-fieldend|Misty Terrain
|upkeep
|turn|29
|
|t:|1641856839
|move|p2a: Landorus|Knock Off|p1a: Corviknight
|-damage|p1a: Corviknight|0 fnt
|faint|p1a: Corviknight
|
|-heal|p2a: Landorus|76/100|[from] item: Leftovers
|upkeep
|
|t:|1641856847
|switch|p1a: Barraskewda|Barraskewda, M|75/100
|-damage|p1a: Barraskewda|63/100|[from] Stealth Rock
|turn|30
|
|t:|1641856852
|switch|p2a: Tapu Fini|Tapu Fini|50/100
|-fieldstart|move: Misty Terrain|[from] ability: Misty Surge|[of] p2a: Tapu Fini
|move|p1a: Barraskewda|Flip Turn|p2a: Tapu Fini
|-resisted|p2a: Tapu Fini
|-damage|p2a: Tapu Fini|33/100
|
|t:|1641856863
|switch|p1a: Blissey|Blissey, F|48/100|[from]move: Flip Turn
|
|-heal|p2a: Tapu Fini|39/100|[from] item: Leftovers
|upkeep
|turn|31
|
|t:|1641856874
|move|p2a: Tapu Fini|Taunt|p1a: Blissey
|-start|p1a: Blissey|move: Taunt
|move|p1a: Blissey|Seismic Toss|p2a: Tapu Fini
|-damage|p2a: Tapu Fini|10/100
|
|-heal|p2a: Tapu Fini|16/100|[from] item: Leftovers
|upkeep
|turn|32
|
|t:|1641856881
|move|p2a: Tapu Fini|Nature's Madness|p1a: Blissey|[miss]
|-miss|p2a: Tapu Fini|p1a: Blissey
|move|p1a: Blissey|Seismic Toss|p2a: Tapu Fini
|-damage|p2a: Tapu Fini|0 fnt
|faint|p2a: Tapu Fini
|
|upkeep
|
|t:|1641856885
|switch|p2a: Zeraora|Zeraora|50/100
|turn|33
|
|t:|1641856897
|move|p2a: Zeraora|Close Combat|p1a: Blissey
|-supereffective|p1a: Blissey
|-damage|p1a: Blissey|0 fnt
|-unboost|p2a: Zeraora|def|1
|-unboost|p2a: Zeraora|spd|1
|faint|p1a: Blissey
|
|upkeep
|
|t:|1641856904
|switch|p1a: Pelipper|Pelipper, F|4/100
|-damage|p1a: Pelipper|0 fnt|[from] Stealth Rock
|faint|p1a: Pelipper
|c|☆ONutest|No rain
|
|t:|1641856913
|switch|p1a: Buzzwole|Buzzwole|12/100
|-damage|p1a: Buzzwole|0 fnt|[from] Stealth Rock
|faint|p1a: Buzzwole
|
|t:|1641856923
|switch|p1a: Zapdos|Zapdos|26/100
|-damage|p1a: Zapdos|1/100|[from] Stealth Rock
|turn|34
|c|☆agentghi|yes
|
|t:|1641856929
|move|p2a: Zeraora|Plasma Fists|p1a: Zapdos
|-damage|p1a: Zapdos|0 fnt
|-fieldactivate|move: Ion Deluge
|-hint|Normal-type moves become Electric-type after using Plasma Fists.
|faint|p1a: Zapdos
|
|-fieldend|Misty Terrain
|upkeep
|c|☆agentghi|gg
|
|t:|1641856936
|switch|p1a: Barraskewda|Barraskewda, M|63/100
|-damage|p1a: Barraskewda|50/100|[from] Stealth Rock
|turn|35
|
|t:|1641856940
|move|p2a: Zeraora|Plasma Fists|p1a: Barraskewda
|-supereffective|p1a: Barraskewda
|-damage|p1a: Barraskewda|0 fnt
|-fieldactivate|move: Ion Deluge
|-hint|Normal-type moves become Electric-type after using Plasma Fists.
|faint|p1a: Barraskewda
|
|win|ONutest
|raw|agentghi's rating: 1345 &rarr; <strong>1328</strong><br />(-17 for losing)
|raw|ONutest's rating: 1403 &rarr; <strong>1420</strong><br />(+17 for winning)
|c|☆ONutest|gg
|l|☆agentghi
||Ladder isn't responding, score probably updated but might not have (Request timeout).
