|j|☆DumbLick1337
|j|☆Javixh23
|t:|1641842894
|gametype|singles
|player|p1|DumbLick1337|102|1354
|player|p2|Javixh23|ethan|1300
|teamsize|p1|6
|teamsize|p2|6
|gen|8
|tier|[Gen 8] OU
|rated|
|rule|Sleep Clause Mod: Limit one foe put to sleep
|rule|Species Clause: Limit one of each Pokémon
|rule|OHKO Clause: OHKO moves are banned
|rule|Evasion Moves Clause: Evasion moves are banned
|rule|Endless Battle Clause: Forcing endless battles is banned
|rule|HP Percentage Mod: HP is shown in percentages
|rule|Dynamax Clause: You cannot dynamax
|clearpoke
|poke|p1|Rotom-Heat|
|poke|p1|Corviknight, M|
|poke|p1|Clefable, F|
|poke|p1|Seismitoad, M|
|poke|p1|Hydreigon, F|
|poke|p1|Gyarados, F|
|poke|p2|Audino, F|
|poke|p2|Bronzong|
|poke|p2|Mimikyu, M|
|poke|p2|Crawdaunt, F|
|poke|p2|Rhyperior, F|
|poke|p2|Conkeldurr, F|
|teampreview
|
|t:|1641842897
|start
|switch|p1a: Clefable|Clefable, F|100/100
|switch|p2a: Bronzong|Bronzong|100/100
|turn|1
|c|☆DumbLick1337|hf
|inactive|Battle timer is ON: inactive players will automatically lose when time's up. (requested by DumbLick1337)
|
|t:|1641842907
|move|p1a: Clefable|Thunder Wave|p2a: Bronzong
|-status|p2a: Bronzong|par
|cant|p2a: Bronzong|par
|
|upkeep
|turn|2
|
|t:|1641842911
|move|p1a: Clefable|Moonblast|p2a: Bronzong
|-resisted|p2a: Bronzong
|-damage|p2a: Bronzong|86/100 par
|cant|p2a: Bronzong|par
|
|upkeep
|turn|3
|
|t:|1641842916
|move|p1a: Clefable|Moonblast|p2a: Bronzong
|-resisted|p2a: Bronzong
|-damage|p2a: Bronzong|72/100 par
|move|p2a: Bronzong|Stealth Rock|p1a: Clefable
|-sidestart|p1: DumbLick1337|move: Stealth Rock
|
|upkeep
|turn|4
|
|t:|1641842922
|move|p1a: Clefable|Wish|p1a: Clefable
|cant|p2a: Bronzong|par
|
|upkeep
|turn|5
|
|t:|1641842925
|switch|p1a: Corviknight|Corviknight, M|100/100
|-damage|p1a: Corviknight|88/100|[from] Stealth Rock
|-ability|p1a: Corviknight|Pressure
|move|p2a: Bronzong|Trick Room|p2a: Bronzong
|-fieldstart|move: Trick Room|[of] p2a: Bronzong
|
|-heal|p1a: Corviknight|100/100|[from] move: Wish|[wisher] Clefable
|upkeep
|turn|6
|
|t:|1641842934
|move|p2a: Bronzong|Explosion|p1a: Corviknight
|-resisted|p1a: Corviknight
|-damage|p1a: Corviknight|77/100
|faint|p2a: Bronzong
|move|p1a: Corviknight|Defog|p2: Bronzong|[notarget]
|-fail|p1a: Corviknight
|
|-heal|p1a: Corviknight|83/100|[from] item: Leftovers
|upkeep
|
|t:|1641842945
|switch|p2a: Conkeldurr|Conkeldurr, F|100/100
|turn|7
|
|t:|1641842950
|move|p2a: Conkeldurr|Knock Off|p1a: Corviknight
|-crit|p1a: Corviknight
|-damage|p1a: Corviknight|40/100
|-enditem|p1a: Corviknight|Leftovers|[from] move: Knock Off|[of] p2a: Conkeldurr
|move|p1a: Corviknight|Roost|p1a: Corviknight
|-heal|p1a: Corviknight|90/100
|-singleturn|p1a: Corviknight|move: Roost
|
|-status|p2a: Conkeldurr|brn|[from] item: Flame Orb
|upkeep
|turn|8
|
|t:|1641842958
|move|p2a: Conkeldurr|Close Combat|p1a: Corviknight
|-damage|p1a: Corviknight|12/100
|-unboost|p2a: Conkeldurr|def|1
|-unboost|p2a: Conkeldurr|spd|1
|move|p1a: Corviknight|Roost|p1a: Corviknight
|-heal|p1a: Corviknight|62/100
|-singleturn|p1a: Corviknight|move: Roost
|
|-damage|p2a: Conkeldurr|94/100 brn|[from] brn
|upkeep
|turn|9
|
|t:|1641842968
|move|p2a: Conkeldurr|Close Combat|p1a: Corviknight
|-damage|p1a: Corviknight|0 fnt
|-unboost|p2a: Conkeldurr|def|1
|-unboost|p2a: Conkeldurr|spd|1
|faint|p1a: Corviknight
|
|-damage|p2a: Conkeldurr|88/100 brn|[from] brn
|-fieldend|move: Trick Room
|upkeep
|
|t:|1641842968
|switch|p1a: Seismitoad|Seismitoad, M|100/100
|-damage|p1a: Seismitoad|94/100|[from] Stealth Rock
|turn|10
|
|t:|1641842979
|switch|p2a: Audino|Audino, F|100/100
|move|p1a: Seismitoad|Earthquake|p2a: Audino
|-damage|p2a: Audino|79/100
|
|-heal|p1a: Seismitoad|100/100|[from] item: Leftovers
|upkeep
|turn|11
|
|t:|1641842986
|move|p1a: Seismitoad|Stealth Rock|p2a: Audino
|-sidestart|p2: Javixh23|move: Stealth Rock
|move|p2a: Audino|Trick Room|p2a: Audino
|-fieldstart|move: Trick Room|[of] p2a: Audino
|
|upkeep
|turn|12
|
|t:|1641843000
|move|p2a: Audino|Wish|p2a: Audino
|move|p1a: Seismitoad|Earthquake|p2a: Audino
|-damage|p2a: Audino|58/100
|
|upkeep
|turn|13
|
|t:|1641843004
|switch|p2a: Conkeldurr|Conkeldurr, F|88/100 brn
|-damage|p2a: Conkeldurr|82/100 brn|[from] Stealth Rock
|move|p1a: Seismitoad|Earthquake|p2a: Conkeldurr
|-damage|p2a: Conkeldurr|52/100 brn
|
|-heal|p2a: Conkeldurr|100/100 brn|[from] move: Wish|[wisher] Audino
|-damage|p2a: Conkeldurr|94/100 brn|[from] brn
|upkeep
|turn|14
|
|t:|1641843014
|switch|p1a: Clefable|Clefable, F|100/100
|move|p2a: Conkeldurr|Close Combat|p1a: Clefable
|-resisted|p1a: Clefable
|-damage|p1a: Clefable|54/100
|-unboost|p2a: Conkeldurr|def|1
|-unboost|p2a: Conkeldurr|spd|1
|
|-heal|p1a: Clefable|60/100|[from] item: Leftovers
|-damage|p2a: Conkeldurr|88/100 brn|[from] brn
|upkeep
|turn|15
|
|t:|1641843023
|move|p1a: Clefable|Protect|p1a: Clefable
|-singleturn|p1a: Clefable|Protect
|move|p2a: Conkeldurr|Poison Jab|p1a: Clefable
|-activate|p1a: Clefable|move: Protect
|
|-heal|p1a: Clefable|66/100|[from] item: Leftovers
|-damage|p2a: Conkeldurr|82/100 brn|[from] brn
|-fieldend|move: Trick Room
|upkeep
|turn|16
|
|t:|1641843032
|switch|p2a: Audino|Audino, F|92/100
|-damage|p2a: Audino|79/100|[from] Stealth Rock
|move|p1a: Clefable|Moonblast|p2a: Audino
|-damage|p2a: Audino|51/100
|
|-heal|p1a: Clefable|72/100|[from] item: Leftovers
|upkeep
|turn|17
|
|t:|1641843041
|move|p1a: Clefable|Moonblast|p2a: Audino
|-damage|p2a: Audino|22/100
|move|p2a: Audino|Trick Room|p2a: Audino
|-fieldstart|move: Trick Room|[of] p2a: Audino
|
|-heal|p1a: Clefable|78/100|[from] item: Leftovers
|upkeep
|turn|18
|
|t:|1641843047
|move|p2a: Audino|Healing Wish|p2a: Audino
|faint|p2a: Audino
|move|p1a: Clefable|Moonblast|p2: Audino|[notarget]
|-fail|p1a: Clefable
|
|-heal|p1a: Clefable|85/100|[from] item: Leftovers
|upkeep
|
|t:|1641843056
|switch|p2a: Conkeldurr|Conkeldurr, F|82/100 brn
|-heal|p2a: Conkeldurr|100/100|[from] move: Healing Wish
|-damage|p2a: Conkeldurr|94/100|[from] Stealth Rock
|turn|19
|
|t:|1641843070
|switch|p2a: Rhyperior|Rhyperior, F|100/100
|-damage|p2a: Rhyperior|94/100|[from] Stealth Rock
|move|p1a: Clefable|Protect||[still]
|-fail|p1a: Clefable
|
|-heal|p1a: Clefable|91/100|[from] item: Leftovers
|upkeep
|turn|20
|
|t:|1641843080
|move|p2a: Rhyperior|Heavy Slam|p1a: Clefable
|-supereffective|p1a: Clefable
|-damage|p1a: Clefable|0 fnt
|faint|p1a: Clefable
|
|upkeep
|
|t:|1641843080
|switch|p1a: Seismitoad|Seismitoad, M|100/100
|-damage|p1a: Seismitoad|94/100|[from] Stealth Rock
|turn|21
|
|t:|1641843092
|switch|p2a: Conkeldurr|Conkeldurr, F|94/100
|-damage|p2a: Conkeldurr|88/100|[from] Stealth Rock
|move|p1a: Seismitoad|Earthquake|p2a: Conkeldurr
|-damage|p2a: Conkeldurr|60/100
|
|-heal|p1a: Seismitoad|100/100|[from] item: Leftovers
|-fieldend|move: Trick Room
|-status|p2a: Conkeldurr|brn|[from] item: Flame Orb
|upkeep
|turn|22
|
|t:|1641843101
|move|p1a: Seismitoad|Earthquake|p2a: Conkeldurr
|-damage|p2a: Conkeldurr|30/100 brn
|move|p2a: Conkeldurr|Close Combat|p1a: Seismitoad
|-damage|p1a: Seismitoad|18/100
|-unboost|p2a: Conkeldurr|def|1
|-unboost|p2a: Conkeldurr|spd|1
|
|-heal|p1a: Seismitoad|24/100|[from] item: Leftovers
|-damage|p2a: Conkeldurr|24/100 brn|[from] brn
|upkeep
|turn|23
|
|t:|1641843112
|move|p1a: Seismitoad|Scald|p2a: Conkeldurr
|-damage|p2a: Conkeldurr|0 fnt
|faint|p2a: Conkeldurr
|
|-heal|p1a: Seismitoad|30/100|[from] item: Leftovers
|upkeep
|
|t:|1641843119
|switch|p2a: Mimikyu|Mimikyu, M|100/100
|-damage|p2a: Mimikyu|88/100|[from] Stealth Rock
|turn|24
|
|t:|1641843123
|move|p1a: Seismitoad|Scald|p2a: Mimikyu
|-activate|p2a: Mimikyu|ability: Disguise
|-damage|p2a: Mimikyu|88/100
|detailschange|p2a: Mimikyu|Mimikyu-Busted, M
|-damage|p2a: Mimikyu|76/100|[from] pokemon: Mimikyu-Busted
|move|p2a: Mimikyu|Trick Room|p2a: Mimikyu
|-fieldstart|move: Trick Room|[of] p2a: Mimikyu
|
|-heal|p1a: Seismitoad|36/100|[from] item: Leftovers
|upkeep
|turn|25
|
|t:|1641843134
|switch|p2a: Crawdaunt|Crawdaunt, F|100/100
|-damage|p2a: Crawdaunt|88/100|[from] Stealth Rock
|move|p1a: Seismitoad|Scald|p2a: Crawdaunt
|-resisted|p2a: Crawdaunt
|-damage|p2a: Crawdaunt|68/100
|
|-heal|p1a: Seismitoad|42/100|[from] item: Leftovers
|upkeep
|turn|26
|
|t:|1641843143
|move|p2a: Crawdaunt|Knock Off|p1a: Seismitoad
|-damage|p1a: Seismitoad|0 fnt
|-enditem|p1a: Seismitoad|Leftovers|[from] move: Knock Off|[of] p2a: Crawdaunt
|faint|p1a: Seismitoad
|-damage|p2a: Crawdaunt|58/100|[from] item: Life Orb
|
|upkeep
|
|t:|1641843143
|switch|p1a: Hydreigon|Hydreigon, F|100/100
|-damage|p1a: Hydreigon|88/100|[from] Stealth Rock
|turn|27
|
|t:|1641843151
|move|p2a: Crawdaunt|Close Combat|p1a: Hydreigon
|-supereffective|p1a: Hydreigon
|-damage|p1a: Hydreigon|0 fnt
|-unboost|p2a: Crawdaunt|def|1
|-unboost|p2a: Crawdaunt|spd|1
|faint|p1a: Hydreigon
|-damage|p2a: Crawdaunt|48/100|[from] item: Life Orb
|
|upkeep
|
|t:|1641843151
|switch|p1a: rotomheat|Rotom-Heat|100/100
|turn|28
|
|t:|1641843160
|switch|p1a: Gyarados|Gyarados, F|100/100
|-damage|p1a: Gyarados|76/100|[from] Stealth Rock
|move|p2a: Crawdaunt|Crabhammer|p1a: Gyarados
|-resisted|p1a: Gyarados
|-damage|p1a: Gyarados|14/100
|-damage|p2a: Crawdaunt|38/100|[from] item: Life Orb
|
|-heal|p1a: Gyarados|20/100|[from] item: Leftovers
|-fieldend|move: Trick Room
|upkeep
|turn|29
|
|t:|1641843169
|move|p2a: Crawdaunt|Aqua Jet|p1a: Gyarados
|-resisted|p1a: Gyarados
|-damage|p1a: Gyarados|0 fnt
|faint|p1a: Gyarados
|-damage|p2a: Crawdaunt|28/100|[from] item: Life Orb
|
|upkeep
|
|t:|1641843169
|switch|p1a: rotomheat|Rotom-Heat|100/100
|turn|30
|
|t:|1641843176
|move|p2a: Crawdaunt|Aqua Jet|p1a: rotomheat
|-supereffective|p1a: rotomheat
|-damage|p1a: rotomheat|8/100
|-damage|p2a: Crawdaunt|18/100|[from] item: Life Orb
|move|p1a: rotomheat|Overheat|p2a: Crawdaunt
|-resisted|p2a: Crawdaunt
|-damage|p2a: Crawdaunt|0 fnt
|-unboost|p1a: rotomheat|spa|2
|faint|p2a: Crawdaunt
|
|upkeep
|c|☆Javixh23|gg
|
|t:|1641843185
|switch|p2a: Rhyperior|Rhyperior, F|94/100
|-damage|p2a: Rhyperior|88/100|[from] Stealth Rock
|turn|31
|
|t:|1641843190
|move|p1a: rotomheat|Overheat|p2a: Rhyperior
|-resisted|p2a: Rhyperior
|-damage|p2a: Rhyperior|70/100
|-unboost|p1a: rotomheat|spa|2
|move|p2a: Rhyperior|Rock Blast|p1a: rotomheat
|-supereffective|p1a: rotomheat
|-damage|p1a: rotomheat|0 fnt
|faint|p1a: rotomheat
|-hitcount|p1: rotomheat|1
|
|win|Javixh23
|raw|DumbLick1337's rating: 1354 &rarr; <strong>1331</strong><br />(-23 for losing)
|raw|Javixh23's rating: 1300 &rarr; <strong>1329</strong><br />(+29 for winning)
|c|☆DumbLick1337|gg
|l|☆DumbLick1337
||Ladder isn't responding, score probably updated but might not have (Request timeout).
