|j|☆mistborn1371
|j|☆GoluckyPig
|t:|1641861772
|gametype|singles
|player|p1|mistborn1371|265|1193
|player|p2|GoluckyPig|swimmer|1204
|teamsize|p1|6
|teamsize|p2|6
|gen|8
|tier|[Gen 8] OU
|rated|
|rule|Sleep Clause Mod: Limit one foe put to sleep
|rule|Species Clause: Limit one of each Pokémon
|rule|OHKO Clause: OHKO moves are banned
|rule|Evasion Moves Clause: Evasion moves are banned
|rule|Endless Battle Clause: Forcing endless battles is banned
|rule|HP Percentage Mod: HP is shown in percentages
|rule|Dynamax Clause: You cannot dynamax
|clearpoke
|poke|p1|Tapu Lele|
|poke|p1|Buzzwole|
|poke|p1|Dragonite, F|
|poke|p1|Bisharp, M|
|poke|p1|Landorus-Therian, M|
|poke|p1|Blacephalon|
|poke|p2|Slowbro, F|
|poke|p2|Kartana|
|poke|p2|Tapu Koko|
|poke|p2|Heatran, F|
|poke|p2|Hawlucha, F|
|poke|p2|Landorus-Therian, M|
|teampreview
|inactive|Battle timer is ON: inactive players will automatically lose when time's up. (requested by mistborn1371)
|inactive|GoluckyPig has 120 seconds left.
|inactive|GoluckyPig has 90 seconds left.
|
|t:|1641861840
|start
|switch|p1a: Landorus|Landorus-Therian, M|100/100
|switch|p2a: Slowbro|Slowbro, F|100/100
|-ability|p1a: Landorus|Intimidate|boost
|-unboost|p2a: Slowbro|atk|1
|turn|1
|
|t:|1641861856
|move|p1a: Landorus|Stealth Rock|p2a: Slowbro
|-sidestart|p2: GoluckyPig|move: Stealth Rock
|move|p2a: Slowbro|Scald|p1a: Landorus
|-supereffective|p1a: Landorus
|-damage|p1a: Landorus|24/100
|
|upkeep
|turn|2
|
|t:|1641861863
|move|p1a: Landorus|U-turn|p2a: Slowbro
|-supereffective|p2a: Slowbro
|-damage|p2a: Slowbro|65/100
|
|t:|1641861869
|switch|p1a: Tapu Lele|Tapu Lele, shiny|100/100|[from]move: U-turn
|-fieldstart|move: Psychic Terrain|[from] ability: Psychic Surge|[of] p1a: Tapu Lele
|move|p2a: Slowbro|Scald|p1a: Tapu Lele
|-damage|p1a: Tapu Lele|58/100
|-status|p1a: Tapu Lele|brn
|
|-damage|p1a: Tapu Lele|52/100 brn|[from] brn
|upkeep
|turn|3
|
|t:|1641861886
|move|p1a: Tapu Lele|Moonblast|p2a: Slowbro
|-damage|p2a: Slowbro|12/100
|-unboost|p2a: Slowbro|spa|1
|move|p2a: Slowbro|Shadow Ball|p1a: Tapu Lele
|-supereffective|p1a: Tapu Lele
|-damage|p1a: Tapu Lele|16/100 brn
|-unboost|p1a: Tapu Lele|spd|1
|
|-damage|p1a: Tapu Lele|10/100 brn|[from] brn
|upkeep
|turn|4
|
|t:|1641861904
|switch|p2a: Kartana|Kartana|100/100
|-damage|p2a: Kartana|94/100|[from] Stealth Rock
|move|p1a: Tapu Lele|Moonblast|p2a: Kartana
|-resisted|p2a: Kartana
|-damage|p2a: Kartana|0 fnt
|faint|p2a: Kartana
|
|-damage|p1a: Tapu Lele|4/100 brn|[from] brn
|upkeep
|inactive|GoluckyPig has 120 seconds left.
|
|t:|1641861927
|switch|p2a: Tapu Koko|Tapu Koko, shiny|100/100
|-damage|p2a: Tapu Koko|88/100|[from] Stealth Rock
|-fieldstart|move: Electric Terrain|[from] ability: Electric Surge|[of] p2a: Tapu Koko
|turn|5
|
|t:|1641861939
|switch|p1a: Dragonite|Dragonite, F|100/100
|move|p2a: Tapu Koko|U-turn|p1a: Dragonite
|-resisted|p1a: Dragonite
|-damage|p1a: Dragonite|97/100
|
|t:|1641861947
|switch|p2a: Landorus|Landorus-Therian, M|100/100|[from]move: U-turn
|-damage|p2a: Landorus|88/100|[from] Stealth Rock
|-ability|p2a: Landorus|Intimidate|boost
|-unboost|p1a: Dragonite|atk|1
|
|-heal|p2a: Landorus|94/100|[from] item: Leftovers
|upkeep
|turn|6
|
|t:|1641861956
|move|p2a: Landorus|Knock Off|p1a: Dragonite
|-damage|p1a: Dragonite|67/100
|-enditem|p1a: Dragonite|Heavy-Duty Boots|[from] move: Knock Off|[of] p2a: Landorus
|move|p1a: Dragonite|Ice Beam|p2a: Landorus
|-supereffective|p2a: Landorus
|-damage|p2a: Landorus|1/100
|
|-heal|p2a: Landorus|7/100|[from] item: Leftovers
|upkeep
|turn|7
|
|t:|1641861970
|switch|p2a: Slowbro|Slowbro, F|45/100
|-damage|p2a: Slowbro|33/100|[from] Stealth Rock
|move|p1a: Dragonite|Earthquake|p2a: Slowbro
|-damage|p2a: Slowbro|18/100
|
|upkeep
|turn|8
|
|t:|1641861985
|move|p1a: Dragonite|Roost|p1a: Dragonite
|-heal|p1a: Dragonite|100/100
|-singleturn|p1a: Dragonite|move: Roost
|move|p2a: Slowbro|Scald|p1a: Dragonite
|-resisted|p1a: Dragonite
|-damage|p1a: Dragonite|95/100
|
|upkeep
|turn|9
|
|t:|1641861994
|move|p1a: Dragonite|Earthquake|p2a: Slowbro
|-damage|p2a: Slowbro|3/100
|move|p2a: Slowbro|Scald|p1a: Dragonite
|-resisted|p1a: Dragonite
|-damage|p1a: Dragonite|82/100
|
|-fieldend|move: Electric Terrain
|upkeep
|turn|10
|
|t:|1641862006
|switch|p2a: Heatran|Heatran, F|100/100
|-damage|p2a: Heatran|88/100|[from] Stealth Rock
|-item|p2a: Heatran|Air Balloon
|move|p1a: Dragonite|Earthquake|p2a: Heatran
|-immune|p2a: Heatran
|
|upkeep
|turn|11
|
|t:|1641862019
|move|p2a: Heatran|Flash Cannon|p1a: Dragonite
|-damage|p1a: Dragonite|50/100
|move|p1a: Dragonite|Ice Beam|p2a: Heatran
|-resisted|p2a: Heatran
|-damage|p2a: Heatran|83/100
|-enditem|p2a: Heatran|Air Balloon
|
|upkeep
|turn|12
|
|t:|1641862028
|switch|p2a: Landorus|Landorus-Therian, M|7/100
|-damage|p2a: Landorus|0 fnt|[from] Stealth Rock
|faint|p2a: Landorus
|move|p1a: Dragonite|Roost|p1a: Dragonite
|-heal|p1a: Dragonite|99/100
|-singleturn|p1a: Dragonite|move: Roost
|
|upkeep
|
|t:|1641862037
|switch|p2a: Tapu Koko|Tapu Koko, shiny|88/100
|-damage|p2a: Tapu Koko|76/100|[from] Stealth Rock
|-fieldstart|move: Electric Terrain|[from] ability: Electric Surge|[of] p2a: Tapu Koko
|turn|13
|
|t:|1641862045
|move|p2a: Tapu Koko|Dazzling Gleam|p1a: Dragonite
|-supereffective|p1a: Dragonite
|-damage|p1a: Dragonite|35/100
|move|p1a: Dragonite|Ice Beam|p2a: Tapu Koko
|-damage|p2a: Tapu Koko|42/100
|
|upkeep
|turn|14
|
|t:|1641862062
|switch|p1a: Tapu Lele|Tapu Lele, shiny|4/100 brn
|-fieldstart|move: Psychic Terrain|[from] ability: Psychic Surge|[of] p1a: Tapu Lele
|move|p2a: Tapu Koko|Dazzling Gleam|p1a: Tapu Lele
|-damage|p1a: Tapu Lele|0 fnt
|faint|p1a: Tapu Lele
|
|upkeep
|inactive|mistborn1371 has 120 seconds left.
|
|t:|1641862085
|switch|p1a: Blacephalon|Blacephalon|100/100
|turn|15
|
|t:|1641862102
|switch|p2a: Heatran|Heatran, F|83/100
|-damage|p2a: Heatran|70/100|[from] Stealth Rock
|move|p1a: Blacephalon|Flame Charge|p2a: Heatran
|-start|p2a: Heatran|ability: Flash Fire
|
|upkeep
|turn|16
|inactive|mistborn1371 has 120 seconds left.
|
|t:|1641862117
|move|p1a: Blacephalon|Calm Mind|p1a: Blacephalon
|-boost|p1a: Blacephalon|spa|1
|-boost|p1a: Blacephalon|spd|1
|move|p2a: Heatran|Magma Storm|p1a: Blacephalon
|-resisted|p1a: Blacephalon
|-damage|p1a: Blacephalon|52/100
|-activate|p1a: Blacephalon|move: Magma Storm|[of] p2a: Heatran
|
|-damage|p1a: Blacephalon|40/100|[from] move: Magma Storm|[partiallytrapped]
|upkeep
|turn|17
|
|t:|1641862132
|move|p1a: Blacephalon|Shadow Ball|p2a: Heatran
|-damage|p2a: Heatran|7/100
|move|p2a: Heatran|Flash Cannon|p1a: Blacephalon
|-resisted|p1a: Blacephalon
|-crit|p1a: Blacephalon
|-damage|p1a: Blacephalon|0 fnt
|faint|p1a: Blacephalon
|
|upkeep
|inactive|mistborn1371 has 120 seconds left.
|
|t:|1641862145
|switch|p1a: Landorus|Landorus-Therian, M|24/100
|-ability|p1a: Landorus|Intimidate|boost
|-unboost|p2a: Heatran|atk|1
|turn|18
|
|t:|1641862152
|move|p1a: Landorus|Earthquake|p2a: Heatran
|-supereffective|p2a: Heatran
|-damage|p2a: Heatran|0 fnt
|faint|p2a: Heatran
|
|-fieldend|move: Psychic Terrain
|upkeep
|
|t:|1641862161
|switch|p2a: Slowbro|Slowbro, F|36/100
|-damage|p2a: Slowbro|24/100|[from] Stealth Rock
|turn|19
|
|t:|1641862173
|switch|p2a: Tapu Koko|Tapu Koko, shiny|42/100
|-damage|p2a: Tapu Koko|29/100|[from] Stealth Rock
|-fieldstart|move: Electric Terrain|[from] ability: Electric Surge|[of] p2a: Tapu Koko
|move|p1a: Landorus|U-turn|p2a: Tapu Koko
|-resisted|p2a: Tapu Koko
|-damage|p2a: Tapu Koko|14/100
|
|t:|1641862187
|switch|p1a: Bisharp|Bisharp, M|100/100|[from]move: U-turn
|
|upkeep
|turn|20
|
|t:|1641862200
|move|p1a: Bisharp|Sucker Punch|p2a: Tapu Koko
|-resisted|p2a: Tapu Koko
|-damage|p2a: Tapu Koko|0 fnt
|faint|p2a: Tapu Koko
|
|upkeep
|
|t:|1641862206
|switch|p2a: Hawlucha|Hawlucha, F|100/100
|-damage|p2a: Hawlucha|88/100|[from] Stealth Rock
|-enditem|p2a: Hawlucha|Electric Seed
|-boost|p2a: Hawlucha|def|1|[from] item: Electric Seed
|turn|21
|
|t:|1641862219
|switch|p1a: Landorus|Landorus-Therian, M|24/100
|-ability|p1a: Landorus|Intimidate|boost
|-unboost|p2a: Hawlucha|atk|1
|move|p2a: Hawlucha|Close Combat|p1a: Landorus
|-resisted|p1a: Landorus
|-damage|p1a: Landorus|11/100
|-unboost|p2a: Hawlucha|def|1
|-unboost|p2a: Hawlucha|spd|1
|-damage|p2a: Hawlucha|72/100|[from] item: Rocky Helmet|[of] p1a: Landorus
|
|upkeep
|turn|22
|
|t:|1641862233
|switch|p1a: Dragonite|Dragonite, F|35/100
|move|p2a: Hawlucha|Hone Claws|p2a: Hawlucha
|-boost|p2a: Hawlucha|atk|1
|-boost|p2a: Hawlucha|accuracy|1
|
|upkeep
|turn|23
|
|t:|1641862243
|move|p2a: Hawlucha|Acrobatics|p1a: Dragonite
|-damage|p1a: Dragonite|0 fnt
|faint|p1a: Dragonite
|
|-fieldend|move: Electric Terrain
|upkeep
|
|t:|1641862247
|switch|p1a: Landorus|Landorus-Therian, M|11/100
|-ability|p1a: Landorus|Intimidate|boost
|-unboost|p2a: Hawlucha|atk|1
|turn|24
|
|t:|1641862254
|move|p2a: Hawlucha|Hone Claws|p2a: Hawlucha
|-boost|p2a: Hawlucha|atk|1
|-boost|p2a: Hawlucha|accuracy|1
|move|p1a: Landorus|Toxic|p2a: Hawlucha
|-status|p2a: Hawlucha|tox
|
|-damage|p2a: Hawlucha|65/100 tox|[from] psn
|upkeep
|turn|25
|
|t:|1641862265
|move|p2a: Hawlucha|Acrobatics|p1a: Landorus
|-damage|p1a: Landorus|0 fnt
|-damage|p2a: Hawlucha|49/100 tox|[from] item: Rocky Helmet|[of] p1a: Landorus
|faint|p1a: Landorus
|
|-damage|p2a: Hawlucha|37/100 tox|[from] psn
|upkeep
|
|t:|1641862277
|switch|p1a: Buzzwole|Buzzwole|100/100
|turn|26
|
|t:|1641862285
|move|p2a: Hawlucha|Acrobatics|p1a: Buzzwole
|-supereffective|p1a: Buzzwole
|-damage|p1a: Buzzwole|0 fnt
|faint|p1a: Buzzwole
|
|-damage|p2a: Hawlucha|19/100 tox|[from] psn
|upkeep
|
|t:|1641862291
|switch|p1a: Bisharp|Bisharp, M|100/100
|turn|27
|
|t:|1641862297
|move|p1a: Bisharp|Sucker Punch||[still]
|-fail|p1a: Bisharp
|move|p2a: Hawlucha|Hone Claws|p2a: Hawlucha
|-boost|p2a: Hawlucha|atk|1
|-boost|p2a: Hawlucha|accuracy|1
|
|-damage|p2a: Hawlucha|0 fnt|[from] psn
|faint|p2a: Hawlucha
|upkeep
|
|t:|1641862306
|switch|p2a: Slowbro|Slowbro, F|57/100
|-damage|p2a: Slowbro|45/100|[from] Stealth Rock
|turn|28
|
|t:|1641862313
|move|p1a: Bisharp|Knock Off|p2a: Slowbro
|-supereffective|p2a: Slowbro
|-damage|p2a: Slowbro|0 fnt
|-enditem|p2a: Slowbro|Assault Vest|[from] move: Knock Off|[of] p1a: Bisharp
|faint|p2a: Slowbro
|
|win|mistborn1371
|raw|mistborn1371's rating: 1193 &rarr; <strong>1219</strong><br />(+26 for winning)
|raw|GoluckyPig's rating: 1204 &rarr; <strong>1178</strong><br />(-26 for losing)
|l|☆GoluckyPig
