|j|☆shagohod crew
|j|☆Aerodragon3
|t:|1641866568
|gametype|singles
|player|p1|shagohod crew|170|1464
|player|p2|Aerodragon3|dragontamer|1524
|teamsize|p1|6
|teamsize|p2|6
|gen|8
|tier|[Gen 8] OU
|rated|
|rule|Sleep Clause Mod: Limit one foe put to sleep
|rule|Species Clause: Limit one of each Pokémon
|rule|OHKO Clause: OHKO moves are banned
|rule|Evasion Moves Clause: Evasion moves are banned
|rule|Endless Battle Clause: Forcing endless battles is banned
|rule|HP Percentage Mod: HP is shown in percentages
|rule|Dynamax Clause: You cannot dynamax
|clearpoke
|poke|p1|Dragapult, M|
|poke|p1|Tapu Fini|
|poke|p1|Mamoswine, M|
|poke|p1|Garchomp, M|
|poke|p1|Urshifu-*, F|
|poke|p1|Zapdos|
|poke|p2|Pelipper, M|
|poke|p2|Dragonite, F|
|poke|p2|Barraskewda, M|
|poke|p2|Tornadus-Therian, M|
|poke|p2|Tapu Koko|
|poke|p2|Ferrothorn, F|
|teampreview
|
|t:|1641866590
|start
|switch|p1a: Dragapult|Dragapult, M|100/100
|switch|p2a: Ferrothorn|Ferrothorn, F|100/100
|turn|1
|
|t:|1641866625
|switch|p1a: Zapdos|Zapdos|100/100
|-ability|p1a: Zapdos|Pressure
|move|p2a: Ferrothorn|Knock Off|p1a: Zapdos
|-damage|p1a: Zapdos|85/100
|-enditem|p1a: Zapdos|Heavy-Duty Boots|[from] move: Knock Off|[of] p2a: Ferrothorn
|
|upkeep
|turn|2
|
|t:|1641866650
|move|p1a: Zapdos|Hurricane|p2a: Ferrothorn|[miss]
|-miss|p1a: Zapdos|p2a: Ferrothorn
|move|p2a: Ferrothorn|Leech Seed|p1a: Zapdos
|-start|p1a: Zapdos|move: Leech Seed
|
|-damage|p1a: Zapdos|72/100|[from] Leech Seed|[of] p2a: Ferrothorn
|upkeep
|turn|3
|
|t:|1641866670
|move|p1a: Zapdos|Hurricane|p2a: Ferrothorn
|-damage|p2a: Ferrothorn|56/100
|move|p2a: Ferrothorn|Stealth Rock|p1a: Zapdos
|-sidestart|p1: shagohod crew|move: Stealth Rock
|
|-heal|p2a: Ferrothorn|62/100|[from] item: Leftovers
|-damage|p1a: Zapdos|60/100|[from] Leech Seed|[of] p2a: Ferrothorn
|-heal|p2a: Ferrothorn|76/100|[silent]
|upkeep
|turn|4
|
|t:|1641866676
|move|p1a: Zapdos|Defog|p2a: Ferrothorn
|-unboost|p2a: Ferrothorn|evasion|1
|-sideend|p1: shagohod crew|Stealth Rock|[from] move: Defog|[of] p1a: Zapdos
|move|p2a: Ferrothorn|Gyro Ball|p1a: Zapdos
|-resisted|p1a: Zapdos
|-damage|p1a: Zapdos|40/100
|
|-heal|p2a: Ferrothorn|82/100|[from] item: Leftovers
|-damage|p1a: Zapdos|28/100|[from] Leech Seed|[of] p2a: Ferrothorn
|-heal|p2a: Ferrothorn|96/100|[silent]
|upkeep
|turn|5
|
|t:|1641866679
|move|p1a: Zapdos|Roost|p1a: Zapdos
|-heal|p1a: Zapdos|78/100
|-singleturn|p1a: Zapdos|move: Roost
|move|p2a: Ferrothorn|Stealth Rock|p1a: Zapdos
|-sidestart|p1: shagohod crew|move: Stealth Rock
|
|-heal|p2a: Ferrothorn|100/100|[from] item: Leftovers
|-damage|p1a: Zapdos|65/100|[from] Leech Seed|[of] p2a: Ferrothorn
|upkeep
|turn|6
|
|t:|1641866689
|switch|p1a: Urshifu|Urshifu-Rapid-Strike, F|100/100
|-damage|p1a: Urshifu|94/100|[from] Stealth Rock
|switch|p2a: Tapu Koko|Tapu Koko|100/100
|-fieldstart|move: Electric Terrain|[from] ability: Electric Surge|[of] p2a: Tapu Koko
|
|upkeep
|turn|7
|
|t:|1641866697
|move|p2a: Tapu Koko|U-turn|p1a: Urshifu
|-resisted|p1a: Urshifu
|-damage|p1a: Urshifu|86/100
|
|t:|1641866700
|switch|p2a: Pelipper|Pelipper, M|100/100|[from]move: U-turn
|-weather|RainDance|[from] ability: Drizzle|[of] p2a: Pelipper
|move|p1a: Urshifu|Surging Strikes|p2a: Pelipper
|-resisted|p2a: Pelipper
|-crit|p2a: Pelipper
|-damage|p2a: Pelipper|83/100
|-resisted|p2a: Pelipper
|-crit|p2a: Pelipper
|-damage|p2a: Pelipper|65/100
|-resisted|p2a: Pelipper
|-crit|p2a: Pelipper
|-damage|p2a: Pelipper|48/100
|-hitcount|p2a: Pelipper|3
|
|-weather|RainDance|[upkeep]
|upkeep
|turn|8
|
|t:|1641866722
|switch|p1a: Tapu Fini|Tapu Fini|100/100
|-damage|p1a: Tapu Fini|88/100|[from] Stealth Rock
|-fieldstart|move: Misty Terrain|[from] ability: Misty Surge|[of] p1a: Tapu Fini
|switch|p2a: Ferrothorn|Ferrothorn, F|100/100
|
|-weather|RainDance|[upkeep]
|upkeep
|turn|9
|
|t:|1641866726
|move|p1a: Tapu Fini|Trick|p2a: Ferrothorn
|-activate|p1a: Tapu Fini|move: Trick|[of] p2a: Ferrothorn
|-item|p2a: Ferrothorn|Choice Scarf|[from] move: Trick
|-item|p1a: Tapu Fini|Leftovers|[from] move: Trick
|move|p2a: Ferrothorn|Leech Seed|p1a: Tapu Fini
|-start|p1a: Tapu Fini|move: Leech Seed
|
|-weather|RainDance|[upkeep]
|-heal|p1a: Tapu Fini|94/100|[from] item: Leftovers
|-damage|p1a: Tapu Fini|82/100|[from] Leech Seed|[of] p2a: Ferrothorn
|upkeep
|turn|10
|
|t:|1641866744
|switch|p1a: Urshifu|Urshifu-Rapid-Strike, F|86/100
|-damage|p1a: Urshifu|80/100|[from] Stealth Rock
|switch|p2a: Tapu Koko|Tapu Koko|100/100
|-fieldstart|move: Electric Terrain|[from] ability: Electric Surge|[of] p2a: Tapu Koko
|
|-weather|RainDance|[upkeep]
|upkeep
|turn|11
|
|t:|1641866754
|switch|p1a: Mamoswine|Mamoswine, M|100/100
|-damage|p1a: Mamoswine|88/100|[from] Stealth Rock
|move|p2a: Tapu Koko|Thunder|p1a: Mamoswine
|-immune|p1a: Mamoswine
|
|-weather|RainDance|[upkeep]
|upkeep
|turn|12
|
|t:|1641866758
|switch|p2a: Tornadus|Tornadus-Therian, M|100/100
|move|p1a: Mamoswine|Stealth Rock|p2a: Tornadus
|-sidestart|p2: Aerodragon3|move: Stealth Rock
|
|-weather|RainDance|[upkeep]
|upkeep
|turn|13
|
|t:|1641866776
|move|p1a: Mamoswine|Ice Shard|p2a: Tornadus
|-supereffective|p2a: Tornadus
|-damage|p2a: Tornadus|42/100
|move|p2a: Tornadus|Weather Ball|p1a: Mamoswine
|-supereffective|p1a: Mamoswine
|-damage|p1a: Mamoswine|0 fnt
|faint|p1a: Mamoswine
|
|-weather|RainDance|[upkeep]
|upkeep
|
|t:|1641866783
|switch|p1a: Dragapult|Dragapult, M|100/100
|-damage|p1a: Dragapult|88/100|[from] Stealth Rock
|turn|14
|
|t:|1641866791
|switch|p2a: Ferrothorn|Ferrothorn, F|100/100
|-damage|p2a: Ferrothorn|94/100|[from] Stealth Rock
|move|p1a: Dragapult|Dragon Dance|p1a: Dragapult
|-boost|p1a: Dragapult|atk|1
|-boost|p1a: Dragapult|spe|1
|
|-weather|none
|-heal|p1a: Dragapult|94/100|[from] item: Leftovers
|-fieldend|move: Electric Terrain
|upkeep
|turn|15
|
|t:|1641866804
|switch|p1a: Zapdos|Zapdos|65/100
|-damage|p1a: Zapdos|40/100|[from] Stealth Rock
|-ability|p1a: Zapdos|Pressure
|move|p2a: Ferrothorn|Knock Off|p1a: Zapdos
|-damage|p1a: Zapdos|29/100
|
|upkeep
|turn|16
|
|t:|1641866810
|switch|p2a: Tapu Koko|Tapu Koko|100/100
|-fieldstart|move: Electric Terrain|[from] ability: Electric Surge|[of] p2a: Tapu Koko
|move|p1a: Zapdos|Roost|p1a: Zapdos
|-heal|p1a: Zapdos|79/100
|-singleturn|p1a: Zapdos|move: Roost
|
|upkeep
|turn|17
|
|t:|1641866817
|move|p2a: Tapu Koko|Taunt|p1a: Zapdos
|-start|p1a: Zapdos|move: Taunt
|cant|p1a: Zapdos|move: Taunt|Roost
|
|upkeep
|turn|18
|
|t:|1641866825
|switch|p2a: Ferrothorn|Ferrothorn, F|94/100
|-damage|p2a: Ferrothorn|88/100|[from] Stealth Rock
|switch|p1a: Garchomp|Garchomp, M|100/100
|-damage|p1a: Garchomp|94/100|[from] Stealth Rock
|
|upkeep
|turn|19
|
|t:|1641866835
|move|p1a: Garchomp|Fire Fang|p2a: Ferrothorn
|-supereffective|p2a: Ferrothorn
|-crit|p2a: Ferrothorn
|-damage|p2a: Ferrothorn|0 fnt
|-damage|p1a: Garchomp|82/100|[from] ability: Iron Barbs|[of] p2a: Ferrothorn
|faint|p2a: Ferrothorn
|-damage|p1a: Garchomp|72/100|[from] item: Life Orb
|
|upkeep
|
|t:|1641866841
|switch|p2a: Tapu Koko|Tapu Koko|100/100
|turn|20
|
|t:|1641866852
|switch|p1a: Dragapult|Dragapult, M|94/100
|-damage|p1a: Dragapult|82/100|[from] Stealth Rock
|move|p2a: Tapu Koko|Dazzling Gleam|p1a: Dragapult
|-supereffective|p1a: Dragapult
|-damage|p1a: Dragapult|0 fnt
|faint|p1a: Dragapult
|
|-fieldend|move: Electric Terrain
|upkeep
|
|t:|1641866859
|switch|p1a: Tapu Fini|Tapu Fini|82/100
|-damage|p1a: Tapu Fini|69/100|[from] Stealth Rock
|-fieldstart|move: Misty Terrain|[from] ability: Misty Surge|[of] p1a: Tapu Fini
|turn|21
|
|t:|1641866866
|move|p2a: Tapu Koko|Thunder|p1a: Tapu Fini|[miss]
|-miss|p2a: Tapu Koko|p1a: Tapu Fini
|move|p1a: Tapu Fini|Moonblast|p2a: Tapu Koko
|-damage|p2a: Tapu Koko|41/100
|
|-heal|p1a: Tapu Fini|75/100|[from] item: Leftovers
|upkeep
|turn|22
|
|t:|1641866874
|switch|p2a: Pelipper|Pelipper, M|48/100
|-damage|p2a: Pelipper|23/100|[from] Stealth Rock
|-weather|RainDance|[from] ability: Drizzle|[of] p2a: Pelipper
|switch|p1a: Garchomp|Garchomp, M|72/100
|-damage|p1a: Garchomp|66/100|[from] Stealth Rock
|
|-weather|RainDance|[upkeep]
|upkeep
|turn|23
|
|t:|1641866887
|switch|p2a: Tornadus|Tornadus-Therian, M|75/100
|move|p1a: Garchomp|Earthquake|p2a: Tornadus
|-immune|p2a: Tornadus
|
|-weather|RainDance|[upkeep]
|upkeep
|turn|24
|
|t:|1641866901
|move|p2a: Tornadus|U-turn|p1a: Garchomp
|-damage|p1a: Garchomp|51/100
|-damage|p2a: Tornadus|63/100|[from] ability: Rough Skin|[of] p1a: Garchomp
|
|t:|1641866906
|switch|p2a: Pelipper|Pelipper, M|23/100|[from]move: U-turn
|-damage|p2a: Pelipper|0 fnt|[from] Stealth Rock
|faint|p2a: Pelipper
|move|p1a: Garchomp|Scale Shot|p2: Pelipper|[notarget]
|-fail|p1a: Garchomp
|
|-weather|RainDance|[upkeep]
|upkeep
|
|t:|1641866913
|switch|p2a: Tapu Koko|Tapu Koko|41/100
|-fieldstart|move: Electric Terrain|[from] ability: Electric Surge|[of] p2a: Tapu Koko
|turn|25
|
|t:|1641866920
|switch|p1a: Zapdos|Zapdos|79/100
|-damage|p1a: Zapdos|54/100|[from] Stealth Rock
|-ability|p1a: Zapdos|Pressure
|move|p2a: Tapu Koko|Dazzling Gleam|p1a: Zapdos
|-damage|p1a: Zapdos|23/100
|
|-weather|RainDance|[upkeep]
|upkeep
|turn|26
|
|t:|1641866927
|move|p2a: Tapu Koko|Dazzling Gleam|p1a: Zapdos
|-damage|p1a: Zapdos|0 fnt
|faint|p1a: Zapdos
|
|-weather|RainDance|[upkeep]
|upkeep
|
|t:|1641866929
|switch|p1a: Urshifu|Urshifu-Rapid-Strike, F|80/100
|-damage|p1a: Urshifu|74/100|[from] Stealth Rock
|turn|27
|
|t:|1641866932
|move|p1a: Urshifu|Aqua Jet|p2a: Tapu Koko
|-damage|p2a: Tapu Koko|0 fnt
|faint|p2a: Tapu Koko
|
|-weather|RainDance|[upkeep]
|upkeep
|
|t:|1641866944
|switch|p2a: Tornadus|Tornadus-Therian, M|96/100
|turn|28
|
|t:|1641866963
|switch|p1a: Garchomp|Garchomp, M|51/100
|-damage|p1a: Garchomp|45/100|[from] Stealth Rock
|move|p2a: Tornadus|Hurricane|p1a: Garchomp
|-damage|p1a: Garchomp|0 fnt
|faint|p1a: Garchomp
|
|-weather|RainDance|[upkeep]
|upkeep
|
|t:|1641866970
|switch|p1a: Urshifu|Urshifu-Rapid-Strike, F|74/100
|-damage|p1a: Urshifu|68/100|[from] Stealth Rock
|turn|29
|
|t:|1641866973
|move|p1a: Urshifu|Aqua Jet|p2a: Tornadus
|-crit|p2a: Tornadus
|-damage|p2a: Tornadus|0 fnt
|faint|p2a: Tornadus
|
|-weather|none
|-fieldend|move: Electric Terrain
|upkeep
|
|t:|1641866976
|switch|p2a: Barraskewda|Barraskewda, M|100/100
|-damage|p2a: Barraskewda|88/100|[from] Stealth Rock
|turn|30
|
|t:|1641866983
|move|p1a: Urshifu|Aqua Jet|p2a: Barraskewda
|-resisted|p2a: Barraskewda
|-damage|p2a: Barraskewda|59/100
|move|p2a: Barraskewda|Psychic Fangs|p1a: Urshifu
|-supereffective|p1a: Urshifu
|-damage|p1a: Urshifu|0 fnt
|faint|p1a: Urshifu
|
|upkeep
|
|t:|1641866986
|switch|p1a: Tapu Fini|Tapu Fini|75/100
|-damage|p1a: Tapu Fini|63/100|[from] Stealth Rock
|-fieldstart|move: Misty Terrain|[from] ability: Misty Surge|[of] p1a: Tapu Fini
|turn|31
|
|t:|1641866995
|move|p2a: Barraskewda|Psychic Fangs|p1a: Tapu Fini
|-damage|p1a: Tapu Fini|16/100
|move|p1a: Tapu Fini|Moonblast|p2a: Barraskewda
|-damage|p2a: Barraskewda|0 fnt
|faint|p2a: Barraskewda
|
|-heal|p1a: Tapu Fini|22/100|[from] item: Leftovers
|upkeep
|
|t:|1641866998
|switch|p2a: Dragonite|Dragonite, F|100/100
|-damage|p2a: Dragonite|76/100|[from] Stealth Rock
|turn|32
|
|t:|1641867003
|move|p1a: Tapu Fini|Moonblast|p2a: Dragonite
|-supereffective|p2a: Dragonite
|-damage|p2a: Dragonite|0 fnt
|faint|p2a: Dragonite
|
|win|shagohod crew
|raw|shagohod crew's rating: 1464 &rarr; <strong>1487</strong><br />(+23 for winning)
|raw|Aerodragon3's rating: 1524 &rarr; <strong>1501</strong><br />(-23 for losing)
|l|☆Aerodragon3
