|j|☆Mocha9
|j|☆ballboy212477416
|t:|1641696872
|gametype|singles
|player|p1|Mocha9|2|1115
|player|p2|ballboy212477416|pokekid|1153
|teamsize|p1|6
|teamsize|p2|6
|gen|8
|tier|[Gen 8] OU
|rated|
|rule|Sleep Clause Mod: Limit one foe put to sleep
|rule|Species Clause: Limit one of each Pokémon
|rule|OHKO Clause: OHKO moves are banned
|rule|Evasion Moves Clause: Evasion moves are banned
|rule|Endless Battle Clause: Forcing endless battles is banned
|rule|HP Percentage Mod: HP is shown in percentages
|rule|Dynamax Clause: You cannot dynamax
|clearpoke
|poke|p1|Rillaboom, M|
|poke|p1|Moltres-Galar|
|poke|p1|Kartana|
|poke|p1|Urshifu-*, F|
|poke|p1|Ninetales-Alola, M|
|poke|p1|Clefable, F|
|poke|p2|Zapdos|
|poke|p2|Xurkitree|
|poke|p2|Pincurchin, F|
|poke|p2|Raikou|
|poke|p2|Tapu Koko|
|poke|p2|Regieleki|
|teampreview
|
|t:|1641696882
|start
|switch|p1a: Ninetales|Ninetales-Alola, M|100/100
|switch|p2a: Pincurchin|Pincurchin, F|100/100
|-weather|Hail|[from] ability: Snow Warning|[of] p1a: Ninetales
|-fieldstart|move: Electric Terrain|[from] ability: Electric Surge|[of] p2a: Pincurchin
|turn|1
|inactive|Battle timer is ON: inactive players will automatically lose when time's up. (requested by Mocha9)
|
|t:|1641696895
|move|p1a: Ninetales|Aurora Veil|p1a: Ninetales
|-sidestart|p1: Mocha9|move: Aurora Veil
|move|p2a: Pincurchin|Spikes|p1a: Ninetales
|-sidestart|p1: Mocha9|Spikes
|
|-weather|Hail|[upkeep]
|-damage|p2a: Pincurchin|94/100|[from] Hail
|upkeep
|turn|2
|
|t:|1641696898
|move|p1a: Ninetales|Blizzard|p2a: Pincurchin
|-damage|p2a: Pincurchin|39/100
|move|p2a: Pincurchin|Spikes|p1a: Ninetales
|-sidestart|p1: Mocha9|Spikes
|
|-weather|Hail|[upkeep]
|-damage|p2a: Pincurchin|33/100|[from] Hail
|upkeep
|turn|3
|
|t:|1641696901
|move|p1a: Ninetales|Blizzard|p2a: Pincurchin
|-damage|p2a: Pincurchin|0 fnt
|faint|p2a: Pincurchin
|
|-weather|Hail|[upkeep]
|upkeep
|
|t:|1641696909
|switch|p2a: Raikou|Raikou|100/100
|-ability|p2a: Raikou|Pressure
|turn|4
|
|t:|1641696920
|move|p2a: Raikou|Toxic|p1a: Ninetales
|-status|p1a: Ninetales|tox
|move|p1a: Ninetales|Blizzard|p2a: Raikou
|-damage|p2a: Raikou|57/100
|
|-weather|Hail|[upkeep]
|-damage|p2a: Raikou|50/100|[from] Hail
|-damage|p1a: Ninetales|95/100 tox|[from] psn
|upkeep
|turn|5
|
|t:|1641696930
|move|p2a: Raikou|Rising Voltage|p1a: Ninetales
|-damage|p1a: Ninetales|44/100 tox
|move|p1a: Ninetales|Blizzard|p2a: Raikou
|-damage|p2a: Raikou|6/100
|
|-weather|none
|-damage|p1a: Ninetales|33/100 tox|[from] psn
|upkeep
|turn|6
|
|t:|1641696938
|move|p2a: Raikou|Rising Voltage|p1a: Ninetales
|-damage|p1a: Ninetales|0 fnt
|faint|p1a: Ninetales
|
|upkeep
|
|t:|1641696941
|switch|p1a: Moltres|Moltres-Galar|100/100
|turn|7
|
|t:|1641696944
|move|p2a: Raikou|Rising Voltage|p1a: Moltres
|-supereffective|p1a: Moltres
|-damage|p1a: Moltres|63/100
|-enditem|p1a: Moltres|Weakness Policy
|-boost|p1a: Moltres|atk|2|[from] item: Weakness Policy
|-boost|p1a: Moltres|spa|2|[from] item: Weakness Policy
|move|p1a: Moltres|Agility|p1a: Moltres
|-boost|p1a: Moltres|spe|2
|
|upkeep
|turn|8
|
|t:|1641696950
|move|p1a: Moltres|Fiery Wrath|p2a: Raikou
|-damage|p2a: Raikou|0 fnt
|faint|p2a: Raikou
|
|-sideend|p1: Mocha9|move: Aurora Veil
|-fieldend|move: Electric Terrain
|upkeep
|
|t:|1641696952
|switch|p2a: Tapu Koko|Tapu Koko|100/100
|-fieldstart|move: Electric Terrain|[from] ability: Electric Surge|[of] p2a: Tapu Koko
|turn|9
|
|t:|1641696956
|move|p1a: Moltres|Hurricane|p2a: Tapu Koko
|-resisted|p2a: Tapu Koko
|-damage|p2a: Tapu Koko|16/100
|-start|p2a: Tapu Koko|confusion
|-activate|p2a: Tapu Koko|confusion
|move|p2a: Tapu Koko|Volt Switch|p1a: Moltres
|-supereffective|p1a: Moltres
|-damage|p1a: Moltres|0 fnt
|faint|p1a: Moltres
|
|t:|1641696963
|switch|p2a: Regieleki|Regieleki|100/100|[from]move: Volt Switch
|
|upkeep
|
|t:|1641696967
|switch|p1a: Rillaboom|Rillaboom, M|100/100
|-damage|p1a: Rillaboom|84/100|[from] Spikes
|-fieldstart|move: Grassy Terrain|[from] ability: Grassy Surge|[of] p1a: Rillaboom
|turn|10
|
|t:|1641696976
|switch|p2a: Zapdos|Zapdos|100/100
|move|p1a: Rillaboom|Grassy Glide|p2a: Zapdos
|-resisted|p2a: Zapdos
|-damage|p2a: Zapdos|75/100
|-damage|p1a: Rillaboom|74/100|[from] item: Life Orb
|
|-heal|p1a: Rillaboom|80/100|[from] Grassy Terrain
|upkeep
|turn|11
|
|t:|1641696983
|switch|p1a: Urshifu|Urshifu-Rapid-Strike, F|100/100
|-damage|p1a: Urshifu|84/100|[from] Spikes
|move|p2a: Zapdos|Hurricane|p1a: Urshifu|[miss]
|-miss|p2a: Zapdos|p1a: Urshifu
|
|-heal|p1a: Urshifu|90/100|[from] Grassy Terrain
|upkeep
|turn|12
|
|t:|1641696990
|move|p1a: Urshifu|Stone Edge|p2a: Zapdos
|-supereffective|p2a: Zapdos
|-damage|p2a: Zapdos|0 fnt
|faint|p2a: Zapdos
|
|-heal|p1a: Urshifu|96/100|[from] Grassy Terrain
|upkeep
|
|t:|1641696994
|switch|p2a: Tapu Koko|Tapu Koko|16/100
|-fieldstart|move: Electric Terrain|[from] ability: Electric Surge|[of] p2a: Tapu Koko
|turn|13
|
|t:|1641696999
|switch|p1a: Rillaboom|Rillaboom, M|80/100
|-damage|p1a: Rillaboom|64/100|[from] Spikes
|-fieldstart|move: Grassy Terrain|[from] ability: Grassy Surge|[of] p1a: Rillaboom
|move|p2a: Tapu Koko|Volt Switch|p1a: Rillaboom
|-resisted|p1a: Rillaboom
|-damage|p1a: Rillaboom|45/100
|
|t:|1641697001
|switch|p2a: Regieleki|Regieleki|100/100|[from]move: Volt Switch
|
|-heal|p1a: Rillaboom|51/100|[from] Grassy Terrain
|upkeep
|turn|14
|
|t:|1641697009
|switch|p2a: Xurkitree|Xurkitree|100/100
|move|p1a: Rillaboom|Grassy Glide|p2a: Xurkitree
|-damage|p2a: Xurkitree|0 fnt
|faint|p2a: Xurkitree
|-damage|p1a: Rillaboom|41/100|[from] item: Life Orb
|
|-heal|p1a: Rillaboom|47/100|[from] Grassy Terrain
|upkeep
|
|t:|1641697015
|switch|p2a: Tapu Koko|Tapu Koko|16/100
|-fieldstart|move: Electric Terrain|[from] ability: Electric Surge|[of] p2a: Tapu Koko
|turn|15
|
|t:|1641697022
|switch|p1a: Urshifu|Urshifu-Rapid-Strike, F|96/100
|-damage|p1a: Urshifu|80/100|[from] Spikes
|move|p2a: Tapu Koko|Dazzling Gleam|p1a: Urshifu
|-supereffective|p1a: Urshifu
|-damage|p1a: Urshifu|0 fnt
|faint|p1a: Urshifu
|
|upkeep
|
|t:|1641697025
|switch|p1a: Kartana|Kartana|100/100
|-damage|p1a: Kartana|84/100|[from] Spikes
|turn|16
|
|t:|1641697032
|move|p1a: Kartana|Leaf Blade|p2a: Tapu Koko
|-damage|p2a: Tapu Koko|0 fnt
|faint|p2a: Tapu Koko
|-ability|p1a: Kartana|Beast Boost|boost
|-boost|p1a: Kartana|atk|1
|
|upkeep
|
|t:|1641697035
|switch|p2a: Regieleki|Regieleki|100/100
|turn|17
|
|t:|1641697038
|move|p2a: Regieleki|Electro Ball|p1a: Kartana
|-resisted|p1a: Kartana
|-damage|p1a: Kartana|0 fnt
|faint|p1a: Kartana
|
|upkeep
|
|t:|1641697043
|switch|p1a: Rillaboom|Rillaboom, M|47/100
|-damage|p1a: Rillaboom|30/100|[from] Spikes
|-fieldstart|move: Grassy Terrain|[from] ability: Grassy Surge|[of] p1a: Rillaboom
|turn|18
|
|t:|1641697045
|move|p1a: Rillaboom|Grassy Glide|p2a: Regieleki
|-damage|p2a: Regieleki|0 fnt
|faint|p2a: Regieleki
|-damage|p1a: Rillaboom|21/100|[from] item: Life Orb
|
|win|Mocha9
|raw|Mocha9's rating: 1115 &rarr; <strong>1143</strong><br />(+28 for winning)
|raw|ballboy212477416's rating: 1153 &rarr; <strong>1125</strong><br />(-28 for losing)
|l|☆ballboy212477416
