|j|☆botti1991
|j|☆MimikyuMoon
|t:|1641708826
|gametype|singles
|player|p1|botti1991|clerkf|1376
|player|p2|MimikyuMoon|lady-gen4|1329
|teamsize|p1|6
|teamsize|p2|6
|gen|8
|tier|[Gen 8] OU
|rated|
|rule|Sleep Clause Mod: Limit one foe put to sleep
|rule|Species Clause: Limit one of each Pokémon
|rule|OHKO Clause: OHKO moves are banned
|rule|Evasion Moves Clause: Evasion moves are banned
|rule|Endless Battle Clause: Forcing endless battles is banned
|rule|HP Percentage Mod: HP is shown in percentages
|rule|Dynamax Clause: You cannot dynamax
|clearpoke
|poke|p1|Nidoking, M|
|poke|p1|Ferrothorn, F|
|poke|p1|Heatran, M|
|poke|p1|Rotom-Wash|
|poke|p1|Dragonite, M|
|poke|p1|Skarmory, F|
|poke|p2|Krookodile, M|
|poke|p2|Gyarados, F|
|poke|p2|Kommo-o, M|
|poke|p2|Moltres-Galar|
|poke|p2|Scizor, M|
|poke|p2|Celesteela|
|teampreview
|inactive|Battle timer is ON: inactive players will automatically lose when time's up. (requested by MimikyuMoon)
|inactive|botti1991 also wants the timer to be on.
|
|t:|1641708841
|start
|switch|p1a: Skarmory|Skarmory, F|100/100
|switch|p2a: Krookodile|Krookodile, M|100/100
|-ability|p2a: Krookodile|Intimidate|boost
|-unboost|p1a: Skarmory|atk|1
|turn|1
|
|t:|1641708849
|move|p2a: Krookodile|Taunt|p1a: Skarmory
|-start|p1a: Skarmory|move: Taunt
|cant|p1a: Skarmory|move: Taunt|Stealth Rock
|
|upkeep
|turn|2
|
|t:|1641708854
|move|p2a: Krookodile|Stealth Rock|p1a: Skarmory
|-sidestart|p1: botti1991|move: Stealth Rock
|move|p1a: Skarmory|Iron Head|p2a: Krookodile
|-damage|p2a: Krookodile|81/100
|
|upkeep
|turn|3
|
|t:|1641708860
|move|p2a: Krookodile|Knock Off|p1a: Skarmory
|-damage|p1a: Skarmory|74/100
|-damage|p2a: Krookodile|65/100|[from] item: Rocky Helmet|[of] p1a: Skarmory
|-enditem|p1a: Skarmory|Rocky Helmet|[from] move: Knock Off|[of] p2a: Krookodile
|move|p1a: Skarmory|Iron Head|p2a: Krookodile
|-damage|p2a: Krookodile|45/100
|
|-end|p1a: Skarmory|move: Taunt
|upkeep
|turn|4
|
|t:|1641708879
|switch|p1a: Rotom|Rotom-Wash|100/100
|-damage|p1a: Rotom|88/100|[from] Stealth Rock
|move|p2a: Krookodile|Taunt|p1a: Rotom
|-start|p1a: Rotom|move: Taunt
|
|upkeep
|turn|5
|
|t:|1641708887
|move|p1a: Rotom|Hydro Pump|p2a: Krookodile
|-supereffective|p2a: Krookodile
|-damage|p2a: Krookodile|0 fnt
|faint|p2a: Krookodile
|
|upkeep
|
|t:|1641708902
|switch|p2a: Moltres|Moltres-Galar|100/100
|turn|6
|
|t:|1641708919
|switch|p1a: Heatran|Heatran, M|100/100
|-damage|p1a: Heatran|88/100|[from] Stealth Rock
|move|p2a: Moltres|Agility|p2a: Moltres
|-boost|p2a: Moltres|spe|2
|
|upkeep
|turn|7
|
|t:|1641708929
|move|p2a: Moltres|Fiery Wrath|p1a: Heatran
|-damage|p1a: Heatran|56/100
|cant|p1a: Heatran|flinch
|
|upkeep
|turn|8
|
|t:|1641708935
|move|p2a: Moltres|Fiery Wrath|p1a: Heatran
|-damage|p1a: Heatran|27/100
|-enditem|p1a: Heatran|Sitrus Berry|[eat]
|-heal|p1a: Heatran|51/100|[from] item: Sitrus Berry
|move|p1a: Heatran|Magma Storm|p2a: Moltres|[miss]
|-miss|p1a: Heatran|p2a: Moltres
|
|upkeep
|turn|9
|
|t:|1641708944
|move|p2a: Moltres|Fiery Wrath|p1a: Heatran
|-damage|p1a: Heatran|17/100
|move|p1a: Heatran|Magma Storm|p2a: Moltres
|-damage|p2a: Moltres|56/100
|-activate|p2a: Moltres|move: Magma Storm|[of] p1a: Heatran
|
|-damage|p2a: Moltres|44/100|[from] move: Magma Storm|[partiallytrapped]
|upkeep
|turn|10
|
|t:|1641708954
|move|p2a: Moltres|Fiery Wrath|p1a: Heatran
|-damage|p1a: Heatran|0 fnt
|faint|p1a: Heatran
|
|-end|p2a: Moltres|Magma Storm|[partiallytrapped]|[silent]
|upkeep
|
|t:|1641708960
|switch|p1a: Rotom|Rotom-Wash|88/100
|-damage|p1a: Rotom|75/100|[from] Stealth Rock
|turn|11
|
|t:|1641708965
|move|p2a: Moltres|Fiery Wrath|p1a: Rotom
|-damage|p1a: Rotom|31/100
|move|p1a: Rotom|Volt Switch|p2a: Moltres
|-supereffective|p2a: Moltres
|-damage|p2a: Moltres|4/100
|-enditem|p2a: Moltres|Weakness Policy
|-boost|p2a: Moltres|atk|2|[from] item: Weakness Policy
|-boost|p2a: Moltres|spa|2|[from] item: Weakness Policy
|
|t:|1641708987
|switch|p1a: Dragonite|Dragonite, M|100/100|[from]move: Volt Switch
|
|upkeep
|turn|12
|
|t:|1641708993
|move|p2a: Moltres|Fiery Wrath|p1a: Dragonite
|-damage|p1a: Dragonite|65/100
|move|p1a: Dragonite|Dual Wingbeat|p2a: Moltres
|-damage|p2a: Moltres|0 fnt
|faint|p2a: Moltres
|-hitcount|p2: Moltres|1
|
|upkeep
|
|t:|1641708999
|switch|p2a: Scizor|Scizor, M|100/100
|turn|13
|
|t:|1641709021
|switch|p1a: Skarmory|Skarmory, F|74/100
|-damage|p1a: Skarmory|62/100|[from] Stealth Rock
|move|p2a: Scizor|Swords Dance|p2a: Scizor
|-boost|p2a: Scizor|atk|2
|
|upkeep
|turn|14
|
|t:|1641709029
|move|p2a: Scizor|Swords Dance|p2a: Scizor
|-boost|p2a: Scizor|atk|2
|move|p1a: Skarmory|Whirlwind|p2a: Scizor
|drag|p2a: Gyarados|Gyarados, F|100/100
|
|upkeep
|turn|15
|
|t:|1641709037
|switch|p2a: Celesteela|Celesteela|100/100
|move|p1a: Skarmory|Stealth Rock|p2a: Celesteela
|-sidestart|p2: MimikyuMoon|move: Stealth Rock
|
|upkeep
|turn|16
|
|t:|1641709043
|move|p1a: Skarmory|Roost|p1a: Skarmory
|-heal|p1a: Skarmory|100/100
|-singleturn|p1a: Skarmory|move: Roost
|move|p2a: Celesteela|Flamethrower|p1a: Skarmory
|-supereffective|p1a: Skarmory
|-damage|p1a: Skarmory|43/100
|
|upkeep
|turn|17
|
|t:|1641709052
|move|p2a: Celesteela|Flamethrower|p1a: Skarmory
|-supereffective|p1a: Skarmory
|-damage|p1a: Skarmory|0 fnt
|faint|p1a: Skarmory
|-ability|p2a: Celesteela|Beast Boost|boost
|-boost|p2a: Celesteela|spd|1
|
|upkeep
|
|t:|1641709069
|switch|p1a: Rotom|Rotom-Wash|31/100
|-damage|p1a: Rotom|19/100|[from] Stealth Rock
|turn|18
|
|t:|1641709091
|move|p1a: Rotom|Thunderbolt|p2a: Celesteela
|-supereffective|p2a: Celesteela
|-damage|p2a: Celesteela|71/100
|move|p2a: Celesteela|Flamethrower|p1a: Rotom
|-resisted|p1a: Rotom
|-damage|p1a: Rotom|7/100
|
|-heal|p2a: Celesteela|77/100|[from] item: Leftovers
|upkeep
|turn|19
|
|t:|1641709101
|move|p2a: Celesteela|Protect|p2a: Celesteela
|-singleturn|p2a: Celesteela|Protect
|move|p1a: Rotom|Thunderbolt|p2a: Celesteela
|-activate|p2a: Celesteela|move: Protect
|
|-heal|p2a: Celesteela|83/100|[from] item: Leftovers
|upkeep
|turn|20
|
|t:|1641709110
|move|p1a: Rotom|Thunderbolt|p2a: Celesteela
|-supereffective|p2a: Celesteela
|-damage|p2a: Celesteela|56/100
|move|p2a: Celesteela|Flamethrower|p1a: Rotom
|-resisted|p1a: Rotom
|-damage|p1a: Rotom|0 fnt
|faint|p1a: Rotom
|-ability|p2a: Celesteela|Beast Boost|boost
|-boost|p2a: Celesteela|spd|1
|
|-heal|p2a: Celesteela|62/100|[from] item: Leftovers
|upkeep
|
|t:|1641709127
|switch|p1a: Nidoking|Nidoking, M|100/100
|-damage|p1a: Nidoking|95/100|[from] Stealth Rock
|turn|21
|
|t:|1641709136
|move|p1a: Nidoking|Thunderbolt|p2a: Celesteela
|-supereffective|p2a: Celesteela
|-damage|p2a: Celesteela|36/100
|move|p2a: Celesteela|Leech Seed|p1a: Nidoking
|-start|p1a: Nidoking|move: Leech Seed
|
|-heal|p2a: Celesteela|42/100|[from] item: Leftovers
|-damage|p1a: Nidoking|82/100|[from] Leech Seed|[of] p2a: Celesteela
|-heal|p2a: Celesteela|52/100|[silent]
|upkeep
|turn|22
|
|t:|1641709146
|switch|p1a: Ferrothorn|Ferrothorn, F|100/100
|-damage|p1a: Ferrothorn|94/100|[from] Stealth Rock
|move|p2a: Celesteela|Protect||[still]
|-fail|p2a: Celesteela
|
|-heal|p2a: Celesteela|58/100|[from] item: Leftovers
|-heal|p1a: Ferrothorn|100/100|[from] item: Leftovers
|upkeep
|turn|23
|
|t:|1641709156
|move|p2a: Celesteela|Protect|p2a: Celesteela
|-singleturn|p2a: Celesteela|Protect
|move|p1a: Ferrothorn|Leech Seed|p2a: Celesteela
|-activate|p2a: Celesteela|move: Protect
|
|-heal|p2a: Celesteela|64/100|[from] item: Leftovers
|upkeep
|turn|24
|
|t:|1641709165
|move|p2a: Celesteela|Flamethrower|p1a: Ferrothorn
|-supereffective|p1a: Ferrothorn
|-damage|p1a: Ferrothorn|32/100
|move|p1a: Ferrothorn|Knock Off|p2a: Celesteela
|-damage|p2a: Celesteela|44/100
|-enditem|p2a: Celesteela|Leftovers|[from] move: Knock Off|[of] p1a: Ferrothorn
|
|-heal|p1a: Ferrothorn|38/100|[from] item: Leftovers
|upkeep
|turn|25
|
|t:|1641709177
|move|p2a: Celesteela|Flamethrower|p1a: Ferrothorn
|-supereffective|p1a: Ferrothorn
|-damage|p1a: Ferrothorn|0 fnt
|faint|p1a: Ferrothorn
|-ability|p2a: Celesteela|Beast Boost|boost
|-boost|p2a: Celesteela|spd|1
|
|upkeep
|
|t:|1641709184
|switch|p1a: Nidoking|Nidoking, M|82/100
|-damage|p1a: Nidoking|76/100|[from] Stealth Rock
|turn|26
|
|t:|1641709189
|move|p2a: Celesteela|Protect|p2a: Celesteela
|-singleturn|p2a: Celesteela|Protect
|move|p1a: Nidoking|Thunderbolt|p2a: Celesteela
|-activate|p2a: Celesteela|move: Protect
|
|upkeep
|turn|27
|
|t:|1641709196
|move|p1a: Nidoking|Thunderbolt|p2a: Celesteela
|-supereffective|p2a: Celesteela
|-damage|p2a: Celesteela|23/100
|move|p2a: Celesteela|Leech Seed|p1a: Nidoking
|-start|p1a: Nidoking|move: Leech Seed
|
|-damage|p1a: Nidoking|64/100|[from] Leech Seed|[of] p2a: Celesteela
|-heal|p2a: Celesteela|32/100|[silent]
|upkeep
|turn|28
|
|t:|1641709206
|switch|p1a: Dragonite|Dragonite, M|65/100
|move|p2a: Celesteela|Heavy Slam|p1a: Dragonite
|-damage|p1a: Dragonite|30/100
|
|upkeep
|turn|29
|
|t:|1641709213
|move|p1a: Dragonite|Roost|p1a: Dragonite
|-heal|p1a: Dragonite|80/100
|-singleturn|p1a: Dragonite|move: Roost
|move|p2a: Celesteela|Heavy Slam|p1a: Dragonite
|-damage|p1a: Dragonite|50/100
|
|upkeep
|turn|30
|
|t:|1641709221
|move|p1a: Dragonite|Roost|p1a: Dragonite
|-heal|p1a: Dragonite|99/100
|-singleturn|p1a: Dragonite|move: Roost
|move|p2a: Celesteela|Leech Seed|p1a: Dragonite
|-start|p1a: Dragonite|move: Leech Seed
|
|-damage|p1a: Dragonite|88/100|[from] Leech Seed|[of] p2a: Celesteela
|-heal|p2a: Celesteela|44/100|[silent]
|upkeep
|turn|31
|
|t:|1641709231
|switch|p1a: Nidoking|Nidoking, M|64/100
|-damage|p1a: Nidoking|58/100|[from] Stealth Rock
|move|p2a: Celesteela|Protect||[still]
|-fail|p2a: Celesteela
|
|upkeep
|turn|32
|
|t:|1641709241
|move|p1a: Nidoking|Thunderbolt|p2a: Celesteela
|-supereffective|p2a: Celesteela
|-damage|p2a: Celesteela|24/100
|move|p2a: Celesteela|Leech Seed|p1a: Nidoking|[miss]
|-miss|p2a: Celesteela|p1a: Nidoking
|
|upkeep
|turn|33
|
|t:|1641709248
|move|p2a: Celesteela|Protect|p2a: Celesteela
|-singleturn|p2a: Celesteela|Protect
|move|p1a: Nidoking|Thunderbolt|p2a: Celesteela
|-activate|p2a: Celesteela|move: Protect
|
|upkeep
|turn|34
|
|t:|1641709252
|move|p1a: Nidoking|Thunderbolt|p2a: Celesteela
|-supereffective|p2a: Celesteela
|-damage|p2a: Celesteela|6/100
|move|p2a: Celesteela|Heavy Slam|p1a: Nidoking
|-damage|p1a: Nidoking|0 fnt
|faint|p1a: Nidoking
|-ability|p2a: Celesteela|Beast Boost|boost
|-boost|p2a: Celesteela|spd|1
|
|upkeep
|
|t:|1641709261
|switch|p1a: Dragonite|Dragonite, M|88/100
|turn|35
|
|t:|1641709266
|move|p2a: Celesteela|Protect|p2a: Celesteela
|-singleturn|p2a: Celesteela|Protect
|move|p1a: Dragonite|Dual Wingbeat|p2a: Celesteela
|-activate|p2a: Celesteela|move: Protect
|
|upkeep
|turn|36
|
|t:|1641709281
|move|p1a: Dragonite|Dual Wingbeat|p2a: Celesteela
|-resisted|p2a: Celesteela
|-damage|p2a: Celesteela|0 fnt
|faint|p2a: Celesteela
|-hitcount|p2: Celesteela|1
|
|upkeep
|
|t:|1641709287
|switch|p2a: Scizor|Scizor, M|100/100
|-damage|p2a: Scizor|88/100|[from] Stealth Rock
|turn|37
|
|t:|1641709293
|move|p1a: Dragonite|Dragon Dance|p1a: Dragonite
|-boost|p1a: Dragonite|atk|1
|-boost|p1a: Dragonite|spe|1
|move|p2a: Scizor|Swords Dance|p2a: Scizor
|-boost|p2a: Scizor|atk|2
|
|upkeep
|turn|38
|
|t:|1641709301
|move|p2a: Scizor|Bullet Punch|p1a: Dragonite
|-damage|p1a: Dragonite|1/100
|-damage|p2a: Scizor|78/100|[from] item: Life Orb
|move|p1a: Dragonite|Dragon Dance|p1a: Dragonite
|-boost|p1a: Dragonite|atk|1
|-boost|p1a: Dragonite|spe|1
|
|upkeep
|turn|39
|c|☆MimikyuMoon|gg
|
|t:|1641709309
|move|p2a: Scizor|Bullet Punch|p1a: Dragonite
|-damage|p1a: Dragonite|0 fnt
|faint|p1a: Dragonite
|-damage|p2a: Scizor|69/100|[from] item: Life Orb
|
|win|MimikyuMoon
|raw|botti1991's rating: 1376 &rarr; <strong>1353</strong><br />(-23 for losing)
|raw|MimikyuMoon's rating: 1329 &rarr; <strong>1352</strong><br />(+23 for winning)
|l|☆botti1991
