|j|☆MajinSupreme
|j|☆natenatenatex
|t:|1641775571
|gametype|singles
|player|p1|MajinSupreme|alder|1412
|player|p2|natenatenatex|ethan|1439
|teamsize|p1|6
|teamsize|p2|6
|gen|8
|tier|[Gen 8] OU
|rated|
|rule|Sleep Clause Mod: Limit one foe put to sleep
|rule|Species Clause: Limit one of each Pokémon
|rule|OHKO Clause: OHKO moves are banned
|rule|Evasion Moves Clause: Evasion moves are banned
|rule|Endless Battle Clause: Forcing endless battles is banned
|rule|HP Percentage Mod: HP is shown in percentages
|rule|Dynamax Clause: You cannot dynamax
|clearpoke
|poke|p1|Toxapex, M|
|poke|p1|Ferrothorn, F|
|poke|p1|Dragapult, F|
|poke|p1|Zapdos-Galar|
|poke|p1|Melmetal|
|poke|p1|Regieleki|
|poke|p2|Hawlucha, F|
|poke|p2|Dragapult, F|
|poke|p2|Azumarill, F|
|poke|p2|Rillaboom, M|
|poke|p2|Grimmsnarl, M|
|poke|p2|Volcarona, F|
|teampreview
|inactive|Battle timer is ON: inactive players will automatically lose when time's up. (requested by natenatenatex)
|
|t:|1641775582
|start
|switch|p1a: Melmetal|Melmetal|100/100
|switch|p2a: Grimmsnarl|Grimmsnarl, M|100/100
|turn|1
|
|t:|1641775586
|move|p2a: Grimmsnarl|Reflect|p2a: Grimmsnarl
|-sidestart|p2: natenatenatex|Reflect
|move|p1a: Melmetal|Double Iron Bash|p2a: Grimmsnarl
|-supereffective|p2a: Grimmsnarl
|-damage|p2a: Grimmsnarl|65/100
|-supereffective|p2a: Grimmsnarl
|-damage|p2a: Grimmsnarl|30/100
|-hitcount|p2a: Grimmsnarl|2
|
|upkeep
|turn|2
|
|t:|1641775601
|move|p2a: Grimmsnarl|Light Screen|p2a: Grimmsnarl
|-sidestart|p2: natenatenatex|move: Light Screen
|move|p1a: Melmetal|Toxic|p2a: Grimmsnarl
|-status|p2a: Grimmsnarl|tox
|
|-damage|p2a: Grimmsnarl|24/100 tox|[from] psn
|upkeep
|turn|3
|
|t:|1641775607
|switch|p2a: Rillaboom|Rillaboom, M|100/100
|-fieldstart|move: Grassy Terrain|[from] ability: Grassy Surge|[of] p2a: Rillaboom
|move|p1a: Melmetal|Toxic|p2a: Rillaboom
|-status|p2a: Rillaboom|tox
|
|-damage|p2a: Rillaboom|94/100 tox|[from] psn
|upkeep
|turn|4
|
|t:|1641775617
|move|p2a: Rillaboom|Swords Dance|p2a: Rillaboom
|-boost|p2a: Rillaboom|atk|2
|move|p1a: Melmetal|Double Iron Bash|p2a: Rillaboom
|-damage|p2a: Rillaboom|72/100 tox
|-damage|p2a: Rillaboom|46/100 tox
|-hitcount|p2a: Rillaboom|2
|
|-heal|p2a: Rillaboom|52/100 tox|[from] Grassy Terrain
|-damage|p2a: Rillaboom|40/100 tox|[from] psn
|upkeep
|turn|5
|
|t:|1641775627
|move|p1a: Melmetal|Protect|p1a: Melmetal
|-singleturn|p1a: Melmetal|Protect
|move|p2a: Rillaboom|Knock Off|p1a: Melmetal
|-activate|p1a: Melmetal|move: Protect
|
|-heal|p2a: Rillaboom|46/100 tox|[from] Grassy Terrain
|-damage|p2a: Rillaboom|28/100 tox|[from] psn
|upkeep
|turn|6
|
|t:|1641775635
|move|p2a: Rillaboom|Knock Off|p1a: Melmetal
|-damage|p1a: Melmetal|48/100
|-enditem|p1a: Melmetal|Leftovers|[from] move: Knock Off|[of] p2a: Rillaboom
|-damage|p2a: Rillaboom|18/100 tox|[from] item: Life Orb
|move|p1a: Melmetal|Double Iron Bash|p2a: Rillaboom
|-damage|p2a: Rillaboom|0 fnt
|faint|p2a: Rillaboom
|-hitcount|p2: Rillaboom|1
|
|-heal|p1a: Melmetal|55/100|[from] Grassy Terrain
|upkeep
|
|t:|1641775645
|switch|p2a: Hawlucha|Hawlucha, F, shiny|100/100
|-enditem|p2a: Hawlucha|Grassy Seed
|-boost|p2a: Hawlucha|def|1|[from] item: Grassy Seed
|turn|7
|
|t:|1641775650
|switch|p1a: Dragapult|Dragapult, F|100/100
|move|p2a: Hawlucha|Swords Dance|p2a: Hawlucha
|-boost|p2a: Hawlucha|atk|2
|
|-fieldend|move: Grassy Terrain
|upkeep
|turn|8
|
|t:|1641775660
|switch|p1a: Ferrothorn|Ferrothorn, F|100/100
|move|p2a: Hawlucha|Acrobatics|p1a: Ferrothorn
|-damage|p1a: Ferrothorn|40/100
|-damage|p2a: Hawlucha|88/100|[from] ability: Iron Barbs|[of] p1a: Ferrothorn
|-damage|p2a: Hawlucha|72/100|[from] item: Rocky Helmet|[of] p1a: Ferrothorn
|
|-sideend|p2: natenatenatex|Reflect
|upkeep
|turn|9
|
|t:|1641775668
|move|p2a: Hawlucha|Acrobatics|p1a: Ferrothorn
|-damage|p1a: Ferrothorn|0 fnt
|-damage|p2a: Hawlucha|59/100|[from] ability: Iron Barbs|[of] p1a: Ferrothorn
|-damage|p2a: Hawlucha|43/100|[from] item: Rocky Helmet|[of] p1a: Ferrothorn
|faint|p1a: Ferrothorn
|
|-sideend|p2: natenatenatex|move: Light Screen
|upkeep
|
|t:|1641775673
|switch|p1a: Toxapex|Toxapex, M|100/100
|turn|10
|
|t:|1641775676
|move|p2a: Hawlucha|Taunt|p1a: Toxapex
|-start|p1a: Toxapex|move: Taunt
|move|p1a: Toxapex|Scald|p2a: Hawlucha
|-damage|p2a: Hawlucha|14/100
|
|upkeep
|turn|11
|
|t:|1641775684
|move|p2a: Hawlucha|Acrobatics|p1a: Toxapex
|-damage|p1a: Toxapex|30/100
|move|p1a: Toxapex|Scald|p2a: Hawlucha
|-damage|p2a: Hawlucha|0 fnt
|faint|p2a: Hawlucha
|
|-heal|p1a: Toxapex|37/100|[from] item: Black Sludge
|upkeep
|
|t:|1641775692
|switch|p2a: Azumarill|Azumarill, F, shiny|100/100
|turn|12
|
|t:|1641775698
|switch|p1a: Melmetal|Melmetal|55/100
|move|p2a: Azumarill|Belly Drum|p2a: Azumarill
|-damage|p2a: Azumarill|51/100
|-setboost|p2a: Azumarill|atk|6|[from] move: Belly Drum
|
|upkeep
|turn|13
|
|t:|1641775705
|move|p2a: Azumarill|Knock Off|p1a: Melmetal
|-damage|p1a: Melmetal|0 fnt
|faint|p1a: Melmetal
|
|upkeep
|
|t:|1641775716
|switch|p1a: Toxapex|Toxapex, M|70/100
|turn|14
|
|t:|1641775719
|move|p1a: Toxapex|Baneful Bunker|p1a: Toxapex
|-singleturn|p1a: Toxapex|move: Protect
|move|p2a: Azumarill|Knock Off|p1a: Toxapex
|-activate|p1a: Toxapex|move: Protect
|-status|p2a: Azumarill|psn
|
|-heal|p1a: Toxapex|76/100|[from] item: Black Sludge
|-damage|p2a: Azumarill|38/100 psn|[from] psn
|upkeep
|-enditem|p2a: Azumarill|Sitrus Berry|[eat]
|-heal|p2a: Azumarill|63/100 psn|[from] item: Sitrus Berry
|turn|15
|
|t:|1641775730
|move|p2a: Azumarill|Knock Off|p1a: Toxapex
|-damage|p1a: Toxapex|0 fnt
|-enditem|p1a: Toxapex|Black Sludge|[from] move: Knock Off|[of] p2a: Azumarill
|faint|p1a: Toxapex
|
|-damage|p2a: Azumarill|51/100 psn|[from] psn
|upkeep
|
|t:|1641775734
|switch|p1a: Regieleki|Regieleki|100/100
|turn|16
|
|t:|1641775737
|move|p2a: Azumarill|Aqua Jet|p1a: Regieleki
|-damage|p1a: Regieleki|0 fnt
|faint|p1a: Regieleki
|
|-damage|p2a: Azumarill|39/100 psn|[from] psn
|upkeep
|
|t:|1641775741
|switch|p1a: Dragapult|Dragapult, F|100/100
|turn|17
|
|t:|1641775744
|move|p1a: Dragapult|Sucker Punch|p2a: Azumarill
|-resisted|p2a: Azumarill
|-damage|p2a: Azumarill|18/100 psn
|move|p2a: Azumarill|Aqua Jet|p1a: Dragapult
|-resisted|p1a: Dragapult
|-damage|p1a: Dragapult|27/100
|
|-damage|p2a: Azumarill|5/100 psn|[from] psn
|upkeep
|turn|18
|
|t:|1641775753
|switch|p2a: Grimmsnarl|Grimmsnarl, M|24/100 tox
|move|p1a: Dragapult|Sucker Punch||[still]
|-fail|p1a: Dragapult
|
|-damage|p2a: Grimmsnarl|18/100 tox|[from] psn
|upkeep
|turn|19
|
|t:|1641775761
|switch|p1a: Zapdos|Zapdos-Galar|100/100
|move|p2a: Grimmsnarl|Reflect|p2a: Grimmsnarl
|-sidestart|p2: natenatenatex|Reflect
|
|-damage|p2a: Grimmsnarl|6/100 tox|[from] psn
|upkeep
|turn|20
|
|t:|1641775771
|move|p2a: Grimmsnarl|Taunt|p1a: Zapdos
|-start|p1a: Zapdos|move: Taunt
|move|p1a: Zapdos|U-turn|p2a: Grimmsnarl
|-damage|p2a: Grimmsnarl|0 fnt
|faint|p2a: Grimmsnarl
|
|t:|1641775778
|switch|p1a: Dragapult|Dragapult, F|27/100|[from]move: U-turn
|
|upkeep
|
|t:|1641775786
|switch|p2a: Azumarill|Azumarill, F, shiny|5/100 psn
|turn|21
|
|t:|1641775790
|move|p2a: Azumarill|Aqua Jet|p1a: Dragapult
|-resisted|p1a: Dragapult
|-damage|p1a: Dragapult|9/100
|move|p1a: Dragapult|U-turn|p2a: Azumarill
|-resisted|p2a: Azumarill
|-damage|p2a: Azumarill|0 fnt
|faint|p2a: Azumarill
|
|t:|1641775795
|switch|p1a: Zapdos|Zapdos-Galar|100/100|[from]move: U-turn
|
|upkeep
|
|t:|1641775808
|switch|p2a: Volcarona|Volcarona, F|100/100
|turn|22
|
|t:|1641775811
|move|p1a: Zapdos|Brave Bird|p2a: Volcarona
|-supereffective|p2a: Volcarona
|-damage|p2a: Volcarona|5/100
|-damage|p1a: Zapdos|70/100|[from] Recoil
|move|p2a: Volcarona|Psychic|p1a: Zapdos
|-supereffective|p1a: Zapdos
|-damage|p1a: Zapdos|3/100
|
|upkeep
|turn|23
|
|t:|1641775819
|move|p1a: Zapdos|Brave Bird|p2a: Volcarona
|-supereffective|p2a: Volcarona
|-damage|p2a: Volcarona|0 fnt
|faint|p2a: Volcarona
|-damage|p1a: Zapdos|1/100|[from] Recoil
|
|upkeep
|
|t:|1641775824
|switch|p2a: Dragapult|Dragapult, F|100/100
|turn|24
|
|t:|1641775828
|move|p1a: Zapdos|Brave Bird|p2a: Dragapult
|-damage|p2a: Dragapult|59/100
|-damage|p1a: Zapdos|0 fnt|[from] Recoil
|faint|p1a: Zapdos
|move|p2a: Dragapult|Shadow Ball|p1: Zapdos|[notarget]
|-fail|p2a: Dragapult
|
|upkeep
|
|t:|1641775833
|switch|p1a: Dragapult|Dragapult, F|9/100
|turn|25
|
|t:|1641775841
|move|p1a: Dragapult|Sucker Punch|p2a: Dragapult
|-supereffective|p2a: Dragapult
|-damage|p2a: Dragapult|13/100
|move|p2a: Dragapult|Shadow Ball|p1a: Dragapult
|-supereffective|p1a: Dragapult
|-damage|p1a: Dragapult|0 fnt
|faint|p1a: Dragapult
|
|win|natenatenatex
|raw|MajinSupreme's rating: 1412 &rarr; <strong>1394</strong><br />(-18 for losing)
|raw|natenatenatex's rating: 1439 &rarr; <strong>1457</strong><br />(+18 for winning)
|c|☆natenatenatex|reflect
|l|☆MajinSupreme
|c|☆natenatenatex|lol
