|j|☆Alexspitzcharles
|j|☆Immagamer
|t:|1641772835
|gametype|singles
|player|p1|Alexspitzcharles|169|1246
|player|p2|Immagamer|169|1273
|teamsize|p1|6
|teamsize|p2|6
|gen|8
|tier|[Gen 8] OU
|rated|
|rule|Sleep Clause Mod: Limit one foe put to sleep
|rule|Species Clause: Limit one of each Pokémon
|rule|OHKO Clause: OHKO moves are banned
|rule|Evasion Moves Clause: Evasion moves are banned
|rule|Endless Battle Clause: Forcing endless battles is banned
|rule|HP Percentage Mod: HP is shown in percentages
|rule|Dynamax Clause: You cannot dynamax
|clearpoke
|poke|p1|Tyranitar, M|
|poke|p1|Urshifu-*, M|
|poke|p1|Gengar, M|
|poke|p1|Tapu Lele|
|poke|p1|Dragonite, F|
|poke|p1|Landorus-Therian, M|
|poke|p2|Crawdaunt, M|
|poke|p2|Nidoking, M|
|poke|p2|Zeraora|
|poke|p2|Tangrowth, F|
|poke|p2|Chansey, F|
|poke|p2|Tapu Fini|
|teampreview
|inactive|Battle timer is ON: inactive players will automatically lose when time's up. (requested by Alexspitzcharles)
|
|t:|1641772848
|start
|switch|p1a: Urshifu|Urshifu-Rapid-Strike, M|100/100
|switch|p2a: Crawdaunt|Crawdaunt, M|100/100
|turn|1
|
|t:|1641772855
|switch|p2a: Tangrowth|Tangrowth, F|100/100
|move|p1a: Urshifu|Close Combat|p2a: Tangrowth
|-damage|p2a: Tangrowth|64/100
|-unboost|p1a: Urshifu|def|1
|-unboost|p1a: Urshifu|spd|1
|-damage|p1a: Urshifu|84/100|[from] item: Rocky Helmet|[of] p2a: Tangrowth
|
|upkeep
|turn|2
|
|t:|1641772870
|switch|p1a: Landorus|Landorus-Therian, M|100/100
|-ability|p1a: Landorus|Intimidate|boost
|-unboost|p2a: Tangrowth|atk|1
|move|p2a: Tangrowth|Knock Off|p1a: Landorus
|-damage|p1a: Landorus|88/100
|-enditem|p1a: Landorus|Assault Vest|[from] move: Knock Off|[of] p2a: Tangrowth
|
|upkeep
|turn|3
|
|t:|1641772883
|move|p1a: Landorus|Knock Off|p2a: Tangrowth
|-damage|p2a: Tangrowth|48/100
|-damage|p1a: Landorus|72/100|[from] item: Rocky Helmet|[of] p2a: Tangrowth
|-enditem|p2a: Tangrowth|Rocky Helmet|[from] move: Knock Off|[of] p1a: Landorus
|move|p2a: Tangrowth|Giga Drain|p1a: Landorus
|-damage|p1a: Landorus|47/100
|-heal|p2a: Tangrowth|60/100|[from] drain|[of] p1a: Landorus
|
|upkeep
|turn|4
|
|t:|1641772896
|switch|p1a: Dragonite|Dragonite, F|100/100
|move|p2a: Tangrowth|Sleep Powder|p1a: Dragonite
|-status|p1a: Dragonite|slp|[from] move: Sleep Powder
|
|upkeep
|turn|5
|
|t:|1641772903
|switch|p2a: Nidoking|Nidoking, M|100/100
|cant|p1a: Dragonite|slp
|
|upkeep
|turn|6
|
|t:|1641772917
|switch|p1a: Urshifu|Urshifu-Rapid-Strike, M|84/100
|move|p2a: Nidoking|Ice Beam|p1a: Urshifu
|-resisted|p1a: Urshifu
|-damage|p1a: Urshifu|57/100
|
|upkeep
|turn|7
|
|t:|1641772929
|switch|p2a: Tangrowth|Tangrowth, F|93/100
|move|p1a: Urshifu|Close Combat|p2a: Tangrowth
|-damage|p2a: Tangrowth|56/100
|-unboost|p1a: Urshifu|def|1
|-unboost|p1a: Urshifu|spd|1
|
|upkeep
|turn|8
|
|t:|1641772937
|move|p1a: Urshifu|Close Combat|p2a: Tangrowth
|-damage|p2a: Tangrowth|18/100
|-unboost|p1a: Urshifu|def|1
|-unboost|p1a: Urshifu|spd|1
|move|p2a: Tangrowth|Knock Off|p1a: Urshifu
|-resisted|p1a: Urshifu
|-damage|p1a: Urshifu|34/100
|-enditem|p1a: Urshifu|Choice Scarf|[from] move: Knock Off|[of] p2a: Tangrowth
|
|upkeep
|turn|9
|
|t:|1641772946
|switch|p2a: Tapu Fini|Tapu Fini|100/100
|-fieldstart|move: Misty Terrain|[from] ability: Misty Surge|[of] p2a: Tapu Fini
|move|p1a: Urshifu|Poison Jab|p2a: Tapu Fini
|-supereffective|p2a: Tapu Fini
|-damage|p2a: Tapu Fini|63/100
|
|-heal|p2a: Tapu Fini|69/100|[from] item: Leftovers
|upkeep
|turn|10
|
|t:|1641772966
|switch|p1a: Landorus|Landorus-Therian, M|47/100
|-ability|p1a: Landorus|Intimidate|boost
|-unboost|p2a: Tapu Fini|atk|1
|move|p2a: Tapu Fini|Moonblast|p1a: Landorus
|-damage|p1a: Landorus|20/100
|-unboost|p1a: Landorus|spa|1
|
|-heal|p2a: Tapu Fini|75/100|[from] item: Leftovers
|upkeep
|turn|11
|
|t:|1641772978
|move|p1a: Landorus|Knock Off|p2a: Tapu Fini
|-resisted|p2a: Tapu Fini
|-damage|p2a: Tapu Fini|66/100
|-enditem|p2a: Tapu Fini|Leftovers|[from] move: Knock Off|[of] p1a: Landorus
|move|p2a: Tapu Fini|Moonblast|p1a: Landorus
|-damage|p1a: Landorus|0 fnt
|faint|p1a: Landorus
|
|upkeep
|
|t:|1641773000
|switch|p1a: Gengar|Gengar, M|100/100
|turn|12
|inactive|Alexspitzcharles has 120 seconds left.
|
|t:|1641773021
|move|p1a: Gengar|Sludge Wave|p2a: Tapu Fini
|-supereffective|p2a: Tapu Fini
|-damage|p2a: Tapu Fini|0 fnt
|faint|p2a: Tapu Fini
|
|upkeep
|
|t:|1641773033
|switch|p2a: Nidoking|Nidoking, M|100/100
|turn|13
|
|t:|1641773041
|switch|p1a: Dragonite|Dragonite, F|100/100 slp
|move|p2a: Nidoking|Earth Power|p1a: Dragonite
|-immune|p1a: Dragonite
|
|-fieldend|Misty Terrain
|upkeep
|turn|14
|inactive|Alexspitzcharles has 120 seconds left.
|
|t:|1641773070
|switch|p1a: Tyranitar|Tyranitar, M|100/100
|-weather|Sandstorm|[from] ability: Sand Stream|[of] p1a: Tyranitar
|move|p2a: Nidoking|Sludge Wave|p1a: Tyranitar
|-resisted|p1a: Tyranitar
|-damage|p1a: Tyranitar|86/100
|
|-weather|Sandstorm|[upkeep]
|-heal|p1a: Tyranitar|93/100|[from] item: Leftovers
|upkeep
|turn|15
|
|t:|1641773093
|switch|p2a: Tangrowth|Tangrowth, F|51/100
|move|p1a: Tyranitar|Earthquake|p2a: Tangrowth
|-resisted|p2a: Tangrowth
|-damage|p2a: Tangrowth|43/100
|
|-weather|Sandstorm|[upkeep]
|-damage|p2a: Tangrowth|37/100|[from] Sandstorm
|-heal|p1a: Tyranitar|99/100|[from] item: Leftovers
|upkeep
|turn|16
|
|t:|1641773114
|switch|p1a: Dragonite|Dragonite, F|100/100 slp
|move|p2a: Tangrowth|Knock Off|p1a: Dragonite
|-damage|p1a: Dragonite|89/100 slp
|-enditem|p1a: Dragonite|Heavy-Duty Boots|[from] move: Knock Off|[of] p2a: Tangrowth
|
|-weather|Sandstorm|[upkeep]
|-damage|p1a: Dragonite|83/100 slp|[from] Sandstorm
|-damage|p2a: Tangrowth|31/100|[from] Sandstorm
|upkeep
|turn|17
|
|t:|1641773122
|switch|p2a: Nidoking|Nidoking, M|100/100
|-curestatus|p1a: Dragonite|slp|[msg]
|move|p1a: Dragonite|Fire Punch|p2a: Nidoking
|-damage|p2a: Nidoking|64/100
|
|-weather|Sandstorm|[upkeep]
|-damage|p1a: Dragonite|76/100|[from] Sandstorm
|upkeep
|turn|18
|
|t:|1641773139
|switch|p1a: Tyranitar|Tyranitar, M|99/100
|move|p2a: Nidoking|Ice Beam|p1a: Tyranitar
|-damage|p1a: Tyranitar|81/100
|
|-weather|none
|-heal|p1a: Tyranitar|87/100|[from] item: Leftovers
|upkeep
|turn|19
|
|t:|1641773149
|move|p2a: Nidoking|Earth Power|p1a: Tyranitar
|-supereffective|p1a: Tyranitar
|-damage|p1a: Tyranitar|2/100
|move|p1a: Tyranitar|Ice Punch|p2a: Nidoking
|-supereffective|p2a: Nidoking
|-damage|p2a: Nidoking|0 fnt
|faint|p2a: Nidoking
|
|-heal|p1a: Tyranitar|8/100|[from] item: Leftovers
|upkeep
|
|t:|1641773164
|switch|p2a: Zeraora|Zeraora|100/100
|turn|20
|
|t:|1641773169
|move|p2a: Zeraora|Plasma Fists|p1a: Tyranitar
|-damage|p1a: Tyranitar|0 fnt
|-fieldactivate|move: Ion Deluge
|-hint|Normal-type moves become Electric-type after using Plasma Fists.
|faint|p1a: Tyranitar
|
|upkeep
|inactive|Alexspitzcharles has 120 seconds left.
|
|t:|1641773195
|switch|p1a: Dragonite|Dragonite, F|76/100
|turn|21
|
|t:|1641773198
|move|p2a: Zeraora|Plasma Fists|p1a: Dragonite
|-damage|p1a: Dragonite|0 fnt
|-fieldactivate|move: Ion Deluge
|-hint|Normal-type moves become Electric-type after using Plasma Fists.
|faint|p1a: Dragonite
|
|upkeep
|
|t:|1641773206
|switch|p1a: Urshifu|Urshifu-Rapid-Strike, M|34/100
|turn|22
|
|t:|1641773210
|move|p2a: Zeraora|Plasma Fists|p1a: Urshifu
|-supereffective|p1a: Urshifu
|-damage|p1a: Urshifu|0 fnt
|-fieldactivate|move: Ion Deluge
|-hint|Normal-type moves become Electric-type after using Plasma Fists.
|faint|p1a: Urshifu
|
|upkeep
|inactive|Alexspitzcharles has 120 seconds left.
|
|t:|1641773216
|switch|p1a: Gengar|Gengar, M|100/100
|turn|23
|
|t:|1641773221
|move|p1a: Gengar|Sludge Wave|p2a: Zeraora
|-damage|p2a: Zeraora|42/100
|move|p2a: Zeraora|Plasma Fists|p1a: Gengar
|-damage|p1a: Gengar|0 fnt
|-fieldactivate|move: Ion Deluge
|-hint|Normal-type moves become Electric-type after using Plasma Fists.
|-start|p2a: Zeraora|Disable|Plasma Fists|[from] ability: Cursed Body|[of] p1a: Gengar
|faint|p1a: Gengar
|
|upkeep
|
|t:|1641773230
|switch|p1a: Tapu Lele|Tapu Lele|100/100
|-fieldstart|move: Psychic Terrain|[from] ability: Psychic Surge|[of] p1a: Tapu Lele
|turn|24
|
|t:|1641773237
|switch|p2a: Chansey|Chansey, F|100/100
|move|p1a: Tapu Lele|Moonblast|p2a: Chansey
|-damage|p2a: Chansey|75/100
|-unboost|p2a: Chansey|spa|1
|
|upkeep
|turn|25
|-message|Alexspitzcharles forfeited.
|
|win|Immagamer
|raw|Alexspitzcharles's rating: 1246 &rarr; <strong>1223</strong><br />(-23 for losing)
|raw|Immagamer's rating: 1273 &rarr; <strong>1296</strong><br />(+23 for winning)
|l|☆Alexspitzcharles
||Ladder isn't responding, score probably updated but might not have (Request timeout).
