|j|☆Zeraotchoupi
|j|☆ValBat
|t:|1641821481
|gametype|singles
|player|p1|Zeraotchoupi|blue|
|player|p2|ValBat|silver|
|teamsize|p1|6
|teamsize|p2|6
|gen|8
|tier|[Gen 8] OU
|rule|Sleep Clause Mod: Limit one foe put to sleep
|rule|Species Clause: Limit one of each Pokémon
|rule|OHKO Clause: OHKO moves are banned
|rule|Evasion Moves Clause: Evasion moves are banned
|rule|Endless Battle Clause: Forcing endless battles is banned
|rule|HP Percentage Mod: HP is shown in percentages
|rule|Dynamax Clause: You cannot dynamax
|clearpoke
|poke|p1|Zeraora|
|poke|p1|Rotom-Wash|
|poke|p1|Pelipper, M|
|poke|p1|Heliolisk, M|
|poke|p1|Swampert, M|
|poke|p1|Barraskewda, M|
|poke|p2|Krookodile, F|
|poke|p2|Rotom-Wash|
|poke|p2|Incineroar, M|
|poke|p2|Thwackey, F|
|poke|p2|Hawlucha, M|
|poke|p2|Blacephalon|
|teampreview
|inactive|Battle timer is ON: inactive players will automatically lose when time's up. (requested by Zeraotchoupi)
|
|t:|1641821515
|start
|switch|p1a: Rubis|Swampert, M|100/100
|switch|p2a: Rotom|Rotom-Wash|100/100
|turn|1
|
|t:|1641821523
|move|p2a: Rotom|Will-O-Wisp|p1a: Rubis
|-status|p1a: Rubis|brn
|move|p1a: Rubis|Toxic|p2a: Rotom
|-status|p2a: Rotom|tox
|
|-damage|p2a: Rotom|94/100 tox|[from] psn
|-damage|p1a: Rubis|94/100 brn|[from] brn
|upkeep
|turn|2
|
|t:|1641821534
|switch|p2a: Thwackey|Thwackey, F|100/100
|-fieldstart|move: Grassy Terrain|[from] ability: Grassy Surge|[of] p2a: Thwackey
|move|p1a: Rubis|Flip Turn|p2a: Thwackey
|-resisted|p2a: Thwackey
|-damage|p2a: Thwackey|92/100
|
|t:|1641821541
|switch|p1a: Facteur|Pelipper, M, shiny|100/100|[from]move: Flip Turn
|-weather|RainDance|[from] ability: Drizzle|[of] p1a: Facteur
|
|-weather|RainDance|[upkeep]
|-heal|p2a: Thwackey|98/100|[from] Grassy Terrain
|upkeep
|turn|3
|
|t:|1641821563
|switch|p2a: Rotom|Rotom-Wash|94/100 tox
|move|p1a: Facteur|Hurricane|p2a: Rotom
|-resisted|p2a: Rotom
|-damage|p2a: Rotom|75/100 tox
|
|-weather|RainDance|[upkeep]
|-heal|p2a: Rotom|81/100 tox|[from] item: Leftovers
|-damage|p2a: Rotom|75/100 tox|[from] psn
|upkeep
|turn|4
|
|t:|1641821580
|switch|p1a: Rubis|Swampert, M|94/100 brn
|switch|p2a: Thwackey|Thwackey, F|98/100
|
|-weather|RainDance|[upkeep]
|-heal|p2a: Thwackey|100/100|[from] Grassy Terrain
|-heal|p1a: Rubis|100/100 brn|[from] Grassy Terrain
|-damage|p1a: Rubis|94/100 brn|[from] brn
|upkeep
|turn|5
|
|t:|1641821594
|move|p2a: Thwackey|Knock Off|p1a: Rubis
|-damage|p1a: Rubis|69/100 brn
|-enditem|p1a: Rubis|Leftovers|[from] move: Knock Off|[of] p2a: Thwackey
|move|p1a: Rubis|Flip Turn|p2a: Thwackey
|-resisted|p2a: Thwackey
|-damage|p2a: Thwackey|88/100
|
|t:|1641821605
|switch|p1a: Facteur|Pelipper, M, shiny|100/100|[from]move: Flip Turn
|
|-weather|RainDance|[upkeep]
|-heal|p2a: Thwackey|94/100|[from] Grassy Terrain
|upkeep
|turn|6
|inactive|ValBat has 270 seconds left.
|
|t:|1641821629
|switch|p2a: Rotom|Rotom-Wash|75/100 tox
|move|p1a: Facteur|U-turn|p2a: Rotom
|-damage|p2a: Rotom|69/100 tox
|
|t:|1641821638
|switch|p1a: Norbert|Zeraora|100/100|[from]move: U-turn
|
|-weather|RainDance|[upkeep]
|-heal|p2a: Rotom|75/100 tox|[from] item: Leftovers
|-damage|p2a: Rotom|69/100 tox|[from] psn
|-fieldend|move: Grassy Terrain
|upkeep
|turn|7
|inactive|ValBat has 270 seconds left.
|
|t:|1641821657
|switch|p2a: Incineroar|Incineroar, M|100/100
|-ability|p2a: Incineroar|Intimidate|boost
|-unboost|p1a: Norbert|atk|1
|move|p1a: Norbert|Close Combat|p2a: Incineroar
|-supereffective|p2a: Incineroar
|-damage|p2a: Incineroar|31/100
|-unboost|p1a: Norbert|def|1
|-unboost|p1a: Norbert|spd|1
|
|-weather|RainDance|[upkeep]
|upkeep
|turn|8
|inactive|ValBat has 270 seconds left.
|
|t:|1641821669
|switch|p2a: Rotom|Rotom-Wash|69/100 tox
|move|p1a: Norbert|Close Combat|p2a: Rotom
|-damage|p2a: Rotom|38/100 tox
|-unboost|p1a: Norbert|def|1
|-unboost|p1a: Norbert|spd|1
|
|-weather|RainDance|[upkeep]
|-heal|p2a: Rotom|45/100 tox|[from] item: Leftovers
|-damage|p2a: Rotom|38/100 tox|[from] psn
|upkeep
|turn|9
|inactive|ValBat has 270 seconds left.
|
|t:|1641821682
|switch|p1a: Rubis|Swampert, M|69/100 brn
|move|p2a: Rotom|Pain Split|p1a: Rubis
|-sethp|p1a: Rubis|49/100 brn|[from] move: Pain Split|[silent]
|-sethp|p2a: Rotom|65/100 tox|[from] move: Pain Split
|
|-weather|none
|-heal|p2a: Rotom|71/100 tox|[from] item: Leftovers
|-damage|p2a: Rotom|58/100 tox|[from] psn
|-damage|p1a: Rubis|43/100 brn|[from] brn
|upkeep
|turn|10
|inactive|ValBat has 270 seconds left.
|
|t:|1641821711
|move|p2a: Rotom|Pain Split|p1a: Rubis
|-sethp|p1a: Rubis|43/100 brn|[from] move: Pain Split|[silent]
|-sethp|p2a: Rotom|57/100 tox|[from] move: Pain Split
|move|p1a: Rubis|Flip Turn|p2a: Rotom
|-resisted|p2a: Rotom
|-damage|p2a: Rotom|53/100 tox
|
|t:|1641821719
|switch|p1a: Martin|Heliolisk, M, shiny|100/100|[from]move: Flip Turn
|
|-heal|p2a: Rotom|59/100 tox|[from] item: Leftovers
|-damage|p2a: Rotom|41/100 tox|[from] psn
|upkeep
|turn|11
|
|t:|1641821735
|switch|p2a: Blacephalon|Blacephalon|100/100
|move|p1a: Martin|Grass Knot|p2a: Blacephalon
|-resisted|p2a: Blacephalon
|-damage|p2a: Blacephalon|91/100
|
|upkeep
|turn|12
|
|t:|1641821749
|switch|p1a: Rubis|Swampert, M|43/100 brn
|move|p2a: Blacephalon|Shadow Ball|p1a: Rubis
|-damage|p1a: Rubis|2/100 brn
|
|-damage|p1a: Rubis|0 fnt|[from] brn
|faint|p1a: Rubis
|upkeep
|
|t:|1641821759
|switch|p1a: Norbert|Zeraora|100/100
|turn|13
|
|t:|1641821781
|switch|p2a: Krookodile|Krookodile, F|100/100
|move|p1a: Norbert|Knock Off|p2a: Krookodile
|-resisted|p2a: Krookodile
|-damage|p2a: Krookodile|74/100
|-enditem|p2a: Krookodile|Choice Scarf|[from] move: Knock Off|[of] p1a: Norbert
|
|upkeep
|turn|14
|
|t:|1641821798
|switch|p1a: Laveuse|Rotom-Wash|100/100
|move|p2a: Krookodile|Knock Off|p1a: Laveuse
|-crit|p1a: Laveuse
|-damage|p1a: Laveuse|24/100
|-enditem|p1a: Laveuse|Leftovers|[from] move: Knock Off|[of] p2a: Krookodile
|
|upkeep
|turn|15
|
|t:|1641821809
|move|p2a: Krookodile|Knock Off|p1a: Laveuse
|-damage|p1a: Laveuse|0 fnt
|faint|p1a: Laveuse
|-ability|p2a: Krookodile|Moxie|boost
|-boost|p2a: Krookodile|atk|1
|
|upkeep
|
|t:|1641821817
|switch|p1a: Norbert|Zeraora|100/100
|turn|16
|
|t:|1641821826
|switch|p2a: Blacephalon|Blacephalon|91/100
|move|p1a: Norbert|Close Combat|p2a: Blacephalon
|-immune|p2a: Blacephalon
|
|upkeep
|turn|17
|
|t:|1641821835
|switch|p1a: Facteur|Pelipper, M, shiny|100/100
|-weather|RainDance|[from] ability: Drizzle|[of] p1a: Facteur
|move|p2a: Blacephalon|Shadow Ball|p1a: Facteur
|-damage|p1a: Facteur|40/100
|-unboost|p1a: Facteur|spd|1
|
|-weather|RainDance|[upkeep]
|upkeep
|turn|18
|
|t:|1641821847
|switch|p1a: Martin|Heliolisk, M, shiny|100/100
|move|p2a: Blacephalon|Shadow Ball|p1a: Martin
|-immune|p1a: Martin
|
|-weather|RainDance|[upkeep]
|upkeep
|turn|19
|
|t:|1641821863
|switch|p2a: Rotom|Rotom-Wash|41/100 tox
|move|p1a: Martin|Thunder|p2a: Rotom
|-damage|p2a: Rotom|0 fnt
|faint|p2a: Rotom
|
|-weather|RainDance|[upkeep]
|upkeep
|
|t:|1641821877
|switch|p2a: Thwackey|Thwackey, F|94/100
|-fieldstart|move: Grassy Terrain|[from] ability: Grassy Surge|[of] p2a: Thwackey
|turn|20
|
|t:|1641821884
|switch|p1a: Facteur|Pelipper, M, shiny|40/100
|move|p2a: Thwackey|U-turn|p1a: Facteur
|-resisted|p1a: Facteur
|-damage|p1a: Facteur|24/100
|
|t:|1641821892
|switch|p2a: Blacephalon|Blacephalon|91/100|[from]move: U-turn
|
|-weather|RainDance|[upkeep]
|-heal|p2a: Blacephalon|97/100|[from] Grassy Terrain
|upkeep
|turn|21
|
|t:|1641821900
|switch|p1a: Martin|Heliolisk, M, shiny|100/100
|move|p2a: Blacephalon|Psychic|p1a: Martin
|-damage|p1a: Martin|53/100
|
|-weather|RainDance|[upkeep]
|-heal|p1a: Martin|66/100|[from] ability: Dry Skin
|-heal|p1a: Martin|72/100|[from] Grassy Terrain
|-heal|p2a: Blacephalon|100/100|[from] Grassy Terrain
|upkeep
|turn|22
|
|t:|1641821927
|switch|p2a: Krookodile|Krookodile, F|74/100
|move|p1a: Martin|Dark Pulse|p2a: Krookodile
|-resisted|p2a: Krookodile
|-crit|p2a: Krookodile
|-damage|p2a: Krookodile|49/100
|
|-weather|RainDance|[upkeep]
|-heal|p1a: Martin|84/100|[from] ability: Dry Skin
|-heal|p1a: Martin|90/100|[from] Grassy Terrain
|-heal|p2a: Krookodile|55/100|[from] Grassy Terrain
|upkeep
|turn|23
|
|t:|1641821941
|move|p1a: Martin|Dark Pulse|p2a: Krookodile
|-resisted|p2a: Krookodile
|-damage|p2a: Krookodile|38/100
|move|p2a: Krookodile|Knock Off|p1a: Martin
|-crit|p1a: Martin
|-damage|p1a: Martin|0 fnt
|-enditem|p1a: Martin|Choice Scarf|[from] move: Knock Off|[of] p2a: Krookodile
|faint|p1a: Martin
|-ability|p2a: Krookodile|Moxie|boost
|-boost|p2a: Krookodile|atk|1
|
|-weather|RainDance|[upkeep]
|-heal|p2a: Krookodile|44/100|[from] Grassy Terrain
|upkeep
|
|t:|1641821953
|switch|p1a: Monstro|Barraskewda, M, shiny|100/100
|turn|24
|
|t:|1641821964
|move|p1a: Monstro|Liquidation|p2a: Krookodile
|-supereffective|p2a: Krookodile
|-damage|p2a: Krookodile|0 fnt
|faint|p2a: Krookodile
|-damage|p1a: Monstro|91/100|[from] item: Life Orb
|
|-weather|none
|-heal|p1a: Monstro|97/100|[from] Grassy Terrain
|-fieldend|move: Grassy Terrain
|upkeep
|
|t:|1641821974
|switch|p2a: Thwackey|Thwackey, F|94/100
|-fieldstart|move: Grassy Terrain|[from] ability: Grassy Surge|[of] p2a: Thwackey
|turn|25
|
|t:|1641821985
|move|p2a: Thwackey|Grassy Glide|p1a: Monstro
|-supereffective|p1a: Monstro
|-crit|p1a: Monstro
|-damage|p1a: Monstro|0 fnt
|faint|p1a: Monstro
|
|-heal|p2a: Thwackey|99/100|[from] Grassy Terrain
|upkeep
|
|t:|1641821993
|switch|p1a: Norbert|Zeraora|100/100
|turn|26
|
|t:|1641822001
|switch|p2a: Incineroar|Incineroar, M|31/100
|-ability|p2a: Incineroar|Intimidate|boost
|-unboost|p1a: Norbert|atk|1
|move|p1a: Norbert|Knock Off|p2a: Incineroar
|-resisted|p2a: Incineroar
|-damage|p2a: Incineroar|18/100
|-enditem|p2a: Incineroar|Heavy-Duty Boots|[from] move: Knock Off|[of] p1a: Norbert
|
|-heal|p2a: Incineroar|24/100|[from] Grassy Terrain
|upkeep
|turn|27
|inactive|ValBat has 270 seconds left.
|
|t:|1641822014
|switch|p1a: Facteur|Pelipper, M, shiny|24/100
|-weather|RainDance|[from] ability: Drizzle|[of] p1a: Facteur
|move|p2a: Incineroar|Parting Shot|p1a: Facteur
|-unboost|p1a: Facteur|atk|1
|-unboost|p1a: Facteur|spa|1
|inactive|ValBat has 270 seconds left.
|
|t:|1641822022
|switch|p2a: Blacephalon|Blacephalon|100/100|[from]move: Parting Shot
|
|-weather|RainDance|[upkeep]
|upkeep
|turn|28
|
|t:|1641822029
|move|p2a: Blacephalon|Shadow Ball|p1a: Facteur
|-damage|p1a: Facteur|0 fnt
|faint|p1a: Facteur
|-ability|p2a: Blacephalon|Beast Boost|boost
|-boost|p2a: Blacephalon|spa|1
|
|-weather|RainDance|[upkeep]
|upkeep
|
|t:|1641822037
|switch|p1a: Norbert|Zeraora|100/100
|turn|29
|
|t:|1641822040
|move|p2a: Blacephalon|Shadow Ball|p1a: Norbert
|-damage|p1a: Norbert|4/100
|move|p1a: Norbert|Plasma Fists|p2a: Blacephalon
|-damage|p2a: Blacephalon|0 fnt
|-fieldactivate|move: Ion Deluge
|-hint|Normal-type moves become Electric-type after using Plasma Fists.
|faint|p2a: Blacephalon
|
|-weather|RainDance|[upkeep]
|-heal|p1a: Norbert|10/100|[from] Grassy Terrain
|-fieldend|move: Grassy Terrain
|upkeep
|
|t:|1641822054
|switch|p2a: Thwackey|Thwackey, F|99/100
|-fieldstart|move: Grassy Terrain|[from] ability: Grassy Surge|[of] p2a: Thwackey
|turn|30
|
|t:|1641822074
|move|p2a: Thwackey|Grassy Glide|p1a: Norbert
|-damage|p1a: Norbert|0 fnt
|faint|p1a: Norbert
|
|win|ValBat
