|j|☆CaoCao11
|j|☆OverloadAllius
|t:|1641708125
|gametype|singles
|player|p1|CaoCao11|acerola|1436
|player|p2|OverloadAllius|169|1493
|teamsize|p1|6
|teamsize|p2|6
|gen|8
|tier|[Gen 8] OU
|rated|
|rule|Sleep Clause Mod: Limit one foe put to sleep
|rule|Species Clause: Limit one of each Pokémon
|rule|OHKO Clause: OHKO moves are banned
|rule|Evasion Moves Clause: Evasion moves are banned
|rule|Endless Battle Clause: Forcing endless battles is banned
|rule|HP Percentage Mod: HP is shown in percentages
|rule|Dynamax Clause: You cannot dynamax
|clearpoke
|poke|p1|Heatran, M|
|poke|p1|Tornadus-Therian, M|
|poke|p1|Azumarill, F|
|poke|p1|Zeraora|
|poke|p1|Gardevoir, F|
|poke|p1|Tangrowth, M|
|poke|p2|Barraskewda, M|
|poke|p2|Pelipper, M|
|poke|p2|Zapdos|
|poke|p2|Tornadus-Therian, M|
|poke|p2|Swampert, M|
|poke|p2|Ludicolo, M|
|teampreview
|inactive|Battle timer is ON: inactive players will automatically lose when time's up. (requested by CaoCao11)
|c|☆CaoCao11|hf
|
|t:|1641708152
|start
|switch|p1a: Zeraora|Zeraora|100/100
|switch|p2a: Pelipper|Pelipper, M|100/100
|-weather|RainDance|[from] ability: Drizzle|[of] p2a: Pelipper
|turn|1
|
|t:|1641708154
|switch|p2a: Swampert|Swampert, M|100/100
|move|p1a: Zeraora|Toxic|p2a: Swampert
|-status|p2a: Swampert|tox
|
|-weather|RainDance|[upkeep]
|-damage|p2a: Swampert|94/100 tox|[from] psn
|upkeep
|turn|2
|
|t:|1641708158
|switch|p1a: Tornadus|Tornadus-Therian, M, shiny|100/100
|move|p2a: Swampert|Flip Turn|p1a: Tornadus
|-damage|p1a: Tornadus|63/100
|
|t:|1641708166
|switch|p2a: Barraskewda|Barraskewda, M|100/100|[from]move: Flip Turn
|
|-weather|RainDance|[upkeep]
|upkeep
|turn|3
|
|t:|1641708169
|switch|p1a: Tangrowth|Tangrowth, M, shiny|100/100
|move|p2a: Barraskewda|Flip Turn|p1a: Tangrowth
|-resisted|p1a: Tangrowth
|-damage|p1a: Tangrowth|82/100
|-damage|p2a: Barraskewda|84/100|[from] item: Rocky Helmet|[of] p1a: Tangrowth
|
|t:|1641708177
|switch|p2a: Tornadus|Tornadus-Therian, M|100/100|[from]move: Flip Turn
|
|-weather|RainDance|[upkeep]
|upkeep
|turn|4
|
|t:|1641708204
|switch|p1a: Heatran|Heatran, M|100/100
|move|p2a: Tornadus|Hurricane|p1a: Heatran
|-resisted|p1a: Heatran
|-damage|p1a: Heatran|83/100
|
|-weather|RainDance|[upkeep]
|-heal|p1a: Heatran|89/100|[from] item: Leftovers
|upkeep
|turn|5
|
|t:|1641708209
|move|p2a: Tornadus|Nasty Plot|p2a: Tornadus
|-boost|p2a: Tornadus|spa|2
|move|p1a: Heatran|Stealth Rock|p2a: Tornadus
|-sidestart|p2: OverloadAllius|move: Stealth Rock
|
|-weather|RainDance|[upkeep]
|-heal|p1a: Heatran|95/100|[from] item: Leftovers
|upkeep
|turn|6
|
|t:|1641708220
|move|p2a: Tornadus|Focus Blast|p1a: Heatran
|-supereffective|p1a: Heatran
|-crit|p1a: Heatran
|-damage|p1a: Heatran|0 fnt
|faint|p1a: Heatran
|
|-weather|RainDance|[upkeep]
|upkeep
|
|t:|1641708224
|switch|p1a: Zeraora|Zeraora|100/100
|turn|7
|
|t:|1641708226
|switch|p2a: Swampert|Swampert, M|94/100 tox
|-damage|p2a: Swampert|88/100 tox|[from] Stealth Rock
|move|p1a: Zeraora|Plasma Fists|p2a: Swampert
|-immune|p2a: Swampert
|
|-weather|RainDance|[upkeep]
|-heal|p2a: Swampert|94/100 tox|[from] item: Leftovers
|-damage|p2a: Swampert|88/100 tox|[from] psn
|upkeep
|turn|8
|
|t:|1641708229
|switch|p1a: Tangrowth|Tangrowth, M, shiny|100/100
|move|p2a: Swampert|Flip Turn|p1a: Tangrowth
|-resisted|p1a: Tangrowth
|-damage|p1a: Tangrowth|92/100
|-damage|p2a: Swampert|72/100 tox|[from] item: Rocky Helmet|[of] p1a: Tangrowth
|
|t:|1641708239
|switch|p2a: Pelipper|Pelipper, M|100/100|[from]move: Flip Turn
|-damage|p2a: Pelipper|76/100|[from] Stealth Rock
|
|-weather|none
|upkeep
|turn|9
|
|t:|1641708252
|switch|p1a: Tornadus|Tornadus-Therian, M, shiny|96/100
|move|p2a: Pelipper|Defog|p1a: Tornadus
|-unboost|p1a: Tornadus|evasion|1
|-sideend|p2: OverloadAllius|Stealth Rock|[from] move: Defog|[of] p2a: Pelipper
|
|upkeep
|turn|10
|
|t:|1641708261
|switch|p2a: Swampert|Swampert, M|72/100 tox
|move|p1a: Tornadus|Knock Off|p2a: Swampert
|-damage|p2a: Swampert|52/100 tox
|-enditem|p2a: Swampert|Leftovers|[from] move: Knock Off|[of] p1a: Tornadus
|
|-damage|p2a: Swampert|46/100 tox|[from] psn
|upkeep
|turn|11
|
|t:|1641708267
|move|p1a: Tornadus|Hurricane|p2a: Swampert|[miss]
|-miss|p1a: Tornadus|p2a: Swampert
|move|p2a: Swampert|Flip Turn|p1a: Tornadus
|-damage|p1a: Tornadus|70/100
|
|t:|1641708274
|switch|p2a: Zapdos|Zapdos|100/100|[from]move: Flip Turn
|
|upkeep
|turn|12
|
|t:|1641708282
|switch|p1a: Zeraora|Zeraora|100/100
|switch|p2a: Pelipper|Pelipper, M|76/100
|-weather|RainDance|[from] ability: Drizzle|[of] p2a: Pelipper
|
|-weather|RainDance|[upkeep]
|upkeep
|turn|13
|
|t:|1641708287
|switch|p2a: Swampert|Swampert, M|46/100 tox
|move|p1a: Zeraora|Plasma Fists|p2a: Swampert
|-immune|p2a: Swampert
|
|-weather|RainDance|[upkeep]
|-damage|p2a: Swampert|40/100 tox|[from] psn
|upkeep
|turn|14
|
|t:|1641708289
|switch|p1a: Tornadus|Tornadus-Therian, M, shiny|100/100
|move|p2a: Swampert|Flip Turn|p1a: Tornadus
|-damage|p1a: Tornadus|61/100
|
|t:|1641708301
|switch|p2a: Ludicolo|Ludicolo, M|100/100|[from]move: Flip Turn
|
|-weather|RainDance|[upkeep]
|upkeep
|turn|15
|
|t:|1641708311
|move|p2a: Ludicolo|Weather Ball|p1a: Tornadus
|-damage|p1a: Tornadus|0 fnt
|faint|p1a: Tornadus
|-damage|p2a: Ludicolo|91/100|[from] item: Life Orb
|
|-weather|RainDance|[upkeep]
|upkeep
|
|t:|1641708333
|switch|p1a: Azumarill|Azumarill, F, shiny|100/100
|turn|16
|
|t:|1641708335
|switch|p1a: Tangrowth|Tangrowth, M, shiny|100/100
|move|p2a: Ludicolo|Giga Drain|p1a: Tangrowth
|-resisted|p1a: Tangrowth
|-damage|p1a: Tangrowth|70/100
|-heal|p2a: Ludicolo|100/100|[from] drain|[of] p1a: Tangrowth
|-damage|p2a: Ludicolo|91/100|[from] item: Life Orb
|
|-weather|RainDance|[upkeep]
|upkeep
|turn|17
|
|t:|1641708339
|move|p2a: Ludicolo|Ice Beam|p1a: Tangrowth
|-supereffective|p1a: Tangrowth
|-damage|p1a: Tangrowth|0 fnt
|faint|p1a: Tangrowth
|-damage|p2a: Ludicolo|81/100|[from] item: Life Orb
|
|-weather|RainDance|[upkeep]
|upkeep
|
|t:|1641708341
|switch|p1a: Gardevoir|Gardevoir, F|100/100
|-ability|p1a: Gardevoir|Swift Swim|[from] ability: Trace|[of] p2a: Ludicolo
|turn|18
|
|t:|1641708342
|move|p1a: Gardevoir|Moonblast|p2a: Ludicolo
|-damage|p2a: Ludicolo|30/100
|move|p2a: Ludicolo|Weather Ball|p1a: Gardevoir
|-damage|p1a: Gardevoir|6/100
|-damage|p2a: Ludicolo|20/100|[from] item: Life Orb
|
|-weather|RainDance|[upkeep]
|upkeep
|turn|19
|
|t:|1641708370
|move|p1a: Gardevoir|Moonblast|p2a: Ludicolo
|-damage|p2a: Ludicolo|0 fnt
|faint|p2a: Ludicolo
|
|-weather|none
|upkeep
|
|t:|1641708372
|switch|p2a: Pelipper|Pelipper, M|76/100
|-weather|RainDance|[from] ability: Drizzle|[of] p2a: Pelipper
|turn|20
|
|t:|1641708378
|switch|p1a: Azumarill|Azumarill, F, shiny|100/100
|move|p2a: Pelipper|U-turn|p1a: Azumarill
|-resisted|p1a: Azumarill
|-damage|p1a: Azumarill|96/100
|
|t:|1641708384
|switch|p2a: Zapdos|Zapdos|100/100|[from]move: U-turn
|
|-weather|RainDance|[upkeep]
|upkeep
|turn|21
|
|t:|1641708387
|switch|p1a: Zeraora|Zeraora|100/100
|move|p2a: Zapdos|Hurricane|p1a: Zeraora
|-resisted|p1a: Zeraora
|-damage|p1a: Zeraora|65/100
|-start|p1a: Zeraora|confusion
|
|-weather|RainDance|[upkeep]
|upkeep
|turn|22
|
|t:|1641708393
|-activate|p1a: Zeraora|confusion
|move|p1a: Zeraora|Plasma Fists|p2a: Zapdos
|-damage|p2a: Zapdos|42/100
|-fieldactivate|move: Ion Deluge
|-hint|Normal-type moves become Electric-type after using Plasma Fists.
|move|p2a: Zapdos|Weather Ball|p1a: Zeraora
|-damage|p1a: Zeraora|4/100
|
|-weather|RainDance|[upkeep]
|upkeep
|turn|23
|
|t:|1641708403
|switch|p2a: Swampert|Swampert, M|40/100 tox
|-activate|p1a: Zeraora|confusion
|move|p1a: Zeraora|Plasma Fists|p2a: Swampert
|-immune|p2a: Swampert
|
|-weather|RainDance|[upkeep]
|-damage|p2a: Swampert|33/100 tox|[from] psn
|upkeep
|turn|24
|
|t:|1641708431
|switch|p1a: Azumarill|Azumarill, F, shiny|96/100
|move|p2a: Swampert|Flip Turn|p1a: Azumarill
|-resisted|p1a: Azumarill
|-damage|p1a: Azumarill|77/100
|
|t:|1641708439
|switch|p2a: Zapdos|Zapdos|42/100|[from]move: Flip Turn
|
|-weather|RainDance|[upkeep]
|upkeep
|turn|25
|
|t:|1641708446
|move|p1a: Azumarill|Aqua Jet|p2a: Zapdos
|-damage|p2a: Zapdos|0 fnt
|faint|p2a: Zapdos
|
|-weather|RainDance|[upkeep]
|upkeep
|
|t:|1641708461
|switch|p2a: Barraskewda|Barraskewda, M|84/100
|turn|26
|
|t:|1641708463
|move|p1a: Azumarill|Aqua Jet|p2a: Barraskewda
|-resisted|p2a: Barraskewda
|-damage|p2a: Barraskewda|33/100
|move|p2a: Barraskewda|Liquidation|p1a: Azumarill
|-resisted|p1a: Azumarill
|-damage|p1a: Azumarill|18/100
|
|-weather|RainDance|[upkeep]
|upkeep
|turn|27
|
|t:|1641708470
|switch|p2a: Swampert|Swampert, M|33/100 tox
|move|p1a: Azumarill|Aqua Jet|p2a: Swampert
|-damage|p2a: Swampert|0 fnt
|faint|p2a: Swampert
|
|-weather|none
|upkeep
|
|t:|1641708472
|switch|p2a: Tornadus|Tornadus-Therian, M|100/100
|turn|28
|inactive|CaoCao11 has 120 seconds left.
|
|t:|1641708502
|move|p1a: Azumarill|Aqua Jet|p2a: Tornadus
|-damage|p2a: Tornadus|46/100
|move|p2a: Tornadus|Hurricane|p1a: Azumarill
|-damage|p1a: Azumarill|0 fnt
|faint|p1a: Azumarill
|
|upkeep
|
|t:|1641708506
|switch|p1a: Zeraora|Zeraora|4/100
|turn|29
|
|t:|1641708519
|move|p1a: Zeraora|Plasma Fists|p2a: Tornadus
|-supereffective|p2a: Tornadus
|-damage|p2a: Tornadus|0 fnt
|-fieldactivate|move: Ion Deluge
|-hint|Normal-type moves become Electric-type after using Plasma Fists.
|faint|p2a: Tornadus
|
|upkeep
|
|t:|1641708521
|switch|p2a: Pelipper|Pelipper, M|76/100
|-weather|RainDance|[from] ability: Drizzle|[of] p2a: Pelipper
|turn|30
|
|t:|1641708523
|move|p1a: Zeraora|Plasma Fists|p2a: Pelipper
|-supereffective|p2a: Pelipper
|-damage|p2a: Pelipper|0 fnt
|-fieldactivate|move: Ion Deluge
|-hint|Normal-type moves become Electric-type after using Plasma Fists.
|faint|p2a: Pelipper
|
|-weather|RainDance|[upkeep]
|upkeep
|
|t:|1641708525
|switch|p2a: Barraskewda|Barraskewda, M|33/100
|turn|31
|
|t:|1641708527
|move|p2a: Barraskewda|Liquidation|p1a: Zeraora
|-crit|p1a: Zeraora
|-damage|p1a: Zeraora|0 fnt
|faint|p1a: Zeraora
|
|-weather|RainDance|[upkeep]
|upkeep
|
|t:|1641708529
|switch|p1a: Gardevoir|Gardevoir, F|6/100
|-ability|p1a: Gardevoir|Swift Swim|[from] ability: Trace|[of] p2a: Barraskewda
|turn|32
|
|t:|1641708531
|move|p1a: Gardevoir|Moonblast|p2a: Barraskewda
|-damage|p2a: Barraskewda|0 fnt
|faint|p2a: Barraskewda
|
|win|CaoCao11
|raw|CaoCao11's rating: 1436 &rarr; <strong>1459</strong><br />(+23 for winning)
|raw|OverloadAllius's rating: 1493 &rarr; <strong>1470</strong><br />(-23 for losing)
|c|☆CaoCao11|gg
|l|☆OverloadAllius
