|j|☆Estavayer
|j|☆Smart Falcon
|t:|1641857702
|gametype|singles
|player|p1|Estavayer|fisherman-gen4|1376
|player|p2|Smart Falcon|shauntal|1344
|teamsize|p1|6
|teamsize|p2|6
|gen|8
|tier|[Gen 8] OU
|rated|
|rule|Sleep Clause Mod: Limit one foe put to sleep
|rule|Species Clause: Limit one of each Pokémon
|rule|OHKO Clause: OHKO moves are banned
|rule|Evasion Moves Clause: Evasion moves are banned
|rule|Endless Battle Clause: Forcing endless battles is banned
|rule|HP Percentage Mod: HP is shown in percentages
|rule|Dynamax Clause: You cannot dynamax
|clearpoke
|poke|p1|Poliwrath, M|
|poke|p1|Ferrothorn, M|
|poke|p1|Clefable, M|
|poke|p1|Pelipper, M|
|poke|p1|Zapdos|
|poke|p1|Landorus-Therian, M|
|poke|p2|Tyranitar, M|
|poke|p2|Clefable, F|
|poke|p2|Excadrill, M|
|poke|p2|Kartana|
|poke|p2|Zapdos|
|poke|p2|Cloyster, M|
|teampreview
|inactive|Battle timer is ON: inactive players will automatically lose when time's up. (requested by Estavayer)
|
|t:|1641857711
|start
|switch|p1a: Landorus|Landorus-Therian, M|100/100
|switch|p2a: Cloyster|Cloyster, M|100/100
|-ability|p1a: Landorus|Intimidate|boost
|-unboost|p2a: Cloyster|atk|1
|turn|1
|
|t:|1641857716
|move|p1a: Landorus|U-turn|p2a: Cloyster
|-damage|p2a: Cloyster|77/100
|
|t:|1641857728
|switch|p1a: Clefable|Clefable, M|100/100|[from]move: U-turn
|move|p2a: Cloyster|Shell Smash|p2a: Cloyster
|-unboost|p2a: Cloyster|def|1
|-unboost|p2a: Cloyster|spd|1
|-boost|p2a: Cloyster|atk|2
|-boost|p2a: Cloyster|spa|2
|-boost|p2a: Cloyster|spe|2
|
|upkeep
|turn|2
|
|t:|1641857732
|move|p2a: Cloyster|Icicle Spear|p1a: Clefable
|-damage|p1a: Clefable|93/100
|-damage|p1a: Clefable|83/100
|-damage|p1a: Clefable|74/100
|-damage|p1a: Clefable|65/100
|-damage|p1a: Clefable|57/100
|-hitcount|p1a: Clefable|5
|move|p1a: Clefable|Thunder Wave|p2a: Cloyster
|-status|p2a: Cloyster|par
|
|upkeep
|turn|3
|
|t:|1641857737
|cant|p2a: Cloyster|par
|move|p1a: Clefable|Moonblast|p2a: Cloyster
|-damage|p2a: Cloyster|0 fnt
|faint|p2a: Cloyster
|
|upkeep
|
|t:|1641857741
|switch|p2a: Kartana|Kartana|100/100
|turn|4
|
|t:|1641857750
|switch|p1a: Landorus|Landorus-Therian, M|100/100
|-ability|p1a: Landorus|Intimidate|boost
|-unboost|p2a: Kartana|atk|1
|move|p2a: Kartana|Swords Dance|p2a: Kartana
|-boost|p2a: Kartana|atk|2
|
|upkeep
|turn|5
|inactive|Estavayer has 120 seconds left.
|
|t:|1641857785
|move|p1a: Landorus|U-turn|p2a: Kartana
|-damage|p2a: Kartana|73/100
|
|t:|1641857787
|switch|p1a: Pelipper|Pelipper, M|100/100|[from]move: U-turn
|-weather|RainDance|[from] ability: Drizzle|[of] p1a: Pelipper
|move|p2a: Kartana|Leaf Blade|p1a: Pelipper
|-crit|p1a: Pelipper
|-damage|p1a: Pelipper|0 fnt
|faint|p1a: Pelipper
|-ability|p2a: Kartana|Beast Boost|boost
|-boost|p2a: Kartana|atk|1
|-damage|p2a: Kartana|63/100|[from] item: Life Orb
|
|-weather|RainDance|[upkeep]
|upkeep
|
|t:|1641857789
|switch|p1a: Poliwrath|Poliwrath, M|100/100
|turn|6
|
|t:|1641857794
|switch|p2a: Zapdos|Zapdos|100/100
|move|p1a: Poliwrath|Close Combat|p2a: Zapdos
|-resisted|p2a: Zapdos
|-damage|p2a: Zapdos|80/100
|-unboost|p1a: Poliwrath|def|1
|-unboost|p1a: Poliwrath|spd|1
|
|-weather|RainDance|[upkeep]
|upkeep
|turn|7
|
|t:|1641857798
|move|p1a: Poliwrath|Liquidation|p2a: Zapdos
|-crit|p2a: Zapdos
|-damage|p2a: Zapdos|12/100
|move|p2a: Zapdos|Roost|p2a: Zapdos
|-heal|p2a: Zapdos|62/100
|-singleturn|p2a: Zapdos|move: Roost
|
|-weather|RainDance|[upkeep]
|upkeep
|turn|8
|
|t:|1641857802
|move|p1a: Poliwrath|Liquidation|p2a: Zapdos
|-damage|p2a: Zapdos|18/100
|move|p2a: Zapdos|Roost|p2a: Zapdos
|-heal|p2a: Zapdos|68/100
|-singleturn|p2a: Zapdos|move: Roost
|
|-weather|RainDance|[upkeep]
|upkeep
|turn|9
|
|t:|1641857812
|move|p1a: Poliwrath|Belly Drum|p1a: Poliwrath
|-damage|p1a: Poliwrath|50/100
|-setboost|p1a: Poliwrath|atk|6|[from] move: Belly Drum
|-enditem|p1a: Poliwrath|Sitrus Berry|[eat]
|-heal|p1a: Poliwrath|75/100|[from] item: Sitrus Berry
|move|p2a: Zapdos|Roost|p2a: Zapdos
|-heal|p2a: Zapdos|100/100
|-singleturn|p2a: Zapdos|move: Roost
|
|-weather|RainDance|[upkeep]
|upkeep
|turn|10
|
|t:|1641857817
|switch|p2a: Clefable|Clefable, F, shiny|100/100
|move|p1a: Poliwrath|Liquidation|p2a: Clefable
|-damage|p2a: Clefable|52/100
|
|-weather|RainDance|[upkeep]
|-heal|p2a: Clefable|58/100|[from] item: Leftovers
|upkeep
|turn|11
|
|t:|1641857828
|move|p1a: Poliwrath|Liquidation|p2a: Clefable
|-damage|p2a: Clefable|12/100
|move|p2a: Clefable|Moonblast|p1a: Poliwrath
|-supereffective|p1a: Poliwrath
|-damage|p1a: Poliwrath|2/100
|
|-weather|RainDance|[upkeep]
|-heal|p2a: Clefable|19/100|[from] item: Leftovers
|upkeep
|turn|12
|
|t:|1641857833
|move|p1a: Poliwrath|Liquidation|p2a: Clefable
|-damage|p2a: Clefable|0 fnt
|faint|p2a: Clefable
|
|-weather|none
|upkeep
|
|t:|1641857839
|switch|p2a: Kartana|Kartana|63/100
|turn|13
|
|t:|1641857843
|move|p2a: Kartana|Leaf Blade|p1a: Poliwrath
|-supereffective|p1a: Poliwrath
|-damage|p1a: Poliwrath|0 fnt
|faint|p1a: Poliwrath
|-ability|p2a: Kartana|Beast Boost|boost
|-boost|p2a: Kartana|atk|1
|-damage|p2a: Kartana|54/100|[from] item: Life Orb
|
|upkeep
|
|t:|1641857855
|switch|p1a: Zapdos|Zapdos|100/100
|turn|14
|
|t:|1641857857
|move|p2a: Kartana|Knock Off|p1a: Zapdos
|-damage|p1a: Zapdos|1/100
|-enditem|p1a: Zapdos|Heavy-Duty Boots|[from] move: Knock Off|[of] p2a: Kartana
|-damage|p2a: Kartana|44/100|[from] item: Life Orb
|move|p1a: Zapdos|Hurricane|p2a: Kartana
|-damage|p2a: Kartana|0 fnt
|faint|p2a: Kartana
|
|upkeep
|
|t:|1641857866
|switch|p2a: Tyranitar|Tyranitar, M|100/100
|-weather|Sandstorm|[from] ability: Sand Stream|[of] p2a: Tyranitar
|turn|15
|
|t:|1641857873
|move|p1a: Zapdos|Thunder|p2a: Tyranitar
|-damage|p2a: Tyranitar|85/100
|move|p2a: Tyranitar|Stone Edge|p1a: Zapdos
|-supereffective|p1a: Zapdos
|-damage|p1a: Zapdos|0 fnt
|faint|p1a: Zapdos
|
|-weather|Sandstorm|[upkeep]
|upkeep
|
|t:|1641857891
|switch|p1a: Ferrothorn|Ferrothorn, M|100/100
|turn|16
|
|t:|1641857894
|switch|p2a: Zapdos|Zapdos|100/100
|move|p1a: Ferrothorn|Knock Off|p2a: Zapdos
|-damage|p2a: Zapdos|86/100
|-enditem|p2a: Zapdos|Heavy-Duty Boots|[from] move: Knock Off|[of] p1a: Ferrothorn
|
|-weather|Sandstorm|[upkeep]
|-damage|p2a: Zapdos|80/100|[from] Sandstorm
|upkeep
|turn|17
|
|t:|1641857902
|move|p2a: Zapdos|Heat Wave|p1a: Ferrothorn
|-supereffective|p1a: Ferrothorn
|-damage|p1a: Ferrothorn|35/100
|move|p1a: Ferrothorn|Stealth Rock|p2a: Zapdos
|-sidestart|p2: Smart Falcon|move: Stealth Rock
|
|-weather|Sandstorm|[upkeep]
|-damage|p2a: Zapdos|74/100|[from] Sandstorm
|-heal|p1a: Ferrothorn|41/100|[from] item: Leftovers
|upkeep
|turn|18
|
|t:|1641857911
|switch|p1a: Clefable|Clefable, M|57/100
|move|p2a: Zapdos|Roost|p2a: Zapdos
|-heal|p2a: Zapdos|100/100
|-singleturn|p2a: Zapdos|move: Roost
|
|-weather|Sandstorm|[upkeep]
|-damage|p2a: Zapdos|94/100|[from] Sandstorm
|-damage|p1a: Clefable|51/100|[from] Sandstorm
|upkeep
|turn|19
|
|t:|1641857915
|move|p2a: Zapdos|Hurricane|p1a: Clefable|[miss]
|-miss|p2a: Zapdos|p1a: Clefable
|move|p1a: Clefable|Soft-Boiled|p1a: Clefable
|-heal|p1a: Clefable|100/100
|
|-weather|none
|upkeep
|turn|20
|
|t:|1641857919
|move|p2a: Zapdos|Hurricane|p1a: Clefable
|-damage|p1a: Clefable|63/100
|move|p1a: Clefable|Moonblast|p2a: Zapdos
|-damage|p2a: Zapdos|65/100
|
|upkeep
|turn|21
|
|t:|1641857924
|move|p2a: Zapdos|Volt Switch|p1a: Clefable
|-damage|p1a: Clefable|37/100
|
|t:|1641857926
|switch|p2a: Excadrill|Excadrill, M|100/100|[from]move: Volt Switch
|-damage|p2a: Excadrill|97/100|[from] Stealth Rock
|move|p1a: Clefable|Moonblast|p2a: Excadrill
|-resisted|p2a: Excadrill
|-damage|p2a: Excadrill|78/100
|-unboost|p2a: Excadrill|spa|1
|
|upkeep
|turn|22
|
|t:|1641857937
|move|p2a: Excadrill|Rapid Spin|p1a: Clefable
|-damage|p1a: Clefable|18/100
|-boost|p2a: Excadrill|spe|1
|-sideend|p2: Smart Falcon|Stealth Rock|[from] move: Rapid Spin|[of] p2a: Excadrill
|-damage|p2a: Excadrill|68/100|[from] item: Life Orb
|move|p1a: Clefable|Healing Wish|p1a: Clefable
|faint|p1a: Clefable
|
|upkeep
|
|t:|1641857950
|switch|p1a: Ferrothorn|Ferrothorn, M|41/100
|-heal|p1a: Ferrothorn|100/100|[from] move: Healing Wish
|turn|23
|
|t:|1641857956
|switch|p2a: Zapdos|Zapdos|65/100
|move|p1a: Ferrothorn|Knock Off|p2a: Zapdos
|-damage|p2a: Zapdos|55/100
|
|upkeep
|turn|24
|
|t:|1641857963
|switch|p1a: Landorus|Landorus-Therian, M|100/100
|-ability|p1a: Landorus|Intimidate|boost
|-unboost|p2a: Zapdos|atk|1
|move|p2a: Zapdos|Roost|p2a: Zapdos
|-heal|p2a: Zapdos|100/100
|-singleturn|p2a: Zapdos|move: Roost
|
|upkeep
|turn|25
|
|t:|1641857975
|move|p1a: Landorus|Knock Off|p2a: Zapdos
|-damage|p2a: Zapdos|82/100
|move|p2a: Zapdos|Hurricane|p1a: Landorus
|-damage|p1a: Landorus|45/100
|
|upkeep
|turn|26
|
|t:|1641857979
|switch|p1a: Ferrothorn|Ferrothorn, M|100/100
|move|p2a: Zapdos|Hurricane|p1a: Ferrothorn
|-damage|p1a: Ferrothorn|72/100
|-start|p1a: Ferrothorn|confusion
|
|-heal|p1a: Ferrothorn|78/100|[from] item: Leftovers
|upkeep
|turn|27
|
|t:|1641857984
|move|p2a: Zapdos|Heat Wave|p1a: Ferrothorn
|-supereffective|p1a: Ferrothorn
|-damage|p1a: Ferrothorn|9/100
|-status|p1a: Ferrothorn|brn
|-activate|p1a: Ferrothorn|confusion
|move|p1a: Ferrothorn|Iron Head|p2a: Zapdos
|-resisted|p2a: Zapdos
|-damage|p2a: Zapdos|77/100
|
|-heal|p1a: Ferrothorn|15/100 brn|[from] item: Leftovers
|-damage|p1a: Ferrothorn|9/100 brn|[from] brn
|upkeep
|turn|28
|-message|Estavayer forfeited.
|
|win|Smart Falcon
|raw|Estavayer's rating: 1376 &rarr; <strong>1354</strong><br />(-22 for losing)
|raw|Smart Falcon's rating: 1344 &rarr; <strong>1366</strong><br />(+22 for winning)
|l|☆Estavayer
