|j|☆Antares
|j|☆Large owl
|t:|1641742336
|gametype|singles
|player|p1|Antares|galacticgrunt|1609
|player|p2|Large owl|preschooler|1631
|teamsize|p1|6
|teamsize|p2|6
|gen|8
|tier|[Gen 8] OU
|rated|
|rule|Sleep Clause Mod: Limit one foe put to sleep
|rule|Species Clause: Limit one of each Pokémon
|rule|OHKO Clause: OHKO moves are banned
|rule|Evasion Moves Clause: Evasion moves are banned
|rule|Endless Battle Clause: Forcing endless battles is banned
|rule|HP Percentage Mod: HP is shown in percentages
|rule|Dynamax Clause: You cannot dynamax
|clearpoke
|poke|p1|Shuckle, M|
|poke|p1|Dragapult, F|
|poke|p1|Regieleki|
|poke|p1|Kartana|
|poke|p1|Tornadus-Therian, M|
|poke|p1|Urshifu-*, F|
|poke|p2|Thundurus, M|
|poke|p2|Weavile, F|
|poke|p2|Rillaboom, F|
|poke|p2|Landorus-Therian, M|
|poke|p2|Heatran, F|
|poke|p2|Tapu Fini|
|teampreview
|
|t:|1641742345
|start
|switch|p1a: Shuckle|Shuckle, M|100/100
|switch|p2a: Landorus|Landorus-Therian, M|100/100
|-ability|p2a: Landorus|Intimidate|boost
|-unboost|p1a: Shuckle|atk|1
|turn|1
|j| GLA1V3
|
|t:|1641742354
|move|p2a: Landorus|Imprison|p2a: Landorus
|-start|p2a: Landorus|move: Imprison
|move|p1a: Shuckle|Sticky Web|p2a: Landorus
|-sidestart|p2: Large owl|move: Sticky Web
|
|upkeep
|turn|2
|
|t:|1641742357
|move|p2a: Landorus|Stealth Rock|p1a: Shuckle
|-sidestart|p1: Antares|move: Stealth Rock
|move|p1a: Shuckle|Toxic|p2a: Landorus
|-status|p2a: Landorus|tox
|
|-damage|p2a: Landorus|95/100 tox|[from] psn
|upkeep
|turn|3
|
|t:|1641742360
|move|p2a: Landorus|Earthquake|p1a: Shuckle
|-damage|p1a: Shuckle|61/100
|move|p1a: Shuckle|Encore|p2a: Landorus
|-start|p2a: Landorus|Encore
|
|-damage|p2a: Landorus|83/100 tox|[from] psn
|upkeep
|turn|4
|
|t:|1641742363
|switch|p1a: Tornadus|Tornadus-Therian, M|100/100
|move|p2a: Landorus|Earthquake|p1a: Tornadus
|-immune|p1a: Tornadus
|
|-damage|p2a: Landorus|65/100 tox|[from] psn
|upkeep
|turn|5
|
|t:|1641742370
|move|p1a: Tornadus|Nasty Plot|p1a: Tornadus
|-boost|p1a: Tornadus|spa|2
|move|p2a: Landorus|Earthquake|p1a: Tornadus
|-immune|p1a: Tornadus
|
|-damage|p2a: Landorus|41/100 tox|[from] psn
|upkeep
|turn|6
|
|t:|1641742376
|move|p1a: Tornadus|Hurricane|p2a: Landorus
|-damage|p2a: Landorus|0 fnt
|faint|p2a: Landorus
|
|upkeep
|
|t:|1641742379
|switch|p2a: Weavile|Weavile, F|100/100
|-ability|p2a: Weavile|Pressure
|turn|7
|
|t:|1641742384
|switch|p1a: Shuckle|Shuckle, M|61/100
|-damage|p1a: Shuckle|36/100|[from] Stealth Rock
|move|p2a: Weavile|Triple Axel|p1a: Shuckle
|-damage|p1a: Shuckle|28/100
|-hitcount|p1a: Shuckle|1
|
|upkeep
|turn|8
|j| Ehtesham123
|
|t:|1641742393
|move|p2a: Weavile|Knock Off|p1a: Shuckle
|-damage|p1a: Shuckle|0 fnt
|-enditem|p1a: Shuckle|Mental Herb|[from] move: Knock Off|[of] p2a: Weavile
|faint|p1a: Shuckle
|
|upkeep
|
|t:|1641742399
|switch|p1a: Urshifu|Urshifu-Rapid-Strike, F|100/100
|-damage|p1a: Urshifu|94/100|[from] Stealth Rock
|turn|9
|
|t:|1641742410
|switch|p2a: Tapu Fini|Tapu Fini|100/100
|-activate|p2a: Tapu Fini|move: Sticky Web
|-unboost|p2a: Tapu Fini|spe|1
|-fieldstart|move: Misty Terrain|[from] ability: Misty Surge|[of] p2a: Tapu Fini
|move|p1a: Urshifu|U-turn|p2a: Tapu Fini
|-resisted|p2a: Tapu Fini
|-damage|p2a: Tapu Fini|89/100
|
|t:|1641742414
|switch|p1a: Regieleki|Regieleki|100/100|[from]move: U-turn
|
|-heal|p2a: Tapu Fini|95/100|[from] item: Leftovers
|upkeep
|turn|10
|
|t:|1641742427
|move|p1a: Regieleki|Volt Switch|p2a: Tapu Fini
|-supereffective|p2a: Tapu Fini
|-damage|p2a: Tapu Fini|16/100
|
|t:|1641742437
|switch|p1a: Tornadus|Tornadus-Therian, M|100/100|[from]move: Volt Switch
|move|p2a: Tapu Fini|Surf|p1a: Tornadus
|-damage|p1a: Tornadus|60/100
|
|-heal|p2a: Tapu Fini|22/100|[from] item: Leftovers
|upkeep
|turn|11
|j| Shawty Lo
|
|t:|1641742448
|switch|p2a: Thundurus|Thundurus, M|100/100
|move|p1a: Tornadus|Hurricane|p2a: Thundurus
|-resisted|p2a: Thundurus
|-damage|p2a: Thundurus|65/100
|
|upkeep
|turn|12
|
|t:|1641742459
|switch|p1a: Regieleki|Regieleki|100/100
|move|p2a: Thundurus|Fly||[still]
|-prepare|p2a: Thundurus|Fly
|-enditem|p2a: Thundurus|Power Herb
|-anim|p2a: Thundurus|Fly|p1a: Regieleki
|-resisted|p1a: Regieleki
|-damage|p1a: Regieleki|57/100
|
|upkeep
|turn|13
|
|t:|1641742467
|switch|p2a: Tapu Fini|Tapu Fini|22/100
|-activate|p2a: Tapu Fini|move: Sticky Web
|-unboost|p2a: Tapu Fini|spe|1
|move|p1a: Regieleki|Rapid Spin|p2a: Tapu Fini
|-crit|p2a: Tapu Fini
|-damage|p2a: Tapu Fini|10/100
|-boost|p1a: Regieleki|spe|1
|-sideend|p1: Antares|Stealth Rock|[from] move: Rapid Spin|[of] p1a: Regieleki
|
|-heal|p2a: Tapu Fini|17/100|[from] item: Leftovers
|-fieldend|Misty Terrain
|upkeep
|turn|14
|j| Ryuken testing
|
|t:|1641742470
|move|p1a: Regieleki|Thunderbolt|p2a: Tapu Fini
|-supereffective|p2a: Tapu Fini
|-damage|p2a: Tapu Fini|0 fnt
|faint|p2a: Tapu Fini
|
|upkeep
|
|t:|1641742475
|switch|p2a: Rillaboom|Rillaboom, F|100/100
|-activate|p2a: Rillaboom|move: Sticky Web
|-unboost|p2a: Rillaboom|spe|1
|-fieldstart|move: Grassy Terrain|[from] ability: Grassy Surge|[of] p2a: Rillaboom
|-enditem|p2a: Rillaboom|Grassy Seed
|-boost|p2a: Rillaboom|def|1|[from] item: Grassy Seed
|turn|15
|
|t:|1641742481
|switch|p1a: Tornadus|Tornadus-Therian, M|93/100
|move|p2a: Rillaboom|Acrobatics|p1a: Tornadus
|-damage|p1a: Tornadus|38/100
|
|upkeep
|turn|16
|
|t:|1641742489
|switch|p2a: Heatran|Heatran, F|100/100
|-activate|p2a: Heatran|move: Sticky Web
|-unboost|p2a: Heatran|spe|1
|move|p1a: Tornadus|Hurricane|p2a: Heatran
|-resisted|p2a: Heatran
|-damage|p2a: Heatran|77/100
|
|-heal|p2a: Heatran|83/100|[from] Grassy Terrain
|upkeep
|turn|17
|
|t:|1641742494
|switch|p1a: Urshifu|Urshifu-Rapid-Strike, F|94/100
|move|p2a: Heatran|Fire Blast|p1a: Urshifu|[miss]
|-miss|p2a: Heatran|p1a: Urshifu
|
|-heal|p1a: Urshifu|100/100|[from] Grassy Terrain
|-heal|p2a: Heatran|89/100|[from] Grassy Terrain
|upkeep
|turn|18
|
|t:|1641742500
|move|p1a: Urshifu|Close Combat|p2a: Heatran
|-supereffective|p2a: Heatran
|-damage|p2a: Heatran|0 fnt
|-unboost|p1a: Urshifu|def|1
|-unboost|p1a: Urshifu|spd|1
|faint|p2a: Heatran
|
|upkeep
|
|t:|1641742508
|switch|p2a: Thundurus|Thundurus, M|65/100
|turn|19
|
|t:|1641742513
|switch|p1a: Dragapult|Dragapult, F|100/100
|move|p2a: Thundurus|Superpower|p1a: Dragapult
|-immune|p1a: Dragapult
|
|-fieldend|move: Grassy Terrain
|upkeep
|turn|20
|
|t:|1641742517
|move|p1a: Dragapult|Shadow Ball|p2a: Thundurus
|-damage|p2a: Thundurus|0 fnt
|faint|p2a: Thundurus
|
|upkeep
|
|t:|1641742520
|switch|p2a: Weavile|Weavile, F|100/100
|-ability|p2a: Weavile|Pressure
|turn|21
|
|t:|1641742525
|move|p1a: Dragapult|Shadow Ball|p2a: Weavile
|-resisted|p2a: Weavile
|-damage|p2a: Weavile|67/100
|-unboost|p2a: Weavile|spd|1
|move|p2a: Weavile|Swords Dance|p2a: Weavile
|-boost|p2a: Weavile|atk|2
|
|upkeep
|turn|22
|
|t:|1641742531
|move|p1a: Dragapult|Shadow Ball|p2a: Weavile
|-resisted|p2a: Weavile
|-damage|p2a: Weavile|13/100
|move|p2a: Weavile|Knock Off|p1a: Dragapult
|-supereffective|p1a: Dragapult
|-damage|p1a: Dragapult|0 fnt
|-enditem|p1a: Dragapult|Choice Specs|[from] move: Knock Off|[of] p2a: Weavile
|faint|p1a: Dragapult
|
|upkeep
|
|t:|1641742535
|switch|p1a: Urshifu|Urshifu-Rapid-Strike, F|100/100
|turn|23
|
|t:|1641742537
|move|p2a: Weavile|Ice Shard|p1a: Urshifu
|-resisted|p1a: Urshifu
|-damage|p1a: Urshifu|80/100
|move|p1a: Urshifu|Aqua Jet|p2a: Weavile
|-damage|p2a: Weavile|0 fnt
|faint|p2a: Weavile
|
|upkeep
|
|t:|1641742539
|switch|p2a: Rillaboom|Rillaboom, F|100/100
|-activate|p2a: Rillaboom|move: Sticky Web
|-unboost|p2a: Rillaboom|spe|1
|-fieldstart|move: Grassy Terrain|[from] ability: Grassy Surge|[of] p2a: Rillaboom
|turn|24
|
|t:|1641742542
|switch|p1a: Kartana|Kartana|100/100
|move|p2a: Rillaboom|Swords Dance|p2a: Rillaboom
|-boost|p2a: Rillaboom|atk|2
|
|upkeep
|turn|25
|
|t:|1641742545
|move|p1a: Kartana|Smart Strike|p2a: Rillaboom
|-damage|p2a: Rillaboom|52/100
|move|p2a: Rillaboom|Superpower|p1a: Kartana
|-supereffective|p1a: Kartana
|-damage|p1a: Kartana|0 fnt
|-unboost|p2a: Rillaboom|atk|1
|-unboost|p2a: Rillaboom|def|1
|faint|p1a: Kartana
|
|-heal|p2a: Rillaboom|58/100|[from] Grassy Terrain
|upkeep
|
|t:|1641742552
|switch|p1a: Tornadus|Tornadus-Therian, M|71/100
|turn|26
|
|t:|1641742554
|move|p1a: Tornadus|Hurricane|p2a: Rillaboom|[miss]
|-miss|p1a: Tornadus|p2a: Rillaboom
|move|p2a: Rillaboom|Acrobatics|p1a: Tornadus
|-damage|p1a: Tornadus|0 fnt
|faint|p1a: Tornadus
|
|-heal|p2a: Rillaboom|64/100|[from] Grassy Terrain
|upkeep
|j| Tokyo EZ
|c|☆Antares|ggwp
|
|t:|1641742561
|switch|p1a: Urshifu|Urshifu-Rapid-Strike, F|80/100
|turn|27
|
|t:|1641742567
|switch|p1a: Regieleki|Regieleki|57/100
|move|p2a: Rillaboom|Grassy Glide|p1a: Regieleki
|-damage|p1a: Regieleki|0 fnt
|faint|p1a: Regieleki
|
|-heal|p2a: Rillaboom|70/100|[from] Grassy Terrain
|upkeep
|
|t:|1641742568
|switch|p1a: Urshifu|Urshifu-Rapid-Strike, F|80/100
|turn|28
|
|t:|1641742570
|move|p2a: Rillaboom|Grassy Glide|p1a: Urshifu
|-supereffective|p1a: Urshifu
|-damage|p1a: Urshifu|0 fnt
|faint|p1a: Urshifu
|
|win|Large owl
|raw|Antares's rating: 1609 &rarr; <strong>1590</strong><br />(-19 for losing)
|raw|Large owl's rating: 1631 &rarr; <strong>1650</strong><br />(+19 for winning)
|l|☆Antares
