|j|☆I was a cat
|j|☆im tofa
|t:|1641763132
|gametype|singles
|player|p1|I was a cat|burgh|1442
|player|p2|im tofa|ethan-gen2c|1568
|teamsize|p1|6
|teamsize|p2|6
|gen|8
|tier|[Gen 8] OU
|rated|
|rule|Sleep Clause Mod: Limit one foe put to sleep
|rule|Species Clause: Limit one of each Pokémon
|rule|OHKO Clause: OHKO moves are banned
|rule|Evasion Moves Clause: Evasion moves are banned
|rule|Endless Battle Clause: Forcing endless battles is banned
|rule|HP Percentage Mod: HP is shown in percentages
|rule|Dynamax Clause: You cannot dynamax
|clearpoke
|poke|p1|Tapu Lele|
|poke|p1|Heatran, F|
|poke|p1|Corviknight, M|
|poke|p1|Rillaboom, M|
|poke|p1|Nidoking, M|
|poke|p1|Landorus-Therian, M|
|poke|p2|Urshifu-*, M|
|poke|p2|Corviknight, F|
|poke|p2|Crawdaunt, F|
|poke|p2|Garchomp, F|
|poke|p2|Clefable, F|
|poke|p2|Cryogonal|
|teampreview
|inactive|Battle timer is ON: inactive players will automatically lose when time's up. (requested by im tofa)
|inactive|I was a cat also wants the timer to be on.
|inactive|im tofa has 120 seconds left.
|
|t:|1641763180
|start
|switch|p1a: Landorus|Landorus-Therian, M|100/100
|switch|p2a: Cryogonal|Cryogonal|100/100
|-ability|p1a: Landorus|Intimidate|boost
|-unboost|p2a: Cryogonal|atk|1
|turn|1
|
|t:|1641763185
|move|p2a: Cryogonal|Freeze-Dry|p1a: Landorus
|-supereffective|p1a: Landorus
|-damage|p1a: Landorus|0 fnt
|faint|p1a: Landorus
|
|upkeep
|
|t:|1641763190
|switch|p1a: Heatran|Heatran, F|100/100
|turn|2
|
|t:|1641763194
|switch|p2a: Garchomp|Garchomp, F|100/100
|move|p1a: Heatran|Magma Storm|p2a: Garchomp
|-resisted|p2a: Garchomp
|-damage|p2a: Garchomp|79/100
|-activate|p2a: Garchomp|move: Magma Storm|[of] p1a: Heatran
|
|-damage|p2a: Garchomp|66/100|[from] move: Magma Storm|[partiallytrapped]
|upkeep
|turn|3
|
|t:|1641763201
|move|p2a: Garchomp|Stealth Rock|p1a: Heatran
|-sidestart|p1: I was a cat|move: Stealth Rock
|move|p1a: Heatran|Toxic|p2a: Garchomp
|-status|p2a: Garchomp|tox
|
|-damage|p2a: Garchomp|60/100 tox|[from] psn
|-damage|p2a: Garchomp|48/100 tox|[from] move: Magma Storm|[partiallytrapped]
|upkeep
|turn|4
|
|t:|1641763205
|switch|p1a: Corviknight|Corviknight, M|100/100
|-damage|p1a: Corviknight|88/100|[from] Stealth Rock
|-ability|p1a: Corviknight|Pressure
|move|p2a: Garchomp|Earthquake|p1a: Corviknight
|-immune|p1a: Corviknight
|
|-heal|p1a: Corviknight|94/100|[from] item: Leftovers
|-damage|p2a: Garchomp|35/100 tox|[from] psn
|-end|p2a: Garchomp|Magma Storm|[partiallytrapped]|[silent]
|upkeep
|turn|5
|
|t:|1641763209
|switch|p2a: Clefable|Clefable, F|100/100
|move|p1a: Corviknight|Defog|p2a: Clefable
|-unboost|p2a: Clefable|evasion|1
|-sideend|p1: I was a cat|Stealth Rock|[from] move: Defog|[of] p1a: Corviknight
|
|-heal|p1a: Corviknight|99/100|[from] item: Leftovers
|upkeep
|turn|6
|
|t:|1641763215
|switch|p1a: Rillaboom|Rillaboom, M|100/100
|-fieldstart|move: Grassy Terrain|[from] ability: Grassy Surge|[of] p1a: Rillaboom
|move|p2a: Clefable|Teleport|p2a: Clefable
|
|t:|1641763224
|switch|p2a: Garchomp|Garchomp, F|35/100 tox|[from]move: Teleport
|
|-heal|p2a: Garchomp|41/100 tox|[from] Grassy Terrain
|-damage|p2a: Garchomp|35/100 tox|[from] psn
|upkeep
|turn|7
|
|t:|1641763228
|move|p2a: Garchomp|Endure|p2a: Garchomp
|-singleturn|p2a: Garchomp|move: Endure
|move|p1a: Rillaboom|Grassy Glide|p2a: Garchomp
|-activate|p2a: Garchomp|move: Endure
|-damage|p2a: Garchomp|1/100 tox
|-damage|p1a: Rillaboom|88/100|[from] ability: Rough Skin|[of] p2a: Garchomp
|-damage|p1a: Rillaboom|72/100|[from] item: Rocky Helmet|[of] p2a: Garchomp
|
|-heal|p1a: Rillaboom|78/100|[from] Grassy Terrain
|-heal|p2a: Garchomp|7/100 tox|[from] Grassy Terrain
|-damage|p2a: Garchomp|0 fnt|[from] psn
|faint|p2a: Garchomp
|upkeep
|
|t:|1641763233
|switch|p2a: Corviknight|Corviknight, F|100/100
|-ability|p2a: Corviknight|Pressure
|turn|8
|
|t:|1641763252
|switch|p1a: Heatran|Heatran, F|100/100
|move|p2a: Corviknight|Brave Bird|p1a: Heatran
|-resisted|p1a: Heatran
|-damage|p1a: Heatran|85/100
|-damage|p2a: Corviknight|96/100|[from] Recoil
|
|-heal|p1a: Heatran|92/100|[from] Grassy Terrain
|-heal|p1a: Heatran|98/100|[from] item: Leftovers
|-heal|p2a: Corviknight|100/100|[from] item: Leftovers
|upkeep
|turn|9
|
|t:|1641763258
|switch|p2a: Urshifu|Urshifu-Rapid-Strike, M|100/100
|move|p1a: Heatran|Magma Storm|p2a: Urshifu|[miss]
|-miss|p1a: Heatran|p2a: Urshifu
|
|-heal|p1a: Heatran|100/100|[from] Grassy Terrain
|upkeep
|turn|10
|
|t:|1641763283
|switch|p1a: Corviknight|Corviknight, M|99/100
|-ability|p1a: Corviknight|Pressure
|move|p2a: Urshifu|Bulk Up|p2a: Urshifu
|-boost|p2a: Urshifu|atk|1
|-boost|p2a: Urshifu|def|1
|
|-heal|p1a: Corviknight|100/100|[from] item: Leftovers
|-fieldend|move: Grassy Terrain
|upkeep
|turn|11
|
|t:|1641763313
|move|p2a: Urshifu|Bulk Up|p2a: Urshifu
|-boost|p2a: Urshifu|atk|1
|-boost|p2a: Urshifu|def|1
|move|p1a: Corviknight|Brave Bird|p2a: Urshifu
|-supereffective|p2a: Urshifu
|-damage|p2a: Urshifu|63/100
|-damage|p1a: Corviknight|90/100|[from] Recoil
|
|-heal|p1a: Corviknight|96/100|[from] item: Leftovers
|upkeep
|turn|12
|inactive|I was a cat has 120 seconds left.
|inactive|I was a cat has 90 seconds left.
|inactive|I was a cat has 60 seconds left.
|inactive|I was a cat has 30 seconds left.
|inactive|I was a cat has 20 seconds left.
|inactive|I was a cat has 15 seconds left.
|inactive|I was a cat has 10 seconds left.
|inactive|I was a cat has 5 seconds left.
|-message|I was a cat lost due to inactivity.
|
|win|im tofa
|raw|I was a cat's rating: 1442 &rarr; <strong>1429</strong><br />(-13 for losing)
|raw|im tofa's rating: 1568 &rarr; <strong>1581</strong><br />(+13 for winning)
