|j|☆Boonzey
|j|☆Scruddo
|t:|1641729045
|gametype|singles
|player|p1|Boonzey|2|1040
|player|p2|Scruddo|cyclist|1098
|teamsize|p1|6
|teamsize|p2|6
|gen|8
|tier|[Gen 8] OU
|rated|
|rule|Sleep Clause Mod: Limit one foe put to sleep
|rule|Species Clause: Limit one of each Pokémon
|rule|OHKO Clause: OHKO moves are banned
|rule|Evasion Moves Clause: Evasion moves are banned
|rule|Endless Battle Clause: Forcing endless battles is banned
|rule|HP Percentage Mod: HP is shown in percentages
|rule|Dynamax Clause: You cannot dynamax
|clearpoke
|poke|p1|Scizor, F|
|poke|p1|Dragapult, M|
|poke|p1|Bisharp, F|
|poke|p1|Ferrothorn, M|
|poke|p1|Excadrill, F|
|poke|p1|Blaziken, M|
|poke|p2|Eiscue, M|
|poke|p2|Dubwool, M|
|poke|p2|Ferrothorn, F|
|poke|p2|Obstagoon, M|
|poke|p2|Ninetales-Alola, F|
|poke|p2|Clefable, M|
|teampreview
|
|t:|1641729054
|start
|switch|p1a: Blaziken|Blaziken, M|100/100
|switch|p2a: Ferrothorn|Ferrothorn, F|100/100
|turn|1
|
|t:|1641729066
|move|p1a: Blaziken|Thunder Punch|p2a: Ferrothorn
|-resisted|p2a: Ferrothorn
|-damage|p2a: Ferrothorn|88/100
|-damage|p1a: Blaziken|88/100|[from] ability: Iron Barbs|[of] p2a: Ferrothorn
|-damage|p1a: Blaziken|78/100|[from] item: Life Orb
|move|p2a: Ferrothorn|Stealth Rock|p1a: Blaziken
|-sidestart|p1: Boonzey|move: Stealth Rock
|
|-heal|p2a: Ferrothorn|94/100|[from] item: Leftovers
|-ability|p1a: Blaziken|Speed Boost|boost
|-boost|p1a: Blaziken|spe|1
|upkeep
|turn|2
|
|t:|1641729077
|move|p1a: Blaziken|Flare Blitz|p2a: Ferrothorn
|-supereffective|p2a: Ferrothorn
|-damage|p2a: Ferrothorn|0 fnt
|-damage|p1a: Blaziken|66/100|[from] ability: Iron Barbs|[of] p2a: Ferrothorn
|faint|p2a: Ferrothorn
|-damage|p1a: Blaziken|30/100|[from] Recoil
|-damage|p1a: Blaziken|20/100|[from] item: Life Orb
|
|-ability|p1a: Blaziken|Speed Boost|boost
|-boost|p1a: Blaziken|spe|1
|upkeep
|
|t:|1641729087
|switch|p2a: Eiscue|Eiscue, M|100/100
|turn|3
|
|t:|1641729091
|move|p1a: Blaziken|Flare Blitz|p2a: Eiscue
|-activate|p2a: Eiscue|ability: Ice Face
|-damage|p2a: Eiscue|100/100
|detailschange|p2a: Eiscue|Eiscue-Noice, M
|-damage|p1a: Blaziken|10/100|[from] item: Life Orb
|move|p2a: Eiscue|Substitute|p2a: Eiscue
|-start|p2a: Eiscue|Substitute
|-damage|p2a: Eiscue|75/100
|
|-ability|p1a: Blaziken|Speed Boost|boost
|-boost|p1a: Blaziken|spe|1
|upkeep
|turn|4
|
|t:|1641729105
|move|p1a: Blaziken|Flare Blitz|p2a: Eiscue
|-supereffective|p2a: Eiscue
|-end|p2a: Eiscue|Substitute
|-damage|p1a: Blaziken|2/100|[from] Recoil|[of] p2a: Eiscue
|-damage|p1a: Blaziken|0 fnt|[from] item: Life Orb
|faint|p1a: Blaziken
|move|p2a: Eiscue|Belly Drum|p2a: Eiscue
|-damage|p2a: Eiscue|25/100
|-setboost|p2a: Eiscue|atk|6|[from] move: Belly Drum
|-enditem|p2a: Eiscue|Salac Berry|[eat]
|-boost|p2a: Eiscue|spe|1|[from] item: Salac Berry
|
|upkeep
|
|t:|1641729133
|switch|p1a: Dragapult|Dragapult, M|100/100
|turn|5
|
|t:|1641729145
|move|p2a: Eiscue|Icicle Crash|p1a: Dragapult
|-supereffective|p1a: Dragapult
|-damage|p1a: Dragapult|0 fnt
|faint|p1a: Dragapult
|
|upkeep
|
|t:|1641729154
|switch|p1a: Scizor|Scizor, F|100/100
|-damage|p1a: Scizor|88/100|[from] Stealth Rock
|turn|6
|
|t:|1641729163
|move|p1a: Scizor|Bullet Punch|p2a: Eiscue
|-supereffective|p2a: Eiscue
|-damage|p2a: Eiscue|0 fnt
|faint|p2a: Eiscue
|-damage|p1a: Scizor|78/100|[from] item: Life Orb
|
|upkeep
|
|t:|1641729177
|switch|p2a: Dubwool|Dubwool, M|100/100
|turn|7
|
|t:|1641729192
|move|p1a: Scizor|Bullet Punch|p2a: Dubwool
|-damage|p2a: Dubwool|83/100
|-damage|p1a: Scizor|68/100|[from] item: Life Orb
|move|p2a: Dubwool|Cotton Guard|p2a: Dubwool
|-boost|p2a: Dubwool|def|3
|
|-heal|p2a: Dubwool|90/100|[from] item: Leftovers
|upkeep
|turn|8
|
|t:|1641729201
|switch|p1a: Ferrothorn|Ferrothorn, M|100/100
|-damage|p1a: Ferrothorn|94/100|[from] Stealth Rock
|move|p2a: Dubwool|Cotton Guard|p2a: Dubwool
|-boost|p2a: Dubwool|def|3
|
|-heal|p2a: Dubwool|96/100|[from] item: Leftovers
|-heal|p1a: Ferrothorn|100/100|[from] item: Leftovers
|upkeep
|turn|9
|
|t:|1641729213
|move|p2a: Dubwool|Body Press|p1a: Ferrothorn
|-supereffective|p1a: Ferrothorn
|-damage|p1a: Ferrothorn|0 fnt
|-damage|p2a: Dubwool|83/100|[from] ability: Iron Barbs|[of] p1a: Ferrothorn
|faint|p1a: Ferrothorn
|
|-heal|p2a: Dubwool|90/100|[from] item: Leftovers
|upkeep
|
|t:|1641729221
|switch|p1a: Excadrill|Excadrill, F|100/100
|-damage|p1a: Excadrill|97/100|[from] Stealth Rock
|-ability|p1a: Excadrill|Mold Breaker
|turn|10
|
|t:|1641729229
|move|p1a: Excadrill|Earthquake|p2a: Dubwool
|-damage|p2a: Dubwool|80/100
|move|p2a: Dubwool|Body Press|p1a: Excadrill
|-supereffective|p1a: Excadrill
|-damage|p1a: Excadrill|0 fnt
|faint|p1a: Excadrill
|
|-heal|p2a: Dubwool|86/100|[from] item: Leftovers
|upkeep
|
|t:|1641729237
|switch|p1a: Bisharp|Bisharp, F|100/100
|-damage|p1a: Bisharp|95/100|[from] Stealth Rock
|turn|11
|c|☆Scruddo|D U B W O O L
|
|t:|1641729250
|move|p2a: Dubwool|Body Press|p1a: Bisharp
|-supereffective|p1a: Bisharp
|-damage|p1a: Bisharp|0 fnt
|faint|p1a: Bisharp
|
|-heal|p2a: Dubwool|92/100|[from] item: Leftovers
|upkeep
|
|t:|1641729256
|switch|p1a: Scizor|Scizor, F|68/100
|-damage|p1a: Scizor|56/100|[from] Stealth Rock
|turn|12
|
|t:|1641729263
|move|p1a: Scizor|Bullet Punch|p2a: Dubwool
|-damage|p2a: Dubwool|87/100
|-damage|p1a: Scizor|46/100|[from] item: Life Orb
|move|p2a: Dubwool|Body Press|p1a: Scizor
|-damage|p1a: Scizor|0 fnt
|faint|p1a: Scizor
|
|win|Scruddo
|raw|Boonzey's rating: 1040 &rarr; <strong>1027</strong><br />(-13 for losing)
|raw|Scruddo's rating: 1098 &rarr; <strong>1119</strong><br />(+21 for winning)
|c|☆Scruddo|gg
|l|☆Boonzey
