|j|‽Hdidier
|j|☆kyysg
|t:|1641746271
|gametype|singles
|player|p1|Hdidier|elesa|1513
|player|p2|kyysg|101|1595
|teamsize|p1|6
|teamsize|p2|6
|gen|8
|tier|[Gen 8] OU
|rated|
|rule|Sleep Clause Mod: Limit one foe put to sleep
|rule|Species Clause: Limit one of each Pokémon
|rule|OHKO Clause: OHKO moves are banned
|rule|Evasion Moves Clause: Evasion moves are banned
|rule|Endless Battle Clause: Forcing endless battles is banned
|rule|HP Percentage Mod: HP is shown in percentages
|rule|Dynamax Clause: You cannot dynamax
|clearpoke
|poke|p1|Nihilego|
|poke|p1|Tapu Lele|
|poke|p1|Magnezone|
|poke|p1|Weavile, M|
|poke|p1|Slowbro, M|
|poke|p1|Landorus-Therian, M|
|poke|p2|Mew|
|poke|p2|Kartana|
|poke|p2|Tapu Koko|
|poke|p2|Garchomp, M|
|poke|p2|Hawlucha, F|
|poke|p2|Kommo-o, M|
|teampreview
|inactive|Battle timer is ON: inactive players will automatically lose when time's up. (requested by kyysg)
|
|t:|1641746277
|start
|switch|p1a: Tapu Lele|Tapu Lele|100/100
|switch|p2a: Tapu Koko|Tapu Koko, shiny|100/100
|-fieldstart|move: Psychic Terrain|[from] ability: Psychic Surge|[of] p1a: Tapu Lele
|-fieldstart|move: Electric Terrain|[from] ability: Electric Surge|[of] p2a: Tapu Koko
|turn|1
|
|t:|1641746286
|switch|p1a: Landorus|Landorus-Therian, M|100/100
|-ability|p1a: Landorus|Intimidate|boost
|-unboost|p2a: Tapu Koko|atk|1
|move|p2a: Tapu Koko|Reflect|p2a: Tapu Koko
|-sidestart|p2: kyysg|Reflect
|
|upkeep
|turn|2
|
|t:|1641746288
|move|p2a: Tapu Koko|Taunt|p1a: Landorus
|-start|p1a: Landorus|move: Taunt
|move|p1a: Landorus|U-turn|p2a: Tapu Koko
|-resisted|p2a: Tapu Koko
|-damage|p2a: Tapu Koko|94/100
|
|t:|1641746290
|switch|p1a: Tapu Lele|Tapu Lele|100/100|[from]move: U-turn
|-fieldstart|move: Psychic Terrain|[from] ability: Psychic Surge|[of] p1a: Tapu Lele
|
|upkeep
|turn|3
|
|t:|1641746295
|move|p1a: Tapu Lele|Future Sight|p2a: Tapu Koko
|-start|p1a: Tapu Lele|move: Future Sight
|move|p2a: Tapu Koko|Light Screen|p2a: Tapu Koko
|-sidestart|p2: kyysg|move: Light Screen
|
|upkeep
|turn|4
|
|t:|1641746305
|switch|p1a: Magnezone|Magnezone|100/100
|switch|p2a: Kartana|Kartana|100/100
|
|upkeep
|turn|5
|
|t:|1641746314
|move|p2a: Kartana|Swords Dance|p2a: Kartana
|-boost|p2a: Kartana|atk|2
|move|p1a: Magnezone|Discharge|p2a: Kartana
|-resisted|p2a: Kartana
|-damage|p2a: Kartana|80/100
|
|-end|p2a: Kartana|move: Future Sight
|-resisted|p2a: Kartana
|-damage|p2a: Kartana|19/100
|upkeep
|turn|6
|
|t:|1641746327
|move|p2a: Kartana|Knock Off|p1a: Magnezone
|-damage|p1a: Magnezone|47/100
|-damage|p2a: Kartana|3/100|[from] item: Rocky Helmet|[of] p1a: Magnezone
|-enditem|p1a: Magnezone|Rocky Helmet|[from] move: Knock Off|[of] p2a: Kartana
|move|p1a: Magnezone|Discharge|p2a: Kartana
|-resisted|p2a: Kartana
|-damage|p2a: Kartana|0 fnt
|faint|p2a: Kartana
|
|-fieldend|move: Psychic Terrain
|upkeep
|
|t:|1641746331
|switch|p2a: Kommo-o|Kommo-o, M|100/100
|turn|7
|
|t:|1641746341
|switch|p1a: Tapu Lele|Tapu Lele|100/100
|-fieldstart|move: Psychic Terrain|[from] ability: Psychic Surge|[of] p1a: Tapu Lele
|move|p2a: Kommo-o|Substitute|p2a: Kommo-o
|-start|p2a: Kommo-o|Substitute
|-damage|p2a: Kommo-o|75/100
|
|upkeep
|turn|8
|
|t:|1641746345
|move|p1a: Tapu Lele|Future Sight|p2a: Kommo-o
|-start|p1a: Tapu Lele|move: Future Sight
|move|p2a: Kommo-o|Thunder Punch|p1a: Tapu Lele
|-damage|p1a: Tapu Lele|66/100
|
|-sideend|p2: kyysg|Reflect
|upkeep
|turn|9
|
|t:|1641746358
|switch|p1a: Slowbro|Slowbro, M|100/100
|move|p2a: Kommo-o|Belly Drum|p2a: Kommo-o
|-damage|p2a: Kommo-o|25/100
|-setboost|p2a: Kommo-o|atk|6|[from] move: Belly Drum
|-enditem|p2a: Kommo-o|Salac Berry|[eat]
|-boost|p2a: Kommo-o|spe|1|[from] item: Salac Berry
|
|upkeep
|turn|10
|
|t:|1641746364
|move|p2a: Kommo-o|Thunder Punch|p1a: Slowbro
|-supereffective|p1a: Slowbro
|-damage|p1a: Slowbro|0 fnt
|faint|p1a: Slowbro
|
|-end|p2a: Kommo-o|move: Future Sight
|-supereffective|p2a: Kommo-o
|-end|p2a: Kommo-o|Substitute
|-sideend|p2: kyysg|move: Light Screen
|upkeep
|
|t:|1641746373
|switch|p1a: Tapu Lele|Tapu Lele|66/100
|turn|11
|
|t:|1641746376
|move|p2a: Kommo-o|Thunder Punch|p1a: Tapu Lele
|-damage|p1a: Tapu Lele|0 fnt
|faint|p1a: Tapu Lele
|
|-fieldend|move: Psychic Terrain
|upkeep
|
|t:|1641746379
|switch|p1a: Weavile|Weavile, M|100/100
|turn|12
|
|t:|1641746381
|move|p1a: Weavile|Ice Shard|p2a: Kommo-o
|-supereffective|p2a: Kommo-o
|-damage|p2a: Kommo-o|0 fnt
|faint|p2a: Kommo-o
|
|upkeep
|
|t:|1641746384
|switch|p2a: Tapu Koko|Tapu Koko, shiny|94/100
|-fieldstart|move: Electric Terrain|[from] ability: Electric Surge|[of] p2a: Tapu Koko
|turn|13
|
|t:|1641746391
|switch|p1a: Nihilego|Nihilego|100/100
|move|p2a: Tapu Koko|Reflect|p2a: Tapu Koko
|-sidestart|p2: kyysg|Reflect
|
|upkeep
|turn|14
|
|t:|1641746394
|move|p2a: Tapu Koko|Light Screen|p2a: Tapu Koko
|-sidestart|p2: kyysg|move: Light Screen
|move|p1a: Nihilego|Knock Off|p2a: Tapu Koko
|-resisted|p2a: Tapu Koko
|-damage|p2a: Tapu Koko|90/100
|-enditem|p2a: Tapu Koko|Light Clay|[from] move: Knock Off|[of] p1a: Nihilego
|
|upkeep
|turn|15
|
|t:|1641746399
|switch|p1a: Magnezone|Magnezone|47/100
|move|p2a: Tapu Koko|Volt Switch|p1a: Magnezone
|-resisted|p1a: Magnezone
|-damage|p1a: Magnezone|26/100
|
|t:|1641746401
|switch|p2a: Garchomp|Garchomp, M|100/100|[from]move: Volt Switch
|
|upkeep
|turn|16
|
|t:|1641746403
|move|p2a: Garchomp|Substitute|p2a: Garchomp
|-start|p2a: Garchomp|Substitute
|-damage|p2a: Garchomp|76/100
|move|p1a: Magnezone|Toxic||[still]
|-fail|p1a: Magnezone
|
|upkeep
|turn|17
|
|t:|1641746411
|switch|p1a: Landorus|Landorus-Therian, M|100/100
|-ability|p1a: Landorus|Intimidate|boost
|-immune|p2a: Garchomp
|move|p2a: Garchomp|Swords Dance|p2a: Garchomp
|-boost|p2a: Garchomp|atk|2
|
|-fieldend|move: Electric Terrain
|upkeep
|turn|18
|
|t:|1641746415
|move|p2a: Garchomp|Scale Shot|p1a: Landorus
|-damage|p1a: Landorus|77/100
|-damage|p1a: Landorus|55/100
|-damage|p1a: Landorus|30/100
|-hitcount|p1a: Landorus|3
|-unboost|p2a: Garchomp|def|1
|-boost|p2a: Garchomp|spe|1
|move|p1a: Landorus|Defog||[still]
|-sideend|p2: kyysg|Reflect
|-sideend|p2: kyysg|move: Light Screen
|-fail|p1a: Landorus
|
|-heal|p1a: Landorus|36/100|[from] item: Leftovers
|upkeep
|turn|19
|
|t:|1641746423
|move|p2a: Garchomp|Scale Shot|p1a: Landorus
|-damage|p1a: Landorus|7/100
|-damage|p1a: Landorus|0 fnt
|faint|p1a: Landorus
|-hitcount|p1: Landorus|2
|-unboost|p2a: Garchomp|def|1
|-boost|p2a: Garchomp|spe|1
|
|upkeep
|
|t:|1641746426
|switch|p1a: Weavile|Weavile, M|100/100
|turn|20
|
|t:|1641746428
|move|p1a: Weavile|Ice Shard|p2a: Garchomp
|-supereffective|p2a: Garchomp
|-end|p2a: Garchomp|Substitute
|move|p2a: Garchomp|Earthquake|p1a: Weavile
|-damage|p1a: Weavile|0 fnt
|faint|p1a: Weavile
|
|upkeep
|-message|Hdidier forfeited.
|
|win|kyysg
|raw|Hdidier's rating: 1513 &rarr; <strong>1498</strong><br />(-15 for losing)
|raw|kyysg's rating: 1595 &rarr; <strong>1610</strong><br />(+15 for winning)
|l|‽Hdidier
