|j|☆james06
|j|☆sadjoblesang
|t:|1641780112
|gametype|singles
|player|p1|james06|169|1066
|player|p2|sadjoblesang|170|1127
|teamsize|p1|6
|teamsize|p2|6
|gen|8
|tier|[Gen 8] OU
|rated|
|rule|Sleep Clause Mod: Limit one foe put to sleep
|rule|Species Clause: Limit one of each Pokémon
|rule|OHKO Clause: OHKO moves are banned
|rule|Evasion Moves Clause: Evasion moves are banned
|rule|Endless Battle Clause: Forcing endless battles is banned
|rule|HP Percentage Mod: HP is shown in percentages
|rule|Dynamax Clause: You cannot dynamax
|clearpoke
|poke|p1|Gyarados, M|
|poke|p1|Weavile, M|
|poke|p1|Zeraora|
|poke|p1|Chansey, F|
|poke|p1|Excadrill, M|
|poke|p1|Volcarona, F|
|poke|p2|Tyranitar, F|
|poke|p2|Clefable, M|
|poke|p2|Excadrill, M|
|poke|p2|Kartana|
|poke|p2|Zapdos|
|poke|p2|Tapu Lele|
|teampreview
|inactive|Battle timer is ON: inactive players will automatically lose when time's up. (requested by sadjoblesang)
|
|t:|1641780147
|start
|switch|p1a: Volcarona|Volcarona, F|100/100
|switch|p2a: Zapdos|Zapdos|100/100
|turn|1
|
|t:|1641780154
|move|p1a: Volcarona|Quiver Dance|p1a: Volcarona
|-boost|p1a: Volcarona|spa|1
|-boost|p1a: Volcarona|spd|1
|-boost|p1a: Volcarona|spe|1
|move|p2a: Zapdos|Volt Switch|p1a: Volcarona
|-damage|p1a: Volcarona|78/100
|
|t:|1641780162
|switch|p2a: Tyranitar|Tyranitar, F|100/100|[from]move: Volt Switch
|-weather|Sandstorm|[from] ability: Sand Stream|[of] p2a: Tyranitar
|
|-weather|Sandstorm|[upkeep]
|-damage|p1a: Volcarona|72/100|[from] Sandstorm
|upkeep
|turn|2
|
|t:|1641780170
|move|p1a: Volcarona|Bug Buzz|p2a: Tyranitar
|-supereffective|p2a: Tyranitar
|-damage|p2a: Tyranitar|51/100
|move|p2a: Tyranitar|Stone Edge|p1a: Volcarona
|-supereffective|p1a: Volcarona
|-damage|p1a: Volcarona|0 fnt
|faint|p1a: Volcarona
|
|-weather|Sandstorm|[upkeep]
|upkeep
|
|t:|1641780185
|switch|p1a: Excadrill|Excadrill, M|100/100
|-ability|p1a: Excadrill|Mold Breaker
|-item|p1a: Excadrill|Air Balloon
|turn|3
|
|t:|1641780192
|switch|p2a: Zapdos|Zapdos|100/100
|move|p1a: Excadrill|Stealth Rock|p2a: Zapdos
|-sidestart|p2: sadjoblesang|move: Stealth Rock
|
|-weather|Sandstorm|[upkeep]
|-damage|p2a: Zapdos|94/100|[from] Sandstorm
|upkeep
|turn|4
|
|t:|1641780201
|switch|p1a: Zeraora|Zeraora|100/100
|move|p2a: Zapdos|Heat Wave|p1a: Zeraora
|-damage|p1a: Zeraora|67/100
|
|-weather|Sandstorm|[upkeep]
|-damage|p1a: Zeraora|61/100|[from] Sandstorm
|-damage|p2a: Zapdos|88/100|[from] Sandstorm
|upkeep
|turn|5
|
|t:|1641780209
|move|p1a: Zeraora|Knock Off|p2a: Zapdos
|-crit|p2a: Zapdos
|-damage|p2a: Zapdos|49/100
|-enditem|p2a: Zapdos|Heavy-Duty Boots|[from] move: Knock Off|[of] p1a: Zeraora
|-damage|p1a: Zeraora|51/100|[from] item: Life Orb
|move|p2a: Zapdos|Volt Switch|p1a: Zeraora
|-heal|p1a: Zeraora|76/100|[from] ability: Volt Absorb|[of] p2a: Zapdos
|
|-weather|none
|upkeep
|turn|6
|
|t:|1641780220
|switch|p2a: Excadrill|Excadrill, M|100/100
|-damage|p2a: Excadrill|97/100|[from] Stealth Rock
|move|p1a: Zeraora|Plasma Fists|p2a: Excadrill
|-immune|p2a: Excadrill
|
|upkeep
|turn|7
|
|t:|1641780228
|move|p1a: Zeraora|Close Combat|p2a: Excadrill
|-supereffective|p2a: Excadrill
|-damage|p2a: Excadrill|0 fnt
|-unboost|p1a: Zeraora|def|1
|-unboost|p1a: Zeraora|spd|1
|faint|p2a: Excadrill
|-damage|p1a: Zeraora|66/100|[from] item: Life Orb
|
|upkeep
|
|t:|1641780241
|switch|p2a: Tapu Lele|Tapu Lele|100/100
|-damage|p2a: Tapu Lele|88/100|[from] Stealth Rock
|-fieldstart|move: Psychic Terrain|[from] ability: Psychic Surge|[of] p2a: Tapu Lele
|turn|8
|
|t:|1641780258
|switch|p1a: Excadrill|Excadrill, M|100/100
|-ability|p1a: Excadrill|Mold Breaker
|-item|p1a: Excadrill|Air Balloon
|move|p2a: Tapu Lele|Psyshock|p1a: Excadrill
|-resisted|p1a: Excadrill
|-crit|p1a: Excadrill
|-damage|p1a: Excadrill|12/100
|-enditem|p1a: Excadrill|Air Balloon
|
|upkeep
|turn|9
|
|t:|1641780269
|move|p2a: Tapu Lele|Psyshock|p1a: Excadrill
|-resisted|p1a: Excadrill
|-damage|p1a: Excadrill|0 fnt
|faint|p1a: Excadrill
|
|upkeep
|inactive|james06 has 120 seconds left.
|
|t:|1641780319
|switch|p1a: Chansey|Chansey, F|100/100
|turn|10
|
|t:|1641780328
|switch|p2a: Kartana|Kartana|100/100
|-damage|p2a: Kartana|94/100|[from] Stealth Rock
|move|p1a: Chansey|Toxic|p2a: Kartana
|-immune|p2a: Kartana
|
|upkeep
|turn|11
|
|t:|1641780334
|move|p2a: Kartana|Sacred Sword|p1a: Chansey
|-supereffective|p1a: Chansey
|-damage|p1a: Chansey|36/100
|-damage|p2a: Kartana|85/100|[from] item: Life Orb
|move|p1a: Chansey|Wish|p1a: Chansey
|
|upkeep
|turn|12
|inactive|james06 has 120 seconds left.
|
|t:|1641780343
|switch|p1a: Gyarados|Gyarados, M|100/100
|-ability|p1a: Gyarados|Intimidate|boost
|-unboost|p2a: Kartana|atk|1
|move|p2a: Kartana|Sacred Sword|p1a: Gyarados
|-resisted|p1a: Gyarados
|-damage|p1a: Gyarados|80/100
|-damage|p2a: Kartana|75/100|[from] item: Life Orb
|
|-heal|p1a: Gyarados|100/100|[from] move: Wish|[wisher] Chansey
|-fieldend|move: Psychic Terrain
|upkeep
|turn|13
|
|t:|1641780356
|move|p2a: Kartana|Knock Off|p1a: Gyarados
|-damage|p1a: Gyarados|51/100
|-enditem|p1a: Gyarados|Leftovers|[from] move: Knock Off|[of] p2a: Kartana
|-damage|p2a: Kartana|65/100|[from] item: Life Orb
|move|p1a: Gyarados|Dragon Dance|p1a: Gyarados
|-boost|p1a: Gyarados|atk|1
|-boost|p1a: Gyarados|spe|1
|
|upkeep
|turn|14
|
|t:|1641780367
|move|p1a: Gyarados|Earthquake|p2a: Kartana
|-damage|p2a: Kartana|4/100
|move|p2a: Kartana|Knock Off|p1a: Gyarados
|-damage|p1a: Gyarados|17/100
|-damage|p2a: Kartana|0 fnt|[from] item: Life Orb
|faint|p2a: Kartana
|
|upkeep
|
|t:|1641780376
|switch|p2a: Clefable|Clefable, M|100/100
|-damage|p2a: Clefable|88/100|[from] Stealth Rock
|turn|15
|
|t:|1641780392
|move|p1a: Gyarados|Waterfall|p2a: Clefable
|-damage|p2a: Clefable|54/100
|move|p2a: Clefable|Moonblast|p1a: Gyarados
|-damage|p1a: Gyarados|0 fnt
|faint|p1a: Gyarados
|
|-heal|p2a: Clefable|60/100|[from] item: Leftovers
|upkeep
|
|t:|1641780400
|switch|p1a: Chansey|Chansey, F|36/100
|turn|16
|
|t:|1641780405
|move|p2a: Clefable|Thunder Wave|p1a: Chansey|[miss]
|-miss|p2a: Clefable|p1a: Chansey
|move|p1a: Chansey|Wish|p1a: Chansey
|
|-heal|p2a: Clefable|66/100|[from] item: Leftovers
|upkeep
|turn|17
|
|t:|1641780420
|switch|p1a: Zeraora|Zeraora|66/100
|move|p2a: Clefable|Thunder Wave|p1a: Zeraora
|-heal|p1a: Zeraora|91/100|[from] ability: Volt Absorb|[of] p2a: Clefable
|
|-heal|p1a: Zeraora|100/100|[from] move: Wish|[wisher] Chansey
|-heal|p2a: Clefable|72/100|[from] item: Leftovers
|upkeep
|turn|18
|
|t:|1641780441
|move|p1a: Zeraora|Plasma Fists|p2a: Clefable
|-crit|p2a: Clefable
|-damage|p2a: Clefable|6/100
|-fieldactivate|move: Ion Deluge
|-hint|Normal-type moves become Electric-type after using Plasma Fists.
|-damage|p1a: Zeraora|91/100|[from] item: Life Orb
|move|p2a: Clefable|Moonblast|p1a: Zeraora
|-damage|p1a: Zeraora|52/100
|
|-heal|p2a: Clefable|12/100|[from] item: Leftovers
|upkeep
|turn|19
|
|t:|1641780458
|move|p1a: Zeraora|Plasma Fists|p2a: Clefable
|-damage|p2a: Clefable|0 fnt
|-fieldactivate|move: Ion Deluge
|-hint|Normal-type moves become Electric-type after using Plasma Fists.
|faint|p2a: Clefable
|-damage|p1a: Zeraora|42/100|[from] item: Life Orb
|
|upkeep
|
|t:|1641780473
|switch|p2a: Zapdos|Zapdos|49/100
|-damage|p2a: Zapdos|24/100|[from] Stealth Rock
|turn|20
|
|t:|1641780486
|move|p1a: Zeraora|Plasma Fists|p2a: Zapdos
|-damage|p2a: Zapdos|0 fnt
|-fieldactivate|move: Ion Deluge
|-hint|Normal-type moves become Electric-type after using Plasma Fists.
|faint|p2a: Zapdos
|-damage|p1a: Zeraora|32/100|[from] item: Life Orb
|
|upkeep
|
|t:|1641780503
|switch|p2a: Tyranitar|Tyranitar, F|51/100
|-damage|p2a: Tyranitar|39/100|[from] Stealth Rock
|-weather|Sandstorm|[from] ability: Sand Stream|[of] p2a: Tyranitar
|turn|21
|
|t:|1641780524
|switch|p1a: Weavile|Weavile, M|100/100
|-ability|p1a: Weavile|Pressure
|move|p2a: Tyranitar|Earthquake|p1a: Weavile
|-damage|p1a: Weavile|53/100
|
|-weather|Sandstorm|[upkeep]
|-damage|p1a: Weavile|47/100|[from] Sandstorm
|upkeep
|turn|22
|
|t:|1641780538
|move|p1a: Weavile|Low Kick|p2a: Tyranitar
|-supereffective|p2a: Tyranitar
|-damage|p2a: Tyranitar|0 fnt
|faint|p2a: Tyranitar
|
|-weather|Sandstorm|[upkeep]
|-damage|p1a: Weavile|41/100|[from] Sandstorm
|upkeep
|
|t:|1641780544
|switch|p2a: Tapu Lele|Tapu Lele|88/100
|-damage|p2a: Tapu Lele|76/100|[from] Stealth Rock
|-fieldstart|move: Psychic Terrain|[from] ability: Psychic Surge|[of] p2a: Tapu Lele
|turn|23
|
|t:|1641780552
|move|p1a: Weavile|Ice Punch|p2a: Tapu Lele
|-damage|p2a: Tapu Lele|17/100
|move|p2a: Tapu Lele|Focus Blast|p1a: Weavile
|-supereffective|p1a: Weavile
|-damage|p1a: Weavile|0 fnt
|faint|p1a: Weavile
|
|-weather|Sandstorm|[upkeep]
|-damage|p2a: Tapu Lele|11/100|[from] Sandstorm
|upkeep
|
|t:|1641780558
|switch|p1a: Chansey|Chansey, F|36/100
|turn|24
|
|t:|1641780562
|move|p2a: Tapu Lele|Focus Blast|p1a: Chansey
|-supereffective|p1a: Chansey
|-damage|p1a: Chansey|0 fnt
|faint|p1a: Chansey
|
|-weather|Sandstorm|[upkeep]
|-damage|p2a: Tapu Lele|5/100|[from] Sandstorm
|upkeep
|
|t:|1641780567
|switch|p1a: Zeraora|Zeraora|32/100
|turn|25
|c|☆james06|gg
|
|t:|1641780575
|move|p1a: Zeraora|Plasma Fists|p2a: Tapu Lele
|-damage|p2a: Tapu Lele|0 fnt
|-fieldactivate|move: Ion Deluge
|-hint|Normal-type moves become Electric-type after using Plasma Fists.
|faint|p2a: Tapu Lele
|-damage|p1a: Zeraora|23/100|[from] item: Life Orb
|
|win|james06
|raw|james06's rating: 1066 &rarr; <strong>1101</strong><br />(+35 for winning)
|raw|sadjoblesang's rating: 1127 &rarr; <strong>1098</strong><br />(-29 for losing)
