|j|☆Kasuzinho
|j|☆Hellspawn0505
|t:|1641867021
|gametype|singles
|player|p1|Kasuzinho|266|1262
|player|p2|Hellspawn0505|169|1229
|teamsize|p1|6
|teamsize|p2|6
|gen|8
|tier|[Gen 8] OU
|rated|
|rule|Sleep Clause Mod: Limit one foe put to sleep
|rule|Species Clause: Limit one of each Pokémon
|rule|OHKO Clause: OHKO moves are banned
|rule|Evasion Moves Clause: Evasion moves are banned
|rule|Endless Battle Clause: Forcing endless battles is banned
|rule|HP Percentage Mod: HP is shown in percentages
|rule|Dynamax Clause: You cannot dynamax
|clearpoke
|poke|p1|Vaporeon, F|
|poke|p1|Mandibuzz, F|
|poke|p1|Landorus-Therian, M|
|poke|p1|Ditto|
|poke|p1|Nidoking, M|
|poke|p1|Zeraora|
|poke|p2|Galvantula, F|
|poke|p2|Uxie|
|poke|p2|Kartana|
|poke|p2|Blaziken, F|
|poke|p2|Ferrothorn, F|
|poke|p2|Rillaboom, M|
|teampreview
|inactive|Battle timer is ON: inactive players will automatically lose when time's up. (requested by Kasuzinho)
|
|t:|1641867051
|start
|switch|p1a: Landorus|Landorus-Therian, M|100/100
|switch|p2a: Galvantula|Galvantula, F|100/100
|-ability|p1a: Landorus|Intimidate|boost
|-unboost|p2a: Galvantula|atk|1
|turn|1
|
|t:|1641867057
|move|p2a: Galvantula|Sticky Web|p1a: Landorus
|-sidestart|p1: Kasuzinho|move: Sticky Web
|move|p1a: Landorus|Earthquake|p2a: Galvantula
|-damage|p2a: Galvantula|9/100
|
|upkeep
|turn|2
|
|t:|1641867064
|switch|p2a: Uxie|Uxie|100/100
|move|p1a: Landorus|U-turn|p2a: Uxie
|-supereffective|p2a: Uxie
|-damage|p2a: Uxie|57/100
|
|t:|1641867069
|switch|p1a: Mandibuzz|Mandibuzz, F|100/100|[from]move: U-turn
|
|upkeep
|turn|3
|
|t:|1641867074
|move|p2a: Uxie|Thunder Wave|p1a: Mandibuzz
|-status|p1a: Mandibuzz|par
|move|p1a: Mandibuzz|Defog|p2a: Uxie
|-unboost|p2a: Uxie|evasion|1
|-sideend|p1: Kasuzinho|Sticky Web|[from] move: Defog|[of] p1a: Mandibuzz
|
|upkeep
|turn|4
|
|t:|1641867087
|switch|p2a: Ferrothorn|Ferrothorn, F|100/100
|cant|p1a: Mandibuzz|par
|
|upkeep
|turn|5
|
|t:|1641867097
|switch|p1a: Landorus|Landorus-Therian, M|100/100
|-ability|p1a: Landorus|Intimidate|boost
|-unboost|p2a: Ferrothorn|atk|1
|move|p2a: Ferrothorn|Leech Seed|p1a: Landorus
|-start|p1a: Landorus|move: Leech Seed
|
|-damage|p1a: Landorus|88/100|[from] Leech Seed|[of] p2a: Ferrothorn
|upkeep
|turn|6
|
|t:|1641867105
|move|p1a: Landorus|Stealth Rock|p2a: Ferrothorn
|-sidestart|p2: Hellspawn0505|move: Stealth Rock
|move|p2a: Ferrothorn|Spikes|p1a: Landorus
|-sidestart|p1: Kasuzinho|Spikes
|
|-heal|p1a: Landorus|94/100|[from] item: Leftovers
|-damage|p1a: Landorus|82/100|[from] Leech Seed|[of] p2a: Ferrothorn
|upkeep
|turn|7
|
|t:|1641867113
|switch|p1a: Nidoking|Nidoking, M|100/100
|-damage|p1a: Nidoking|88/100|[from] Spikes
|move|p2a: Ferrothorn|Knock Off|p1a: Nidoking
|-damage|p1a: Nidoking|69/100
|-enditem|p1a: Nidoking|Life Orb|[from] move: Knock Off|[of] p2a: Ferrothorn
|
|upkeep
|turn|8
|
|t:|1641867122
|move|p1a: Nidoking|Fire Blast|p2a: Ferrothorn
|-supereffective|p2a: Ferrothorn
|-damage|p2a: Ferrothorn|0 fnt
|faint|p2a: Ferrothorn
|
|upkeep
|
|t:|1641867127
|switch|p2a: Kartana|Kartana|100/100
|-damage|p2a: Kartana|94/100|[from] Stealth Rock
|turn|9
|
|t:|1641867131
|switch|p1a: Mandibuzz|Mandibuzz, F|100/100 par
|move|p2a: Kartana|Leaf Blade|p1a: Mandibuzz
|-resisted|p1a: Mandibuzz
|-damage|p1a: Mandibuzz|79/100 par
|-damage|p2a: Kartana|78/100|[from] item: Rocky Helmet|[of] p1a: Mandibuzz
|-damage|p2a: Kartana|68/100|[from] item: Life Orb
|
|upkeep
|turn|10
|
|t:|1641867140
|move|p2a: Kartana|Knock Off|p1a: Mandibuzz
|-resisted|p1a: Mandibuzz
|-damage|p1a: Mandibuzz|63/100 par
|-damage|p2a: Kartana|51/100|[from] item: Rocky Helmet|[of] p1a: Mandibuzz
|-enditem|p1a: Mandibuzz|Rocky Helmet|[from] move: Knock Off|[of] p2a: Kartana
|-damage|p2a: Kartana|41/100|[from] item: Life Orb
|cant|p1a: Mandibuzz|par
|
|upkeep
|turn|11
|
|t:|1641867149
|switch|p2a: Rillaboom|Rillaboom, M|100/100
|-damage|p2a: Rillaboom|88/100|[from] Stealth Rock
|-fieldstart|move: Grassy Terrain|[from] ability: Grassy Surge|[of] p2a: Rillaboom
|move|p1a: Mandibuzz|Foul Play|p2a: Rillaboom
|-damage|p2a: Rillaboom|29/100
|
|-heal|p2a: Rillaboom|36/100|[from] Grassy Terrain
|upkeep
|turn|12
|
|t:|1641867161
|move|p2a: Rillaboom|U-turn|p1a: Mandibuzz
|-damage|p1a: Mandibuzz|40/100 par
|
|t:|1641867166
|switch|p2a: Galvantula|Galvantula, F|9/100|[from]move: U-turn
|-damage|p2a: Galvantula|0 fnt|[from] Stealth Rock
|faint|p2a: Galvantula
|move|p1a: Mandibuzz|Foul Play|p2: Galvantula|[notarget]
|-fail|p1a: Mandibuzz
|
|upkeep
|
|t:|1641867174
|switch|p2a: Blaziken|Blaziken, F|100/100
|-damage|p2a: Blaziken|88/100|[from] Stealth Rock
|turn|13
|
|t:|1641867178
|move|p2a: Blaziken|Protect|p2a: Blaziken
|-singleturn|p2a: Blaziken|Protect
|move|p1a: Mandibuzz|Foul Play|p2a: Blaziken
|-activate|p2a: Blaziken|move: Protect
|
|-heal|p2a: Blaziken|94/100|[from] Grassy Terrain
|-ability|p2a: Blaziken|Speed Boost|boost
|-boost|p2a: Blaziken|spe|1
|upkeep
|turn|14
|
|t:|1641867192
|move|p2a: Blaziken|Blaze Kick|p1a: Mandibuzz
|-damage|p1a: Mandibuzz|9/100 par
|-damage|p2a: Blaziken|84/100|[from] item: Life Orb
|move|p1a: Mandibuzz|Foul Play|p2a: Blaziken
|-resisted|p2a: Blaziken
|-damage|p2a: Blaziken|46/100
|
|-heal|p2a: Blaziken|52/100|[from] Grassy Terrain
|-ability|p2a: Blaziken|Speed Boost|boost
|-boost|p2a: Blaziken|spe|1
|upkeep
|turn|15
|
|t:|1641867201
|move|p2a: Blaziken|Blaze Kick|p1a: Mandibuzz
|-damage|p1a: Mandibuzz|0 fnt
|faint|p1a: Mandibuzz
|-damage|p2a: Blaziken|42/100|[from] item: Life Orb
|
|-heal|p2a: Blaziken|48/100|[from] Grassy Terrain
|-fieldend|move: Grassy Terrain
|-ability|p2a: Blaziken|Speed Boost|boost
|-boost|p2a: Blaziken|spe|1
|upkeep
|
|t:|1641867216
|switch|p1a: Landorus|Landorus-Therian, M|82/100
|-ability|p1a: Landorus|Intimidate|boost
|-unboost|p2a: Blaziken|atk|1
|turn|16
|
|t:|1641867224
|switch|p2a: Uxie|Uxie|57/100
|-damage|p2a: Uxie|44/100|[from] Stealth Rock
|move|p1a: Landorus|Earthquake|p2a: Uxie
|-immune|p2a: Uxie|[from] ability: Levitate
|
|-heal|p1a: Landorus|88/100|[from] item: Leftovers
|upkeep
|turn|17
|
|t:|1641867233
|move|p2a: Uxie|Trick|p1a: Landorus
|-activate|p2a: Uxie|move: Trick|[of] p1a: Landorus
|-item|p1a: Landorus|Choice Scarf|[from] move: Trick
|-item|p2a: Uxie|Leftovers|[from] move: Trick
|move|p1a: Landorus|U-turn|p2a: Uxie
|-supereffective|p2a: Uxie
|-damage|p2a: Uxie|5/100
|
|t:|1641867245
|switch|p1a: Zeraora|Zeraora|100/100|[from]move: U-turn
|-damage|p1a: Zeraora|88/100|[from] Spikes
|
|-heal|p1a: Zeraora|94/100|[from] item: Leftovers
|-heal|p2a: Uxie|11/100|[from] item: Leftovers
|upkeep
|turn|18
|
|t:|1641867266
|move|p1a: Zeraora|Bulk Up|p1a: Zeraora
|-boost|p1a: Zeraora|atk|1
|-boost|p1a: Zeraora|def|1
|move|p2a: Uxie|Memento|p1a: Zeraora
|-unboost|p1a: Zeraora|atk|2
|-unboost|p1a: Zeraora|spa|2
|faint|p2a: Uxie
|
|-heal|p1a: Zeraora|99/100|[from] item: Leftovers
|upkeep
|
|t:|1641867276
|switch|p2a: Blaziken|Blaziken, F|48/100
|-damage|p2a: Blaziken|36/100|[from] Stealth Rock
|turn|19
|
|t:|1641867280
|move|p1a: Zeraora|Bulk Up|p1a: Zeraora
|-boost|p1a: Zeraora|atk|1
|-boost|p1a: Zeraora|def|1
|move|p2a: Blaziken|Earthquake|p1a: Zeraora
|-supereffective|p1a: Zeraora
|-damage|p1a: Zeraora|36/100
|-damage|p2a: Blaziken|26/100|[from] item: Life Orb
|
|-heal|p1a: Zeraora|42/100|[from] item: Leftovers
|-ability|p2a: Blaziken|Speed Boost|boost
|-boost|p2a: Blaziken|spe|1
|upkeep
|turn|20
|
|t:|1641867295
|move|p2a: Blaziken|Earthquake|p1a: Zeraora
|-supereffective|p1a: Zeraora
|-damage|p1a: Zeraora|0 fnt
|faint|p1a: Zeraora
|-damage|p2a: Blaziken|16/100|[from] item: Life Orb
|
|-ability|p2a: Blaziken|Speed Boost|boost
|-boost|p2a: Blaziken|spe|1
|upkeep
|
|t:|1641867302
|switch|p1a: Landorus|Landorus-Therian, M|88/100
|-ability|p1a: Landorus|Intimidate|boost
|-unboost|p2a: Blaziken|atk|1
|turn|21
|
|t:|1641867313
|move|p2a: Blaziken|Close Combat|p1a: Landorus
|-resisted|p1a: Landorus
|-damage|p1a: Landorus|69/100
|-unboost|p2a: Blaziken|def|1
|-unboost|p2a: Blaziken|spd|1
|-damage|p2a: Blaziken|6/100|[from] item: Life Orb
|move|p1a: Landorus|U-turn|p2a: Blaziken
|-resisted|p2a: Blaziken
|-damage|p2a: Blaziken|0 fnt
|faint|p2a: Blaziken
|
|t:|1641867327
|switch|p1a: Vaporeon|Vaporeon, F|100/100|[from]move: U-turn
|-damage|p1a: Vaporeon|88/100|[from] Spikes
|
|-heal|p1a: Vaporeon|94/100|[from] item: Leftovers
|upkeep
|
|t:|1641867333
|switch|p2a: Rillaboom|Rillaboom, M|36/100
|-damage|p2a: Rillaboom|23/100|[from] Stealth Rock
|-fieldstart|move: Grassy Terrain|[from] ability: Grassy Surge|[of] p2a: Rillaboom
|turn|22
|
|t:|1641867350
|switch|p1a: Landorus|Landorus-Therian, M|69/100
|-ability|p1a: Landorus|Intimidate|boost
|-unboost|p2a: Rillaboom|atk|1
|move|p2a: Rillaboom|U-turn|p1a: Landorus
|-resisted|p1a: Landorus
|-damage|p1a: Landorus|60/100
|
|t:|1641867357
|switch|p2a: Kartana|Kartana|41/100|[from]move: U-turn
|-damage|p2a: Kartana|35/100|[from] Stealth Rock
|
|-heal|p2a: Kartana|41/100|[from] Grassy Terrain
|upkeep
|turn|23
|
|t:|1641867364
|move|p1a: Landorus|Earthquake|p2a: Kartana
|-damage|p2a: Kartana|18/100
|move|p2a: Kartana|Leaf Blade|p1a: Landorus
|-damage|p1a: Landorus|0 fnt
|faint|p1a: Landorus
|-ability|p2a: Kartana|Beast Boost|boost
|-boost|p2a: Kartana|atk|1
|-damage|p2a: Kartana|8/100|[from] item: Life Orb
|
|-heal|p2a: Kartana|14/100|[from] Grassy Terrain
|upkeep
|
|t:|1641867375
|switch|p1a: Ditto|Ditto|100/100
|-damage|p1a: Ditto|88/100|[from] Spikes
|-transform|p1a: Ditto|p2a: Kartana|[from] ability: Imposter
|turn|24
|
|t:|1641867397
|move|p1a: Ditto|Leaf Blade|p2a: Kartana
|-resisted|p2a: Kartana
|-damage|p2a: Kartana|0 fnt
|faint|p2a: Kartana
|-ability|p1a: Ditto|Beast Boost|boost
|-boost|p1a: Ditto|atk|1
|
|-heal|p1a: Ditto|94/100|[from] Grassy Terrain
|upkeep
|c|☆Kasuzinho|gg
|
|t:|1641867408
|switch|p2a: Rillaboom|Rillaboom, M|23/100
|-damage|p2a: Rillaboom|11/100|[from] Stealth Rock
|turn|25
|c|☆Hellspawn0505|ggs
|
|t:|1641867413
|move|p2a: Rillaboom|Grassy Glide|p1a: Ditto
|-resisted|p1a: Ditto
|-damage|p1a: Ditto|78/100
|move|p1a: Ditto|Leaf Blade|p2a: Rillaboom
|-resisted|p2a: Rillaboom
|-damage|p2a: Rillaboom|0 fnt
|faint|p2a: Rillaboom
|
|win|Kasuzinho
|raw|Kasuzinho's rating: 1262 &rarr; <strong>1285</strong><br />(+23 for winning)
|raw|Hellspawn0505's rating: 1229 &rarr; <strong>1206</strong><br />(-23 for losing)
|c|☆Hellspawn0505|can you help me
|c|☆Hellspawn0505|make a team
|c|☆Kasuzinho|i need to sleep, its midnight here in brasil now
