|j|☆Moth.o
|j|☆aaaaaaaaacdavnmh
|t:|1641851801
|gametype|singles
|player|p1|Moth.o|roxie|1208
|player|p2|aaaaaaaaacdavnmh|blackbelt-gen4dp|1182
|teamsize|p1|6
|teamsize|p2|6
|gen|8
|tier|[Gen 8] OU
|rated|
|rule|Sleep Clause Mod: Limit one foe put to sleep
|rule|Species Clause: Limit one of each Pokémon
|rule|OHKO Clause: OHKO moves are banned
|rule|Evasion Moves Clause: Evasion moves are banned
|rule|Endless Battle Clause: Forcing endless battles is banned
|rule|HP Percentage Mod: HP is shown in percentages
|rule|Dynamax Clause: You cannot dynamax
|clearpoke
|poke|p1|Sylveon, M|
|poke|p1|Dragapult, M|
|poke|p1|Scolipede, F|
|poke|p1|Moltres|
|poke|p1|Krookodile, F|
|poke|p1|Lurantis, M|
|poke|p2|Gengar, M|
|poke|p2|Kartana|
|poke|p2|Regieleki|
|poke|p2|Cloyster, M|
|poke|p2|Volcarona, M|
|poke|p2|Garchomp, F|
|teampreview
|
|t:|1641851818
|start
|switch|p1a: Lagartera|Krookodile, F, shiny|100/100
|switch|p2a: Cloyster|Cloyster, M|100/100
|turn|1
|
|t:|1641851825
|move|p1a: Lagartera|Knock Off|p2a: Cloyster
|-damage|p2a: Cloyster|53/100
|-enditem|p2a: Cloyster|White Herb|[from] move: Knock Off|[of] p1a: Lagartera
|-damage|p1a: Lagartera|91/100|[from] item: Life Orb
|move|p2a: Cloyster|Shell Smash|p2a: Cloyster
|-unboost|p2a: Cloyster|def|1
|-unboost|p2a: Cloyster|spd|1
|-boost|p2a: Cloyster|atk|2
|-boost|p2a: Cloyster|spa|2
|-boost|p2a: Cloyster|spe|2
|
|upkeep
|turn|2
|
|t:|1641851836
|switch|p1a: Guillot|Lurantis, M|100/100
|move|p2a: Cloyster|Surf|p1a: Guillot
|-resisted|p1a: Guillot
|-damage|p1a: Guillot|65/100
|
|-heal|p1a: Guillot|71/100|[from] item: Leftovers
|upkeep
|turn|3
|
|t:|1641851844
|move|p2a: Cloyster|Icicle Spear|p1a: Guillot
|-supereffective|p1a: Guillot
|-damage|p1a: Guillot|24/100
|-supereffective|p1a: Guillot
|-damage|p1a: Guillot|0 fnt
|faint|p1a: Guillot
|-hitcount|p1: Guillot|2
|
|upkeep
|
|t:|1641851851
|switch|p1a: Aerodynamo|Dragapult, M|100/100
|turn|4
|
|t:|1641851856
|move|p1a: Aerodynamo|Shadow Ball|p2a: Cloyster
|-damage|p2a: Cloyster|0 fnt
|faint|p2a: Cloyster
|
|upkeep
|
|t:|1641851860
|switch|p2a: Regieleki|Regieleki|100/100
|turn|5
|
|t:|1641851865
|switch|p1a: Lagartera|Krookodile, F, shiny|91/100
|move|p2a: Regieleki|Light Screen|p2a: Regieleki
|-sidestart|p2: aaaaaaaaacdavnmh|move: Light Screen
|
|upkeep
|turn|6
|
|t:|1641851878
|switch|p2a: Kartana|Kartana|100/100
|move|p1a: Lagartera|Bulk Up|p1a: Lagartera
|-boost|p1a: Lagartera|atk|1
|-boost|p1a: Lagartera|def|1
|
|upkeep
|turn|7
|
|t:|1641851885
|switch|p1a: Perséfone|Moltres|100/100
|move|p2a: Kartana|Swords Dance|p2a: Kartana
|-boost|p2a: Kartana|atk|2
|
|upkeep
|turn|8
|
|t:|1641851892
|move|p2a: Kartana|Knock Off|p1a: Perséfone
|-damage|p1a: Perséfone|2/100
|-enditem|p1a: Perséfone|Heavy-Duty Boots|[from] move: Knock Off|[of] p2a: Kartana
|-damage|p2a: Kartana|90/100|[from] item: Life Orb
|move|p1a: Perséfone|Flamethrower|p2a: Kartana
|-supereffective|p2a: Kartana
|-damage|p2a: Kartana|0 fnt
|faint|p2a: Kartana
|
|upkeep
|
|t:|1641851908
|switch|p2a: Regieleki|Regieleki|100/100
|turn|9
|
|t:|1641851913
|switch|p1a: Lagartera|Krookodile, F, shiny|91/100
|move|p2a: Regieleki|Ancient Power|p1a: Lagartera
|-resisted|p1a: Lagartera
|-damage|p1a: Lagartera|76/100
|
|-sideend|p2: aaaaaaaaacdavnmh|move: Light Screen
|upkeep
|turn|10
|
|t:|1641851922
|move|p2a: Regieleki|Light Screen|p2a: Regieleki
|-sidestart|p2: aaaaaaaaacdavnmh|move: Light Screen
|move|p1a: Lagartera|Bulk Up|p1a: Lagartera
|-boost|p1a: Lagartera|atk|1
|-boost|p1a: Lagartera|def|1
|
|upkeep
|turn|11
|
|t:|1641851929
|move|p2a: Regieleki|Substitute|p2a: Regieleki
|-start|p2a: Regieleki|Substitute
|-damage|p2a: Regieleki|75/100
|move|p1a: Lagartera|Scale Shot|p2a: Regieleki
|-end|p2a: Regieleki|Substitute
|-damage|p2a: Regieleki|51/100
|-damage|p2a: Regieleki|26/100
|-damage|p2a: Regieleki|0 fnt
|faint|p2a: Regieleki
|-ability|p1a: Lagartera|Moxie|boost
|-boost|p1a: Lagartera|atk|1
|-hitcount|p2: Regieleki|4
|-unboost|p1a: Lagartera|def|1
|-boost|p1a: Lagartera|spe|1
|-damage|p1a: Lagartera|66/100|[from] item: Life Orb
|
|upkeep
|
|t:|1641851938
|switch|p2a: Volcarona|Volcarona, M|100/100
|turn|12
|
|t:|1641851947
|move|p1a: Lagartera|Earthquake|p2a: Volcarona
|-damage|p2a: Volcarona|0 fnt
|faint|p2a: Volcarona
|-ability|p1a: Lagartera|Moxie|boost
|-boost|p1a: Lagartera|atk|1
|-damage|p1a: Lagartera|56/100|[from] item: Life Orb
|
|upkeep
|
|t:|1641851951
|switch|p2a: Gengar|Gengar, M|100/100
|turn|13
|
|t:|1641851957
|move|p1a: Lagartera|Earthquake|p2a: Gengar
|-supereffective|p2a: Gengar
|-damage|p2a: Gengar|0 fnt
|-start|p1a: Lagartera|Disable|Earthquake|[from] ability: Cursed Body|[of] p2a: Gengar
|faint|p2a: Gengar
|-ability|p1a: Lagartera|Moxie|boost
|-boost|p1a: Lagartera|atk|1
|-damage|p1a: Lagartera|46/100|[from] item: Life Orb
|
|upkeep
|
|t:|1641851959
|switch|p2a: Garchomp|Garchomp, F|100/100
|turn|14
|
|t:|1641851972
|move|p1a: Lagartera|Knock Off|p2a: Garchomp
|-damage|p2a: Garchomp|0 fnt
|-damage|p1a: Lagartera|34/100|[from] ability: Rough Skin|[of] p2a: Garchomp
|-enditem|p2a: Garchomp|Leftovers|[from] move: Knock Off|[of] p1a: Lagartera
|faint|p2a: Garchomp
|-damage|p1a: Lagartera|24/100|[from] item: Life Orb
|
|win|Moth.o
|raw|Moth.o's rating: 1208 &rarr; <strong>1231</strong><br />(+23 for winning)
|raw|aaaaaaaaacdavnmh's rating: 1182 &rarr; <strong>1159</strong><br />(-23 for losing)
|l|☆aaaaaaaaacdavnmh
