|j|☆Nis298
|j|☆AkTheNoob@!
|t:|1641715780
|gametype|singles
|player|p1|Nis298|scientistf|1403
|player|p2|AkTheNoob|whitney|1332
|teamsize|p1|6
|teamsize|p2|6
|gen|8
|tier|[Gen 8] OU
|rated|
|rule|Sleep Clause Mod: Limit one foe put to sleep
|rule|Species Clause: Limit one of each Pokémon
|rule|OHKO Clause: OHKO moves are banned
|rule|Evasion Moves Clause: Evasion moves are banned
|rule|Endless Battle Clause: Forcing endless battles is banned
|rule|HP Percentage Mod: HP is shown in percentages
|rule|Dynamax Clause: You cannot dynamax
|clearpoke
|poke|p1|Kommo-o, M|
|poke|p1|Volcarona, F|
|poke|p1|Dragapult, M|
|poke|p1|Zapdos|
|poke|p1|Melmetal|
|poke|p1|Landorus-Therian, M|
|poke|p2|Porygon2|
|poke|p2|Melmetal|
|poke|p2|Crawdaunt, M|
|poke|p2|Marowak-Alola, M|
|poke|p2|Cresselia, F|
|poke|p2|Hatterene, F|
|teampreview
|inactive|Battle timer is ON: inactive players will automatically lose when time's up. (requested by AkTheNoob)
|n|☆AkTheNoob|akthenoob
|
|t:|1641715790
|start
|switch|p1a: Landorus|Landorus-Therian, M|100/100
|switch|p2a: Hatterene|Hatterene, F|100/100
|-ability|p1a: Landorus|Intimidate|boost
|-unboost|p2a: Hatterene|atk|1
|turn|1
|
|t:|1641715798
|move|p1a: Landorus|U-turn|p2a: Hatterene
|-damage|p2a: Hatterene|76/100
|
|t:|1641715803
|switch|p1a: Melmetal|Melmetal|100/100|[from]move: U-turn
|move|p2a: Hatterene|Trick Room|p2a: Hatterene
|-fieldstart|move: Trick Room|[of] p2a: Hatterene
|
|upkeep
|turn|2
|
|t:|1641715810
|move|p2a: Hatterene|Mystical Fire|p1a: Melmetal
|-supereffective|p1a: Melmetal
|-damage|p1a: Melmetal|70/100
|-unboost|p1a: Melmetal|spa|1
|move|p1a: Melmetal|Double Iron Bash|p2a: Hatterene
|-supereffective|p2a: Hatterene
|-crit|p2a: Hatterene
|-damage|p2a: Hatterene|0 fnt
|faint|p2a: Hatterene
|-hitcount|p2: Hatterene|1
|
|upkeep
|
|t:|1641715815
|switch|p2a: Marowak|Marowak-Alola, M, shiny|100/100
|turn|3
|
|t:|1641715823
|switch|p1a: Landorus|Landorus-Therian, M|100/100
|-ability|p1a: Landorus|Intimidate|boost
|-unboost|p2a: Marowak|atk|1
|move|p2a: Marowak|Flare Blitz|p1a: Landorus
|-damage|p1a: Landorus|49/100
|
|-heal|p1a: Landorus|55/100|[from] item: Leftovers
|upkeep
|turn|4
|
|t:|1641715834
|switch|p2a: Cresselia|Cresselia, F|100/100
|move|p1a: Landorus|Earthquake|p2a: Cresselia
|-immune|p2a: Cresselia|[from] ability: Levitate
|
|-heal|p1a: Landorus|61/100|[from] item: Leftovers
|upkeep
|turn|5
|
|t:|1641715848
|move|p2a: Cresselia|Moonblast|p1a: Landorus
|-damage|p1a: Landorus|42/100
|move|p1a: Landorus|Stealth Rock|p2a: Cresselia
|-sidestart|p2: AkTheNoob|move: Stealth Rock
|
|-heal|p1a: Landorus|48/100|[from] item: Leftovers
|-fieldend|move: Trick Room
|upkeep
|turn|6
|
|t:|1641715857
|move|p1a: Landorus|U-turn|p2a: Cresselia
|-supereffective|p2a: Cresselia
|-damage|p2a: Cresselia|77/100
|-damage|p1a: Landorus|31/100|[from] item: Rocky Helmet|[of] p2a: Cresselia
|
|t:|1641715864
|switch|p1a: Melmetal|Melmetal|70/100|[from]move: U-turn
|move|p2a: Cresselia|Trick Room|p2a: Cresselia
|-fieldstart|move: Trick Room|[of] p2a: Cresselia
|
|upkeep
|turn|7
|
|t:|1641715875
|switch|p2a: Marowak|Marowak-Alola, M, shiny|100/100
|-damage|p2a: Marowak|76/100|[from] Stealth Rock
|move|p1a: Melmetal|Rock Slide|p2a: Marowak
|-supereffective|p2a: Marowak
|-damage|p2a: Marowak|29/100
|
|upkeep
|turn|8
|
|t:|1641715885
|switch|p1a: Landorus|Landorus-Therian, M|31/100
|-ability|p1a: Landorus|Intimidate|boost
|-unboost|p2a: Marowak|atk|1
|move|p2a: Marowak|Flare Blitz|p1a: Landorus
|-damage|p1a: Landorus|0 fnt
|faint|p1a: Landorus
|
|upkeep
|
|t:|1641715903
|switch|p1a: Melmetal|Melmetal|70/100
|turn|9
|
|t:|1641715908
|move|p2a: Marowak|Flare Blitz|p1a: Melmetal
|-supereffective|p1a: Melmetal
|-damage|p1a: Melmetal|0 fnt
|faint|p1a: Melmetal
|
|upkeep
|
|t:|1641715914
|switch|p1a: Zapdos|Zapdos|100/100
|turn|10
|
|t:|1641715919
|move|p2a: Marowak|Flare Blitz|p1a: Zapdos
|-damage|p1a: Zapdos|54/100
|-status|p1a: Zapdos|brn
|move|p1a: Zapdos|Hurricane|p2a: Marowak
|-damage|p2a: Marowak|0 fnt
|faint|p2a: Marowak
|
|-damage|p1a: Zapdos|48/100 brn|[from] brn
|-fieldend|move: Trick Room
|upkeep
|
|t:|1641715926
|switch|p2a: Porygon2|Porygon2|100/100
|-damage|p2a: Porygon2|88/100|[from] Stealth Rock
|-ability|p2a: Porygon2|Static|[from] ability: Trace|[of] p1a: Zapdos
|turn|11
|
|t:|1641715936
|move|p1a: Zapdos|Volt Switch|p2a: Porygon2
|-damage|p2a: Porygon2|75/100
|
|t:|1641715942
|switch|p1a: Kommo-o|Kommo-o, M|100/100|[from]move: Volt Switch
|move|p2a: Porygon2|Trick Room|p2a: Porygon2
|-fieldstart|move: Trick Room|[of] p2a: Porygon2
|
|upkeep
|turn|12
|
|t:|1641715950
|switch|p2a: Melmetal|Melmetal|100/100
|-damage|p2a: Melmetal|94/100|[from] Stealth Rock
|move|p1a: Kommo-o|Substitute|p1a: Kommo-o
|-start|p1a: Kommo-o|Substitute
|-damage|p1a: Kommo-o|75/100
|
|upkeep
|turn|13
|
|t:|1641715959
|move|p2a: Melmetal|Double Iron Bash|p1a: Kommo-o
|-end|p1a: Kommo-o|Substitute
|-damage|p1a: Kommo-o|20/100
|-enditem|p1a: Kommo-o|Salac Berry|[eat]
|-boost|p1a: Kommo-o|spe|1|[from] item: Salac Berry
|-hitcount|p1a: Kommo-o|2
|move|p1a: Kommo-o|Belly Drum||[still]
|-fail|p1a: Kommo-o
|
|upkeep
|turn|14
|
|t:|1641715973
|move|p2a: Melmetal|Double Iron Bash|p1a: Kommo-o
|-damage|p1a: Kommo-o|0 fnt
|faint|p1a: Kommo-o
|-hitcount|p1: Kommo-o|1
|
|upkeep
|
|t:|1641715984
|switch|p1a: Volcarona|Volcarona, F|100/100
|turn|15
|
|t:|1641715988
|move|p2a: Melmetal|Double Iron Bash|p1a: Volcarona
|-resisted|p1a: Volcarona
|-damage|p1a: Volcarona|71/100
|-status|p2a: Melmetal|brn|[from] ability: Flame Body|[of] p1a: Volcarona
|-resisted|p1a: Volcarona
|-damage|p1a: Volcarona|55/100
|-hitcount|p1a: Volcarona|2
|cant|p1a: Volcarona|flinch
|
|-damage|p2a: Melmetal|88/100 brn|[from] brn
|-fieldend|move: Trick Room
|upkeep
|turn|16
|
|t:|1641715999
|move|p1a: Volcarona|Roost|p1a: Volcarona
|-heal|p1a: Volcarona|100/100
|-singleturn|p1a: Volcarona|move: Roost
|move|p2a: Melmetal|Double Iron Bash|p1a: Volcarona
|-resisted|p1a: Volcarona
|-damage|p1a: Volcarona|84/100
|-resisted|p1a: Volcarona
|-damage|p1a: Volcarona|68/100
|-hitcount|p1a: Volcarona|2
|
|-damage|p2a: Melmetal|82/100 brn|[from] brn
|upkeep
|turn|17
|
|t:|1641716010
|switch|p2a: Porygon2|Porygon2|75/100
|-damage|p2a: Porygon2|63/100|[from] Stealth Rock
|-ability|p2a: Porygon2|Flame Body|[from] ability: Trace|[of] p1a: Volcarona
|move|p1a: Volcarona|Flamethrower|p2a: Porygon2
|-damage|p2a: Porygon2|44/100
|
|upkeep
|turn|18
|
|t:|1641716020
|move|p1a: Volcarona|Toxic|p2a: Porygon2
|-status|p2a: Porygon2|tox
|move|p2a: Porygon2|Trick Room|p2a: Porygon2
|-fieldstart|move: Trick Room|[of] p2a: Porygon2
|
|-damage|p2a: Porygon2|37/100 tox|[from] psn
|upkeep
|turn|19
|
|t:|1641716028
|move|p1a: Volcarona|Flamethrower|p2a: Porygon2
|-damage|p2a: Porygon2|19/100 tox
|move|p2a: Porygon2|Teleport|p2a: Porygon2
|
|t:|1641716031
|switch|p2a: Crawdaunt|Crawdaunt, M|100/100|[from]move: Teleport
|-damage|p2a: Crawdaunt|88/100|[from] Stealth Rock
|
|upkeep
|turn|20
|c|☆AkTheNoob|gg
|
|t:|1641716038
|switch|p1a: Zapdos|Zapdos|48/100 brn
|move|p2a: Crawdaunt|Crabhammer|p1a: Zapdos
|-damage|p1a: Zapdos|0 fnt
|faint|p1a: Zapdos
|-damage|p2a: Crawdaunt|78/100|[from] item: Life Orb
|
|upkeep
|
|t:|1641716047
|switch|p1a: Dragapult|Dragapult, M|100/100
|turn|21
|
|t:|1641716051
|switch|p1a: Volcarona|Volcarona, F|68/100
|move|p2a: Crawdaunt|Knock Off|p1a: Volcarona
|-damage|p1a: Volcarona|0 fnt
|-enditem|p1a: Volcarona|Heavy-Duty Boots|[from] move: Knock Off|[of] p2a: Crawdaunt
|faint|p1a: Volcarona
|-damage|p2a: Crawdaunt|68/100|[from] item: Life Orb
|
|upkeep
|
|t:|1641716060
|switch|p1a: Dragapult|Dragapult, M|100/100
|turn|22
|
|t:|1641716065
|move|p2a: Crawdaunt|Knock Off|p1a: Dragapult
|-supereffective|p1a: Dragapult
|-damage|p1a: Dragapult|0 fnt
|-enditem|p1a: Dragapult|Choice Specs|[from] move: Knock Off|[of] p2a: Crawdaunt
|faint|p1a: Dragapult
|-damage|p2a: Crawdaunt|58/100|[from] item: Life Orb
|
|win|AkTheNoob
|raw|Nis298's rating: 1403 &rarr; <strong>1379</strong><br />(-24 for losing)
|raw|AkTheNoob's rating: 1332 &rarr; <strong>1356</strong><br />(+24 for winning)
