|j|☆Guluff
|j|☆HOF69
|t:|1641888525
|gametype|singles
|player|p1|Guluff|265|1624
|player|p2|HOF69|red|1724
|teamsize|p1|6
|teamsize|p2|6
|gen|8
|tier|[Gen 8] OU
|rated|
|rule|Sleep Clause Mod: Limit one foe put to sleep
|rule|Species Clause: Limit one of each Pokémon
|rule|OHKO Clause: OHKO moves are banned
|rule|Evasion Moves Clause: Evasion moves are banned
|rule|Endless Battle Clause: Forcing endless battles is banned
|rule|HP Percentage Mod: HP is shown in percentages
|rule|Dynamax Clause: You cannot dynamax
|clearpoke
|poke|p1|Kartana|
|poke|p1|Swampert, F|
|poke|p1|Dragapult, F|
|poke|p1|Zapdos|
|poke|p1|Melmetal|
|poke|p1|Landorus-Therian, M|
|poke|p2|Blacephalon|
|poke|p2|Gengar, M|
|poke|p2|Landorus-Therian, M|
|poke|p2|Krookodile, M|
|poke|p2|Kartana|
|poke|p2|Tapu Lele|
|teampreview
|j| Shouldersback
|
|t:|1641888541
|start
|switch|p1a: Landorus|Landorus-Therian, M|100/100
|switch|p2a: Krookodile|Krookodile, M|100/100
|-ability|p1a: Landorus|Intimidate|boost
|-unboost|p2a: Krookodile|atk|1
|-ability|p2a: Krookodile|Intimidate|boost
|-unboost|p1a: Landorus|atk|1
|turn|1
|
|t:|1641888551
|switch|p1a: Swampert|Swampert, F|100/100
|move|p2a: Krookodile|Stealth Rock|p1a: Swampert
|-sidestart|p1: Guluff|move: Stealth Rock
|
|upkeep
|turn|2
|
|t:|1641888560
|move|p2a: Krookodile|Taunt|p1a: Swampert
|-start|p1a: Swampert|move: Taunt
|cant|p1a: Swampert|move: Taunt|Stealth Rock
|
|upkeep
|turn|3
|
|t:|1641888561
|move|p2a: Krookodile|Knock Off|p1a: Swampert
|-damage|p1a: Swampert|80/100
|-enditem|p1a: Swampert|Leftovers|[from] move: Knock Off|[of] p2a: Krookodile
|move|p1a: Swampert|Flip Turn|p2a: Krookodile
|-supereffective|p2a: Krookodile
|-damage|p2a: Krookodile|42/100
|
|t:|1641888569
|switch|p1a: Kartana|Kartana|100/100|[from]move: Flip Turn
|-damage|p1a: Kartana|94/100|[from] Stealth Rock
|
|upkeep
|turn|4
|
|t:|1641888573
|move|p1a: Kartana|Leaf Blade|p2a: Krookodile
|-supereffective|p2a: Krookodile
|-damage|p2a: Krookodile|0 fnt
|faint|p2a: Krookodile
|-ability|p1a: Kartana|Beast Boost|boost
|-boost|p1a: Kartana|atk|1
|-damage|p1a: Kartana|85/100|[from] item: Life Orb
|
|upkeep
|
|t:|1641888578
|switch|p2a: Gengar|Gengar, M, shiny|100/100
|turn|5
|
|t:|1641888580
|switch|p1a: Melmetal|Melmetal|100/100
|-damage|p1a: Melmetal|94/100|[from] Stealth Rock
|move|p2a: Gengar|Shadow Ball|p1a: Melmetal
|-damage|p1a: Melmetal|75/100
|
|upkeep
|turn|6
|
|t:|1641888589
|switch|p2a: Landorus|Landorus-Therian, M|100/100
|-ability|p2a: Landorus|Intimidate|boost
|-unboost|p1a: Melmetal|atk|1
|move|p1a: Melmetal|Double Iron Bash|p2a: Landorus
|-damage|p2a: Landorus|74/100
|-crit|p2a: Landorus
|-damage|p2a: Landorus|22/100
|-hitcount|p2a: Landorus|2
|
|upkeep
|turn|7
|
|t:|1641888594
|switch|p1a: Swampert|Swampert, F|80/100
|-damage|p1a: Swampert|74/100|[from] Stealth Rock
|move|p2a: Landorus|U-turn|p1a: Swampert
|-damage|p1a: Swampert|58/100
|
|t:|1641888620
|switch|p2a: Kartana|Kartana|100/100|[from]move: U-turn
|
|upkeep
|turn|8
|
|t:|1641888627
|switch|p1a: Zapdos|Zapdos|100/100
|move|p2a: Kartana|Swords Dance|p2a: Kartana
|-boost|p2a: Kartana|atk|2
|
|upkeep
|turn|9
|
|t:|1641888631
|move|p2a: Kartana|Knock Off|p1a: Zapdos
|-damage|p1a: Zapdos|29/100
|-enditem|p1a: Zapdos|Heavy-Duty Boots|[from] move: Knock Off|[of] p2a: Kartana
|move|p1a: Zapdos|Heat Wave|p2a: Kartana
|-supereffective|p2a: Kartana
|-damage|p2a: Kartana|0 fnt
|faint|p2a: Kartana
|
|upkeep
|
|t:|1641888643
|switch|p2a: Gengar|Gengar, M, shiny|100/100
|turn|10
|
|t:|1641888647
|move|p2a: Gengar|Shadow Ball|p1a: Zapdos
|-damage|p1a: Zapdos|0 fnt
|faint|p1a: Zapdos
|
|upkeep
|
|t:|1641888655
|switch|p1a: Melmetal|Melmetal|75/100
|-damage|p1a: Melmetal|69/100|[from] Stealth Rock
|turn|11
|
|t:|1641888665
|switch|p2a: Landorus|Landorus-Therian, M|22/100
|-ability|p2a: Landorus|Intimidate|boost
|-unboost|p1a: Melmetal|atk|1
|move|p1a: Melmetal|Double Iron Bash|p2a: Landorus
|-damage|p2a: Landorus|0 fnt
|faint|p2a: Landorus
|-hitcount|p2: Landorus|1
|
|upkeep
|
|t:|1641888670
|switch|p2a: Blacephalon|Blacephalon|100/100
|turn|12
|
|t:|1641888673
|move|p2a: Blacephalon|Flamethrower|p1a: Melmetal
|-supereffective|p1a: Melmetal
|-damage|p1a: Melmetal|17/100
|-status|p1a: Melmetal|brn
|move|p1a: Melmetal|Earthquake|p2a: Blacephalon
|-supereffective|p2a: Blacephalon
|-crit|p2a: Blacephalon
|-damage|p2a: Blacephalon|0 fnt
|faint|p2a: Blacephalon
|
|-damage|p1a: Melmetal|10/100 brn|[from] brn
|upkeep
|j| B4tt1enet
|
|t:|1641888680
|switch|p2a: Gengar|Gengar, M, shiny|100/100
|turn|13
|
|t:|1641888682
|move|p2a: Gengar|Shadow Ball|p1a: Melmetal
|-damage|p1a: Melmetal|0 fnt
|faint|p1a: Melmetal
|
|upkeep
|
|t:|1641888694
|switch|p1a: Landorus|Landorus-Therian, M|100/100
|-damage|p1a: Landorus|88/100|[from] Stealth Rock
|-ability|p1a: Landorus|Intimidate|boost
|-unboost|p2a: Gengar|atk|1
|turn|14
|
|t:|1641888697
|switch|p2a: Tapu Lele|Tapu Lele|100/100
|-fieldstart|move: Psychic Terrain|[from] ability: Psychic Surge|[of] p2a: Tapu Lele
|move|p1a: Landorus|Earthquake|p2a: Tapu Lele
|-damage|p2a: Tapu Lele|9/100
|
|upkeep
|turn|15
|
|t:|1641888699
|move|p1a: Landorus|Earthquake|p2a: Tapu Lele
|-damage|p2a: Tapu Lele|0 fnt
|faint|p2a: Tapu Lele
|
|upkeep
|-message|HOF69 forfeited.
|
|win|Guluff
|raw|Guluff's rating: 1624 &rarr; <strong>1650</strong><br />(+26 for winning)
|raw|HOF69's rating: 1724 &rarr; <strong>1698</strong><br />(-26 for losing)
|l|☆HOF69
