|j|☆popterre2
|j|☆dado t dado t
|t:|1641746998
|gametype|singles
|player|p1|popterre2|brock|1108
|player|p2|dado t dado t|colress|1067
|teamsize|p1|6
|teamsize|p2|6
|gen|8
|tier|[Gen 8] OU
|rated|
|rule|Sleep Clause Mod: Limit one foe put to sleep
|rule|Species Clause: Limit one of each Pokémon
|rule|OHKO Clause: OHKO moves are banned
|rule|Evasion Moves Clause: Evasion moves are banned
|rule|Endless Battle Clause: Forcing endless battles is banned
|rule|HP Percentage Mod: HP is shown in percentages
|rule|Dynamax Clause: You cannot dynamax
|clearpoke
|poke|p1|Tapu Lele|
|poke|p1|Clefable, M|
|poke|p1|Corviknight, F|
|poke|p1|Garchomp, M|
|poke|p1|Rillaboom, M|
|poke|p1|Slowbro, M|
|poke|p2|Bronzong|
|poke|p2|Ninetales-Alola, F|
|poke|p2|Torkoal, F|
|poke|p2|Pelipper, M|
|poke|p2|Obstagoon, F|
|poke|p2|Barraskewda, F|
|teampreview
|
|t:|1641747034
|start
|switch|p1a: Garchomp|Garchomp, M|100/100
|switch|p2a: Ninetales|Ninetales-Alola, F, shiny|100/100
|-weather|Hail|[from] ability: Snow Warning|[of] p2a: Ninetales
|turn|1
|
|t:|1641747043
|switch|p1a: Corviknight|Corviknight, F|100/100
|-ability|p1a: Corviknight|Pressure
|move|p2a: Ninetales|Aurora Veil|p2a: Ninetales
|-sidestart|p2: dado t dado t|move: Aurora Veil
|
|-weather|Hail|[upkeep]
|-damage|p1a: Corviknight|94/100|[from] Hail
|upkeep
|turn|2
|
|t:|1641747051
|switch|p2a: Torkoal|Torkoal, F|100/100
|-weather|SunnyDay|[from] ability: Drought|[of] p2a: Torkoal
|move|p1a: Corviknight|Defog|p2a: Torkoal
|-unboost|p2a: Torkoal|evasion|1
|-sideend|p2: dado t dado t|move: Aurora Veil
|
|-weather|SunnyDay|[upkeep]
|upkeep
|turn|3
|
|t:|1641747061
|switch|p1a: Slowbro|Slowbro, M|100/100
|move|p2a: Torkoal|Eruption|p1a: Slowbro
|-resisted|p1a: Slowbro
|-damage|p1a: Slowbro|63/100
|
|-weather|SunnyDay|[upkeep]
|upkeep
|turn|4
|
|t:|1641747070
|switch|p2a: Bronzong|Bronzong, shiny|100/100
|move|p1a: Slowbro|Future Sight|p2a: Bronzong
|-start|p1a: Slowbro|move: Future Sight
|
|-weather|SunnyDay|[upkeep]
|upkeep
|turn|5
|
|t:|1641747079
|switch|p1a: Corviknight|Corviknight, F|94/100
|-ability|p1a: Corviknight|Pressure
|move|p2a: Bronzong|Grass Knot|p1a: Corviknight
|-resisted|p1a: Corviknight
|-damage|p1a: Corviknight|90/100
|
|-weather|SunnyDay|[upkeep]
|upkeep
|turn|6
|
|t:|1641747087
|move|p1a: Corviknight|U-turn|p2a: Bronzong
|-damage|p2a: Bronzong|87/100
|
|t:|1641747091
|switch|p1a: Garchomp|Garchomp, M|100/100|[from]move: U-turn
|move|p2a: Bronzong|Weather Ball|p1a: Garchomp
|-resisted|p1a: Garchomp
|-damage|p1a: Garchomp|80/100
|
|-weather|none
|-end|p2a: Bronzong|move: Future Sight
|-resisted|p2a: Bronzong
|-damage|p2a: Bronzong|78/100
|-heal|p2a: Bronzong|85/100|[from] item: Leftovers
|upkeep
|turn|7
|
|t:|1641747104
|move|p1a: Garchomp|Stealth Rock|p2a: Bronzong
|-sidestart|p2: dado t dado t|move: Stealth Rock
|move|p2a: Bronzong|Rain Dance|p2a: Bronzong
|-weather|RainDance
|
|-weather|RainDance|[upkeep]
|-heal|p2a: Bronzong|91/100|[from] item: Leftovers
|upkeep
|turn|8
|
|t:|1641747116
|switch|p1a: Corviknight|Corviknight, F|90/100
|-ability|p1a: Corviknight|Pressure
|move|p2a: Bronzong|Weather Ball|p1a: Corviknight
|-damage|p1a: Corviknight|58/100
|
|-weather|RainDance|[upkeep]
|-heal|p2a: Bronzong|97/100|[from] item: Leftovers
|upkeep
|turn|9
|
|t:|1641747126
|move|p1a: Corviknight|Roost|p1a: Corviknight
|-heal|p1a: Corviknight|100/100
|-singleturn|p1a: Corviknight|move: Roost
|move|p2a: Bronzong|Calm Mind|p2a: Bronzong
|-boost|p2a: Bronzong|spa|1
|-boost|p2a: Bronzong|spd|1
|
|-weather|RainDance|[upkeep]
|-heal|p2a: Bronzong|100/100|[from] item: Leftovers
|upkeep
|turn|10
|
|t:|1641747136
|move|p1a: Corviknight|U-turn|p2a: Bronzong
|-damage|p2a: Bronzong|87/100
|
|t:|1641747148
|switch|p1a: Tapu Lele|Tapu Lele|100/100|[from]move: U-turn
|-fieldstart|move: Psychic Terrain|[from] ability: Psychic Surge|[of] p1a: Tapu Lele
|move|p2a: Bronzong|Weather Ball|p1a: Tapu Lele
|-damage|p1a: Tapu Lele|33/100
|
|-weather|RainDance|[upkeep]
|-heal|p2a: Bronzong|93/100|[from] item: Leftovers
|upkeep
|turn|11
|
|t:|1641747163
|move|p1a: Tapu Lele|Focus Blast|p2a: Bronzong|[miss]
|-miss|p1a: Tapu Lele|p2a: Bronzong
|move|p2a: Bronzong|Weather Ball|p1a: Tapu Lele
|-damage|p1a: Tapu Lele|0 fnt
|faint|p1a: Tapu Lele
|
|-weather|none
|-heal|p2a: Bronzong|99/100|[from] item: Leftovers
|upkeep
|
|t:|1641747176
|switch|p1a: Rillaboom|Rillaboom, M|100/100
|-fieldstart|move: Grassy Terrain|[from] ability: Grassy Surge|[of] p1a: Rillaboom
|turn|12
|
|t:|1641747183
|switch|p2a: Torkoal|Torkoal, F|100/100
|-damage|p2a: Torkoal|76/100|[from] Stealth Rock
|-weather|SunnyDay|[from] ability: Drought|[of] p2a: Torkoal
|move|p1a: Rillaboom|Bulk Up|p1a: Rillaboom
|-boost|p1a: Rillaboom|atk|1
|-boost|p1a: Rillaboom|def|1
|
|-weather|SunnyDay|[upkeep]
|-heal|p2a: Torkoal|82/100|[from] Grassy Terrain
|upkeep
|turn|13
|
|t:|1641747192
|move|p1a: Rillaboom|U-turn|p2a: Torkoal
|-resisted|p2a: Torkoal
|-damage|p2a: Torkoal|68/100
|
|t:|1641747195
|switch|p1a: Slowbro|Slowbro, M|96/100|[from]move: U-turn
|move|p2a: Torkoal|Eruption|p1a: Slowbro
|-resisted|p1a: Slowbro
|-damage|p1a: Slowbro|68/100
|
|-weather|SunnyDay|[upkeep]
|-heal|p1a: Slowbro|74/100|[from] Grassy Terrain
|-heal|p2a: Torkoal|74/100|[from] Grassy Terrain
|upkeep
|turn|14
|
|t:|1641747207
|switch|p2a: Bronzong|Bronzong, shiny|99/100
|-damage|p2a: Bronzong|93/100|[from] Stealth Rock
|move|p1a: Slowbro|Future Sight|p2a: Bronzong
|-start|p1a: Slowbro|move: Future Sight
|
|-weather|SunnyDay|[upkeep]
|-heal|p2a: Bronzong|99/100|[from] item: Leftovers
|-heal|p1a: Slowbro|80/100|[from] Grassy Terrain
|upkeep
|turn|15
|
|t:|1641747222
|switch|p1a: Clefable|Clefable, M|100/100
|move|p2a: Bronzong|Calm Mind|p2a: Bronzong
|-boost|p2a: Bronzong|spa|1
|-boost|p2a: Bronzong|spd|1
|
|-weather|SunnyDay|[upkeep]
|-heal|p2a: Bronzong|100/100|[from] item: Leftovers
|upkeep
|turn|16
|c|☆dado t dado t|!data clefable
|raw|<div class="message"><ul class="utilichart"><li class="result"><span class="col numcol">OU</span> <span class="col iconcol"><psicon pokemon="clefable"/></span> <span class="col pokemonnamecol" style="white-space:nowrap"><a href="https://dex.pokemonshowdown.com/pokemon/clefable" target="_blank">Clefable</a></span> <span class="col typecol"><img src="https://play.pokemonshowdown.com/sprites/types/Fairy.png" alt="Fairy" height="14" width="32"></span> <span style="float:left;min-height:26px"><span class="col twoabilitycol">Cute Charm<br />Magic Guard</span><span class="col abilitycol"><em>Unaware</em></span></span><span style="float:left;min-height:26px"><span class="col statcol"><em>HP</em><br />95</span> <span class="col statcol"><em>Atk</em><br />70</span> <span class="col statcol"><em>Def</em><br />73</span> <span class="col statcol"><em>SpA</em><br />95</span> <span class="col statcol"><em>SpD</em><br />90</span> <span class="col statcol"><em>Spe</em><br />60</span> <span class="col bstcol"><em>BST<br />483</em></span> </span></li><li style="clear:both"></li></ul></div>

|
|t:|1641747256
|move|p2a: Bronzong|Weather Ball|p1a: Clefable
|-damage|p1a: Clefable|48/100
|move|p1a: Clefable|Teleport|p1a: Clefable
|
|t:|1641747263
|switch|p1a: Slowbro|Slowbro, M|100/100|[from]move: Teleport
|
|-weather|none
|-end|p2a: Bronzong|move: Future Sight
|-resisted|p2a: Bronzong
|-damage|p2a: Bronzong|95/100
|-heal|p2a: Bronzong|100/100|[from] item: Leftovers
|-fieldend|move: Grassy Terrain
|upkeep
|turn|17
|
|t:|1641747273
|move|p2a: Bronzong|Calm Mind|p2a: Bronzong
|-boost|p2a: Bronzong|spa|1
|-boost|p2a: Bronzong|spd|1
|move|p1a: Slowbro|Future Sight|p2a: Bronzong
|-start|p1a: Slowbro|move: Future Sight
|
|upkeep
|turn|18
|
|t:|1641747278
|switch|p1a: Rillaboom|Rillaboom, M|100/100
|-fieldstart|move: Grassy Terrain|[from] ability: Grassy Surge|[of] p1a: Rillaboom
|move|p2a: Bronzong|Calm Mind|p2a: Bronzong
|-boost|p2a: Bronzong|spa|1
|-boost|p2a: Bronzong|spd|1
|
|upkeep
|turn|19
|
|t:|1641747286
|move|p1a: Rillaboom|Bulk Up|p1a: Rillaboom
|-boost|p1a: Rillaboom|atk|1
|-boost|p1a: Rillaboom|def|1
|move|p2a: Bronzong|Weather Ball|p1a: Rillaboom
|-damage|p1a: Rillaboom|53/100
|
|-end|p2a: Bronzong|move: Future Sight
|-resisted|p2a: Bronzong
|-damage|p2a: Bronzong|97/100
|-heal|p1a: Rillaboom|59/100|[from] Grassy Terrain
|-heal|p1a: Rillaboom|65/100|[from] item: Leftovers
|-heal|p2a: Bronzong|100/100|[from] item: Leftovers
|upkeep
|turn|20
|
|t:|1641747300
|switch|p2a: Torkoal|Torkoal, F|74/100
|-damage|p2a: Torkoal|49/100|[from] Stealth Rock
|-weather|SunnyDay|[from] ability: Drought|[of] p2a: Torkoal
|move|p1a: Rillaboom|Drain Punch|p2a: Torkoal
|-damage|p2a: Torkoal|18/100
|-heal|p1a: Rillaboom|81/100|[from] drain|[of] p2a: Torkoal
|
|-weather|SunnyDay|[upkeep]
|-heal|p1a: Rillaboom|87/100|[from] Grassy Terrain
|-heal|p1a: Rillaboom|93/100|[from] item: Leftovers
|-heal|p2a: Torkoal|24/100|[from] Grassy Terrain
|upkeep
|turn|21
|
|t:|1641747313
|move|p1a: Rillaboom|Drain Punch|p2a: Torkoal
|-damage|p2a: Torkoal|0 fnt
|-heal|p1a: Rillaboom|100/100|[from] drain|[of] p2a: Torkoal
|faint|p2a: Torkoal
|
|-weather|SunnyDay|[upkeep]
|upkeep
|
|t:|1641747319
|switch|p2a: Bronzong|Bronzong, shiny|100/100
|-damage|p2a: Bronzong|94/100|[from] Stealth Rock
|turn|22
|
|t:|1641747329
|switch|p1a: Slowbro|Slowbro, M|100/100
|move|p2a: Bronzong|Calm Mind|p2a: Bronzong
|-boost|p2a: Bronzong|spa|1
|-boost|p2a: Bronzong|spd|1
|
|-weather|SunnyDay|[upkeep]
|-heal|p2a: Bronzong|100/100|[from] item: Leftovers
|-fieldend|move: Grassy Terrain
|upkeep
|turn|23
|
|t:|1641747337
|move|p2a: Bronzong|Grass Knot|p1a: Slowbro
|-supereffective|p1a: Slowbro
|-damage|p1a: Slowbro|42/100
|move|p1a: Slowbro|Future Sight|p2a: Bronzong
|-start|p1a: Slowbro|move: Future Sight
|
|-weather|SunnyDay|[upkeep]
|upkeep
|turn|24
|
|t:|1641747346
|switch|p1a: Garchomp|Garchomp, M|80/100
|move|p2a: Bronzong|Calm Mind|p2a: Bronzong
|-boost|p2a: Bronzong|spa|1
|-boost|p2a: Bronzong|spd|1
|
|-weather|none
|upkeep
|turn|25
|
|t:|1641747353
|switch|p1a: Rillaboom|Rillaboom, M|100/100
|-fieldstart|move: Grassy Terrain|[from] ability: Grassy Surge|[of] p1a: Rillaboom
|move|p2a: Bronzong|Rain Dance|p2a: Bronzong
|-weather|RainDance
|
|-weather|RainDance|[upkeep]
|-end|p2a: Bronzong|move: Future Sight
|-resisted|p2a: Bronzong
|-damage|p2a: Bronzong|96/100
|-heal|p2a: Bronzong|100/100|[from] item: Leftovers
|upkeep
|turn|26
|
|t:|1641747365
|move|p1a: Rillaboom|Bulk Up|p1a: Rillaboom
|-boost|p1a: Rillaboom|atk|1
|-boost|p1a: Rillaboom|def|1
|move|p2a: Bronzong|Weather Ball|p1a: Rillaboom
|-resisted|p1a: Rillaboom
|-damage|p1a: Rillaboom|47/100
|
|-weather|RainDance|[upkeep]
|-heal|p1a: Rillaboom|53/100|[from] Grassy Terrain
|-heal|p1a: Rillaboom|60/100|[from] item: Leftovers
|upkeep
|turn|27
|
|t:|1641747376
|move|p1a: Rillaboom|Drain Punch|p2a: Bronzong
|-damage|p2a: Bronzong|61/100
|-heal|p1a: Rillaboom|79/100|[from] drain|[of] p2a: Bronzong
|move|p2a: Bronzong|Weather Ball|p1a: Rillaboom
|-resisted|p1a: Rillaboom
|-damage|p1a: Rillaboom|27/100
|
|-weather|RainDance|[upkeep]
|-heal|p1a: Rillaboom|33/100|[from] Grassy Terrain
|-heal|p1a: Rillaboom|39/100|[from] item: Leftovers
|-heal|p2a: Bronzong|67/100|[from] item: Leftovers
|upkeep
|turn|28
|
|t:|1641747387
|move|p1a: Rillaboom|Drain Punch|p2a: Bronzong
|-damage|p2a: Bronzong|33/100
|-heal|p1a: Rillaboom|56/100|[from] drain|[of] p2a: Bronzong
|move|p2a: Bronzong|Weather Ball|p1a: Rillaboom
|-resisted|p1a: Rillaboom
|-damage|p1a: Rillaboom|3/100
|
|-weather|RainDance|[upkeep]
|-heal|p1a: Rillaboom|9/100|[from] Grassy Terrain
|-heal|p1a: Rillaboom|15/100|[from] item: Leftovers
|-heal|p2a: Bronzong|39/100|[from] item: Leftovers
|upkeep
|turn|29
|
|t:|1641747413
|move|p1a: Rillaboom|Drain Punch|p2a: Bronzong
|-damage|p2a: Bronzong|5/100
|-heal|p1a: Rillaboom|32/100|[from] drain|[of] p2a: Bronzong
|move|p2a: Bronzong|Weather Ball|p1a: Rillaboom
|-resisted|p1a: Rillaboom
|-damage|p1a: Rillaboom|0 fnt
|faint|p1a: Rillaboom
|
|-weather|none
|-heal|p2a: Bronzong|11/100|[from] item: Leftovers
|-fieldend|move: Grassy Terrain
|upkeep
|
|t:|1641747424
|switch|p1a: Slowbro|Slowbro, M|75/100
|turn|30
|
|t:|1641747433
|move|p2a: Bronzong|Grass Knot|p1a: Slowbro
|-supereffective|p1a: Slowbro
|-damage|p1a: Slowbro|0 fnt
|faint|p1a: Slowbro
|
|-heal|p2a: Bronzong|17/100|[from] item: Leftovers
|upkeep
|-message|popterre2 forfeited.
|
|win|dado t dado t
|raw|popterre2's rating: 1108 &rarr; <strong>1080</strong><br />(-28 for losing)
|raw|dado t dado t's rating: 1067 &rarr; <strong>1100</strong><br />(+33 for winning)
|l|☆popterre2
