|j|☆Bluerhyno270
|j|☆Cap2n
|t:|1641847115
|gametype|singles
|player|p1|Bluerhyno270|hugh|
|player|p2|Cap2n|plasmagrunt|
|teamsize|p1|6
|teamsize|p2|6
|gen|8
|tier|[Gen 8] OU
|rule|Sleep Clause Mod: Limit one foe put to sleep
|rule|Species Clause: Limit one of each Pokémon
|rule|OHKO Clause: OHKO moves are banned
|rule|Evasion Moves Clause: Evasion moves are banned
|rule|Endless Battle Clause: Forcing endless battles is banned
|rule|HP Percentage Mod: HP is shown in percentages
|rule|Dynamax Clause: You cannot dynamax
|clearpoke
|poke|p1|Barraskewda, F|
|poke|p1|Politoed, F|
|poke|p1|Regieleki|
|poke|p1|Gyarados, F|
|poke|p1|Raichu-Alola, F|
|poke|p1|Aegislash, F|
|poke|p2|Slowbro, F|
|poke|p2|Lickilicky, M|
|poke|p2|Galvantula, M|
|poke|p2|Silvally-*|
|poke|p2|Togekiss, F|
|poke|p2|Venusaur, F|
|teampreview
|
|t:|1641847136
|start
|switch|p1a: Politoed|Politoed, F, shiny|100/100
|switch|p2a: Galvantula|Galvantula, M|100/100
|-weather|RainDance|[from] ability: Drizzle|[of] p1a: Politoed
|turn|1
|
|t:|1641847163
|switch|p1a: Regieleki|Regieleki|100/100
|move|p2a: Galvantula|Sticky Web|p1a: Regieleki
|-sidestart|p1: Bluerhyno270|move: Sticky Web
|
|-weather|RainDance|[upkeep]
|upkeep
|turn|2
|
|t:|1641847177
|switch|p2a: Lickilicky|Lickilicky, M|100/100
|-ability|p2a: Lickilicky|Cloud Nine
|move|p1a: Regieleki|Thunder Cage|p2a: Lickilicky|[miss]
|-miss|p1a: Regieleki|p2a: Lickilicky
|
|-weather|RainDance|[upkeep]
|upkeep
|turn|3
|c|☆Bluerhyno270|thats so unlucky
|
|t:|1641847213
|move|p1a: Regieleki|Thunder|p2a: Lickilicky
|-damage|p2a: Lickilicky|45/100
|-damage|p1a: Regieleki|91/100|[from] item: Life Orb
|move|p2a: Lickilicky|Knock Off|p1a: Regieleki
|-damage|p1a: Regieleki|54/100
|-enditem|p1a: Regieleki|Life Orb|[from] move: Knock Off|[of] p2a: Lickilicky
|
|-weather|RainDance|[upkeep]
|-heal|p2a: Lickilicky|51/100|[from] item: Leftovers
|upkeep
|turn|4
|
|t:|1641847228
|move|p2a: Lickilicky|Protect|p2a: Lickilicky
|-singleturn|p2a: Lickilicky|Protect
|move|p1a: Regieleki|Thunder|p2a: Lickilicky
|-activate|p2a: Lickilicky|move: Protect
|
|-weather|RainDance|[upkeep]
|-heal|p2a: Lickilicky|57/100|[from] item: Leftovers
|upkeep
|turn|5
|c|☆Bluerhyno270|i despise that thing
|
|t:|1641847257
|move|p1a: Regieleki|Thunder|p2a: Lickilicky
|-damage|p2a: Lickilicky|13/100
|move|p2a: Lickilicky|Wish|p2a: Lickilicky
|
|-weather|none
|-heal|p2a: Lickilicky|20/100|[from] item: Leftovers
|upkeep
|turn|6
|
|t:|1641847278
|switch|p1a: Aegislash|Aegislash, F|100/100
|-activate|p1a: Aegislash|move: Sticky Web
|-unboost|p1a: Aegislash|spe|1
|move|p2a: Lickilicky|Protect||[still]
|-fail|p2a: Lickilicky
|
|-heal|p2a: Lickilicky|70/100|[from] move: Wish|[wisher] Lickilicky
|-heal|p2a: Lickilicky|76/100|[from] item: Leftovers
|upkeep
|turn|7
|
|t:|1641847293
|move|p2a: Lickilicky|Protect|p2a: Lickilicky
|-singleturn|p2a: Lickilicky|Protect
|-formechange|p1a: Aegislash|Aegislash-Blade||[from] ability: Stance Change
|move|p1a: Aegislash|Sacred Sword|p2a: Lickilicky
|-activate|p2a: Lickilicky|move: Protect
|
|-heal|p2a: Lickilicky|82/100|[from] item: Leftovers
|upkeep
|turn|8
|
|t:|1641847324
|switch|p2a: Silvally|Silvally-Grass|100/100
|move|p1a: Aegislash|Sacred Sword|p2a: Silvally
|-damage|p2a: Silvally|65/100
|
|upkeep
|turn|9
|
|t:|1641847360
|-formechange|p1a: Aegislash|Aegislash||[from] ability: Stance Change
|move|p1a: Aegislash|King's Shield|p1a: Aegislash
|-singleturn|p1a: Aegislash|Protect
|move|p2a: Silvally|Tailwind|p2a: Silvally
|-sidestart|p2: Cap2n|move: Tailwind
|
|upkeep
|turn|10
|
|t:|1641847376
|move|p2a: Silvally|Crunch|p1a: Aegislash
|-supereffective|p1a: Aegislash
|-damage|p1a: Aegislash|62/100
|-formechange|p1a: Aegislash|Aegislash-Blade||[from] ability: Stance Change
|move|p1a: Aegislash|Iron Head|p2a: Silvally
|-damage|p2a: Silvally|16/100
|
|upkeep
|turn|11
|
|t:|1641847390
|switch|p2a: Lickilicky|Lickilicky, M|82/100
|-ability|p2a: Lickilicky|Cloud Nine
|-formechange|p1a: Aegislash|Aegislash||[from] ability: Stance Change
|move|p1a: Aegislash|King's Shield||[still]
|-fail|p1a: Aegislash
|
|-heal|p2a: Lickilicky|88/100|[from] item: Leftovers
|upkeep
|turn|12
|
|t:|1641847422
|switch|p1a: Politoed|Politoed, F, shiny|100/100
|-activate|p1a: Politoed|move: Sticky Web
|-unboost|p1a: Politoed|spe|1
|-weather|RainDance|[from] ability: Drizzle|[of] p1a: Politoed
|move|p2a: Lickilicky|Thunderbolt|p1a: Politoed
|-supereffective|p1a: Politoed
|-damage|p1a: Politoed|71/100
|
|-weather|RainDance|[upkeep]
|-heal|p2a: Lickilicky|94/100|[from] item: Leftovers
|-sideend|p2: Cap2n|move: Tailwind
|upkeep
|turn|13
|
|t:|1641847433
|move|p2a: Lickilicky|Knock Off|p1a: Politoed
|-damage|p1a: Politoed|52/100
|-enditem|p1a: Politoed|Focus Sash|[from] move: Knock Off|[of] p2a: Lickilicky
|move|p1a: Politoed|Toxic|p2a: Lickilicky
|-status|p2a: Lickilicky|tox
|
|-weather|RainDance|[upkeep]
|-heal|p2a: Lickilicky|99/100 tox|[from] item: Leftovers
|-damage|p2a: Lickilicky|94/100 tox|[from] psn
|upkeep
|turn|14
|c|☆Bluerhyno270|haha
|
|t:|1641847459
|switch|p1a: Aegislash|Aegislash, F|62/100
|-activate|p1a: Aegislash|move: Sticky Web
|-unboost|p1a: Aegislash|spe|1
|move|p2a: Lickilicky|Wish|p2a: Lickilicky
|
|-weather|RainDance|[upkeep]
|-heal|p2a: Lickilicky|99/100 tox|[from] item: Leftovers
|-damage|p2a: Lickilicky|88/100 tox|[from] psn
|upkeep
|turn|15
|
|t:|1641847485
|switch|p2a: Venusaur|Venusaur, F|100/100
|-formechange|p1a: Aegislash|Aegislash-Blade||[from] ability: Stance Change
|move|p1a: Aegislash|Iron Head|p2a: Venusaur
|-damage|p2a: Venusaur|49/100
|
|-weather|RainDance|[upkeep]
|-heal|p2a: Venusaur|100/100|[from] move: Wish|[wisher] Lickilicky
|upkeep
|turn|16
|
|t:|1641847507
|move|p2a: Venusaur|Earth Power|p1a: Aegislash
|-supereffective|p1a: Aegislash
|-damage|p1a: Aegislash|0 fnt
|faint|p1a: Aegislash
|-damage|p2a: Venusaur|91/100|[from] item: Life Orb
|
|-weather|none
|upkeep
|
|t:|1641847521
|switch|p1a: Raichu|Raichu-Alola, F, shiny|100/100
|-activate|p1a: Raichu|move: Sticky Web
|-unboost|p1a: Raichu|spe|1
|turn|17
|
|t:|1641847531
|switch|p2a: Lickilicky|Lickilicky, M|88/100 tox
|-ability|p2a: Lickilicky|Cloud Nine
|move|p1a: Raichu|Nasty Plot|p1a: Raichu
|-boost|p1a: Raichu|spa|2
|
|-heal|p2a: Lickilicky|94/100 tox|[from] item: Leftovers
|-damage|p2a: Lickilicky|88/100 tox|[from] psn
|upkeep
|turn|18
|
|t:|1641847541
|move|p1a: Raichu|Nasty Plot|p1a: Raichu
|-boost|p1a: Raichu|spa|2
|move|p2a: Lickilicky|Knock Off|p1a: Raichu
|-supereffective|p1a: Raichu
|-damage|p1a: Raichu|20/100
|-enditem|p1a: Raichu|Sitrus Berry|[from] move: Knock Off|[of] p2a: Lickilicky
|
|-heal|p2a: Lickilicky|94/100 tox|[from] item: Leftovers
|-damage|p2a: Lickilicky|82/100 tox|[from] psn
|upkeep
|turn|19
|
|t:|1641847551
|move|p1a: Raichu|Psychic|p2a: Lickilicky
|-damage|p2a: Lickilicky|15/100 tox
|move|p2a: Lickilicky|Knock Off|p1a: Raichu
|-supereffective|p1a: Raichu
|-damage|p1a: Raichu|0 fnt
|faint|p1a: Raichu
|
|-heal|p2a: Lickilicky|21/100 tox|[from] item: Leftovers
|-damage|p2a: Lickilicky|2/100 tox|[from] psn
|upkeep
|
|t:|1641847560
|switch|p1a: Regieleki|Regieleki|54/100
|-activate|p1a: Regieleki|move: Sticky Web
|-unboost|p1a: Regieleki|spe|1
|turn|20
|
|t:|1641847566
|move|p1a: Regieleki|Extreme Speed|p2a: Lickilicky
|-damage|p2a: Lickilicky|0 fnt
|faint|p2a: Lickilicky
|
|upkeep
|
|t:|1641847580
|switch|p2a: Galvantula|Galvantula, M|100/100
|turn|21
|
|t:|1641847589
|move|p2a: Galvantula|Bug Buzz|p1a: Regieleki
|-damage|p1a: Regieleki|0 fnt
|faint|p1a: Regieleki
|
|upkeep
|
|t:|1641847601
|switch|p1a: Politoed|Politoed, F, shiny|52/100
|-activate|p1a: Politoed|move: Sticky Web
|-unboost|p1a: Politoed|spe|1
|-weather|RainDance|[from] ability: Drizzle|[of] p1a: Politoed
|turn|22
|
|t:|1641847609
|move|p2a: Galvantula|Thunder|p1a: Politoed
|-supereffective|p1a: Politoed
|-damage|p1a: Politoed|0 fnt
|faint|p1a: Politoed
|
|-weather|RainDance|[upkeep]
|upkeep
|
|t:|1641847621
|switch|p1a: Barraskewda|Barraskewda, F, shiny|100/100
|-activate|p1a: Barraskewda|move: Sticky Web
|-unboost|p1a: Barraskewda|spe|1
|turn|23
|
|t:|1641847647
|move|p1a: Barraskewda|Waterfall|p2a: Galvantula
|-enditem|p2a: Galvantula|Focus Sash
|-damage|p2a: Galvantula|1/100
|-damage|p1a: Barraskewda|91/100|[from] item: Life Orb
|move|p2a: Galvantula|Thunder|p1a: Barraskewda
|-supereffective|p1a: Barraskewda
|-damage|p1a: Barraskewda|0 fnt
|faint|p1a: Barraskewda
|
|-weather|RainDance|[upkeep]
|upkeep
|
|t:|1641847657
|switch|p1a: Gyarados|Gyarados, F, shiny|100/100
|-ability|p1a: Gyarados|Intimidate|boost
|-unboost|p2a: Galvantula|atk|1
|turn|24
|
|t:|1641847676
|move|p2a: Galvantula|Volt Switch|p1a: Gyarados
|-supereffective|p1a: Gyarados
|-damage|p1a: Gyarados|0 fnt
|faint|p1a: Gyarados
|
|win|Cap2n
|c|☆Cap2n|gg
