|j|☆Son of a glitch21
|j|☆Dand3lion1989
|t:|1641813844
|gametype|singles
|player|p1|Son of a glitch21|266|1347
|player|p2|Dand3lion1989|265|1338
|teamsize|p1|6
|teamsize|p2|6
|gen|8
|tier|[Gen 8] OU
|rated|
|rule|Sleep Clause Mod: Limit one foe put to sleep
|rule|Species Clause: Limit one of each Pokémon
|rule|OHKO Clause: OHKO moves are banned
|rule|Evasion Moves Clause: Evasion moves are banned
|rule|Endless Battle Clause: Forcing endless battles is banned
|rule|HP Percentage Mod: HP is shown in percentages
|rule|Dynamax Clause: You cannot dynamax
|clearpoke
|poke|p1|Dragapult, F|
|poke|p1|Corviknight, M|
|poke|p1|Clefable, M|
|poke|p1|Rillaboom, M|
|poke|p1|Volcanion|
|poke|p1|Garchomp, F|
|poke|p2|Corviknight, F|
|poke|p2|Heatran, M|
|poke|p2|Hippowdon, F|
|poke|p2|Toxapex, M|
|poke|p2|Kartana|
|poke|p2|Tapu Lele|
|teampreview
|c|☆Son of a glitch21|gl
|
|t:|1641813852
|start
|switch|p1a: Cynthia|Garchomp, F, shiny|100/100
|switch|p2a: Hippowdon|Hippowdon, F|100/100
|turn|1
|
|t:|1641813873
|move|p1a: Cynthia|Swords Dance|p1a: Cynthia
|-boost|p1a: Cynthia|atk|2
|move|p2a: Hippowdon|Ice Fang|p1a: Cynthia
|-supereffective|p1a: Cynthia
|-damage|p1a: Cynthia|34/100
|-status|p1a: Cynthia|frz
|-damage|p2a: Hippowdon|88/100|[from] ability: Rough Skin|[of] p1a: Cynthia
|
|upkeep
|turn|2
|c|☆Son of a glitch21|extremely funny
|
|t:|1641813890
|-curestatus|p1a: Cynthia|frz|[msg]
|move|p1a: Cynthia|Earthquake|p2a: Hippowdon
|-damage|p2a: Hippowdon|13/100
|move|p2a: Hippowdon|Stealth Rock|p1a: Cynthia
|-sidestart|p1: Son of a glitch21|move: Stealth Rock
|
|upkeep
|turn|3
|c|☆Son of a glitch21|thanks cynthia
|
|t:|1641813905
|switch|p2a: Corviknight|Corviknight, F|100/100
|-ability|p2a: Corviknight|Pressure
|move|p1a: Cynthia|Scale Shot|p2a: Corviknight
|-resisted|p2a: Corviknight
|-damage|p2a: Corviknight|92/100
|-resisted|p2a: Corviknight
|-damage|p2a: Corviknight|82/100
|-resisted|p2a: Corviknight
|-damage|p2a: Corviknight|74/100
|-hitcount|p2a: Corviknight|3
|-unboost|p1a: Cynthia|def|1
|-boost|p1a: Cynthia|spe|1
|
|upkeep
|turn|4
|
|t:|1641813919
|move|p1a: Cynthia|Stealth Rock|p2a: Corviknight
|-sidestart|p2: Dand3lion1989|move: Stealth Rock
|move|p2a: Corviknight|Brave Bird|p1a: Cynthia
|-damage|p1a: Cynthia|0 fnt
|-damage|p2a: Corviknight|61/100|[from] ability: Rough Skin|[of] p1a: Cynthia
|faint|p1a: Cynthia
|-damage|p2a: Corviknight|51/100|[from] Recoil
|
|upkeep
|
|t:|1641813944
|switch|p1a: Volcanion|Volcanion|100/100
|-damage|p1a: Volcanion|76/100|[from] Stealth Rock
|turn|5
|
|t:|1641813959
|switch|p2a: Toxapex|Toxapex, M|100/100
|-damage|p2a: Toxapex|88/100|[from] Stealth Rock
|move|p1a: Volcanion|Steam Eruption|p2a: Toxapex
|-resisted|p2a: Toxapex
|-damage|p2a: Toxapex|47/100
|
|upkeep
|turn|6
|
|t:|1641813987
|switch|p1a: Corviknight|Corviknight, M, shiny|100/100
|-damage|p1a: Corviknight|88/100|[from] Stealth Rock
|-ability|p1a: Corviknight|Pressure
|move|p2a: Toxapex|Recover|p2a: Toxapex
|-heal|p2a: Toxapex|97/100
|
|upkeep
|turn|7
|
|t:|1641814013
|move|p1a: Corviknight|Defog|p2a: Toxapex
|-unboost|p2a: Toxapex|evasion|1
|-sideend|p2: Dand3lion1989|Stealth Rock|[from] move: Defog|[of] p1a: Corviknight
|-sideend|p1: Son of a glitch21|Stealth Rock|[from] move: Defog|[of] p1a: Corviknight
|move|p2a: Toxapex|Knock Off|p1a: Corviknight
|-damage|p1a: Corviknight|79/100
|-enditem|p1a: Corviknight|Shed Shell|[from] move: Knock Off|[of] p2a: Toxapex
|
|upkeep
|turn|8
|c|☆Son of a glitch21|i think i have stupid
|c|☆Dand3lion1989|Lol
|c|☆Dand3lion1989|y
|
|t:|1641814040
|switch|p1a: Volcanion|Volcanion|76/100
|move|p2a: Toxapex|Toxic Spikes|p1a: Volcanion
|-sidestart|p1: Son of a glitch21|move: Toxic Spikes
|
|upkeep
|turn|9
|
|t:|1641814052
|move|p1a: Volcanion|Earth Power|p2a: Toxapex
|-supereffective|p2a: Toxapex
|-damage|p2a: Toxapex|4/100
|move|p2a: Toxapex|Knock Off|p1a: Volcanion
|-damage|p1a: Volcanion|64/100
|-enditem|p1a: Volcanion|Choice Specs|[from] move: Knock Off|[of] p2a: Toxapex
|
|upkeep
|turn|10
|c|☆Son of a glitch21|well maybe i dont
|inactive|Battle timer is ON: inactive players will automatically lose when time's up. (requested by Son of a glitch21)
|
|t:|1641814115
|switch|p2a: Hippowdon|Hippowdon, F|13/100
|move|p1a: Volcanion|Steam Eruption|p2a: Hippowdon
|-supereffective|p2a: Hippowdon
|-damage|p2a: Hippowdon|0 fnt
|faint|p2a: Hippowdon
|
|upkeep
|
|t:|1641814122
|switch|p2a: Tapu Lele|Tapu Lele|100/100
|-fieldstart|move: Psychic Terrain|[from] ability: Psychic Surge|[of] p2a: Tapu Lele
|turn|11
|
|t:|1641814134
|move|p2a: Tapu Lele|Focus Blast|p1a: Volcanion
|-damage|p1a: Volcanion|19/100
|move|p1a: Volcanion|Flash Cannon|p2a: Tapu Lele
|-supereffective|p2a: Tapu Lele
|-damage|p2a: Tapu Lele|39/100
|
|upkeep
|turn|12
|
|t:|1641814154
|move|p2a: Tapu Lele|Focus Blast|p1a: Volcanion|[miss]
|-miss|p2a: Tapu Lele|p1a: Volcanion
|move|p1a: Volcanion|Flash Cannon|p2a: Tapu Lele
|-supereffective|p2a: Tapu Lele
|-damage|p2a: Tapu Lele|0 fnt
|faint|p2a: Tapu Lele
|
|upkeep
|c|☆Son of a glitch21|your tapu lele has stupid
|
|t:|1641814173
|switch|p2a: Kartana|Kartana|100/100
|turn|13
|
|t:|1641814178
|move|p2a: Kartana|Knock Off|p1a: Volcanion
|-damage|p1a: Volcanion|0 fnt
|faint|p1a: Volcanion
|-ability|p2a: Kartana|Beast Boost|boost
|-boost|p2a: Kartana|atk|1
|
|upkeep
|
|t:|1641814184
|switch|p1a: Corviknight|Corviknight, M, shiny|79/100
|-ability|p1a: Corviknight|Pressure
|turn|14
|
|t:|1641814191
|move|p2a: Kartana|Knock Off|p1a: Corviknight
|-damage|p1a: Corviknight|55/100
|move|p1a: Corviknight|Iron Defense|p1a: Corviknight
|-boost|p1a: Corviknight|def|2
|
|upkeep
|turn|15
|
|t:|1641814207
|switch|p2a: Toxapex|Toxapex, M|38/100
|move|p1a: Corviknight|Defog|p2a: Toxapex
|-unboost|p2a: Toxapex|evasion|1
|-sideend|p1: Son of a glitch21|Toxic Spikes|[from] move: Defog|[of] p1a: Corviknight
|-fieldend|move: Psychic Terrain
|
|upkeep
|turn|16
|
|t:|1641814216
|move|p1a: Corviknight|Body Press|p2a: Toxapex
|-resisted|p2a: Toxapex
|-damage|p2a: Toxapex|23/100
|-damage|p1a: Corviknight|39/100|[from] item: Rocky Helmet|[of] p2a: Toxapex
|move|p2a: Toxapex|Recover|p2a: Toxapex
|-heal|p2a: Toxapex|73/100
|
|upkeep
|turn|17
|
|t:|1641814224
|move|p1a: Corviknight|Roost|p1a: Corviknight
|-heal|p1a: Corviknight|89/100
|-singleturn|p1a: Corviknight|move: Roost
|move|p2a: Toxapex|Recover|p2a: Toxapex
|-heal|p2a: Toxapex|100/100
|
|upkeep
|turn|18
|
|t:|1641814243
|switch|p1a: MONKE|Rillaboom, M|100/100
|-fieldstart|move: Grassy Terrain|[from] ability: Grassy Surge|[of] p1a: MONKE
|move|p2a: Toxapex|Haze|p2a: Toxapex
|-clearallboost
|
|upkeep
|turn|19
|
|t:|1641814258
|move|p1a: MONKE|Swords Dance|p1a: MONKE
|-boost|p1a: MONKE|atk|2
|move|p2a: Toxapex|Knock Off|p1a: MONKE
|-damage|p1a: MONKE|86/100
|-enditem|p1a: MONKE|Life Orb|[from] move: Knock Off|[of] p2a: Toxapex
|
|-heal|p1a: MONKE|92/100|[from] Grassy Terrain
|upkeep
|turn|20
|
|t:|1641814266
|move|p1a: MONKE|Grassy Glide|p2a: Toxapex
|-damage|p2a: Toxapex|37/100
|-damage|p1a: MONKE|76/100|[from] item: Rocky Helmet|[of] p2a: Toxapex
|move|p2a: Toxapex|Haze|p2a: Toxapex
|-clearallboost
|
|-heal|p1a: MONKE|82/100|[from] Grassy Terrain
|-heal|p2a: Toxapex|43/100|[from] Grassy Terrain
|upkeep
|turn|21
|
|t:|1641814277
|switch|p2a: Corviknight|Corviknight, F|51/100
|-ability|p2a: Corviknight|Pressure
|move|p1a: MONKE|Swords Dance|p1a: MONKE
|-boost|p1a: MONKE|atk|2
|
|-heal|p1a: MONKE|88/100|[from] Grassy Terrain
|upkeep
|turn|22
|
|t:|1641814287
|move|p1a: MONKE|Knock Off|p2a: Corviknight
|-damage|p2a: Corviknight|3/100
|-damage|p1a: MONKE|71/100|[from] item: Rocky Helmet|[of] p2a: Corviknight
|-enditem|p2a: Corviknight|Rocky Helmet|[from] move: Knock Off|[of] p1a: MONKE
|move|p2a: Corviknight|Roost|p2a: Corviknight
|-heal|p2a: Corviknight|54/100
|-singleturn|p2a: Corviknight|move: Roost
|
|-heal|p1a: MONKE|78/100|[from] Grassy Terrain
|-heal|p2a: Corviknight|60/100|[from] Grassy Terrain
|-fieldend|move: Grassy Terrain
|upkeep
|turn|23
|
|t:|1641814309
|move|p1a: MONKE|Swords Dance|p1a: MONKE
|-boost|p1a: MONKE|atk|2
|move|p2a: Corviknight|Brave Bird|p1a: MONKE
|-supereffective|p1a: MONKE
|-damage|p1a: MONKE|6/100
|-damage|p2a: Corviknight|35/100|[from] Recoil
|
|upkeep
|turn|24
|
|t:|1641814337
|move|p1a: MONKE|Superpower|p2a: Corviknight
|-damage|p2a: Corviknight|0 fnt
|-unboost|p1a: MONKE|atk|1
|-unboost|p1a: MONKE|def|1
|faint|p2a: Corviknight
|
|upkeep
|
|t:|1641814344
|switch|p2a: Kartana|Kartana|100/100
|turn|25
|
|t:|1641814349
|switch|p1a: Corviknight|Corviknight, M, shiny|89/100
|-ability|p1a: Corviknight|Pressure
|move|p2a: Kartana|Knock Off|p1a: Corviknight
|-damage|p1a: Corviknight|70/100
|
|upkeep
|turn|26
|
|t:|1641814356
|switch|p2a: Heatran|Heatran, M|100/100
|move|p1a: Corviknight|Iron Defense|p1a: Corviknight
|-boost|p1a: Corviknight|def|2
|
|upkeep
|turn|27
|
|t:|1641814368
|switch|p1a: Clefable|Clefable, M|100/100
|move|p2a: Heatran|Magma Storm|p1a: Clefable
|-damage|p1a: Clefable|58/100
|-activate|p1a: Clefable|move: Magma Storm|[of] p2a: Heatran
|
|-heal|p1a: Clefable|64/100|[from] item: Leftovers
|-damage|p1a: Clefable|51/100|[from] move: Magma Storm|[partiallytrapped]
|upkeep
|turn|28
|
|t:|1641814377
|move|p2a: Heatran|Taunt|p1a: Clefable
|-start|p1a: Clefable|move: Taunt
|move|p1a: Clefable|Moonblast|p2a: Heatran
|-resisted|p2a: Heatran
|-damage|p2a: Heatran|96/100
|
|-heal|p2a: Heatran|100/100|[from] item: Leftovers
|-heal|p1a: Clefable|57/100|[from] item: Leftovers
|-damage|p1a: Clefable|45/100|[from] move: Magma Storm|[partiallytrapped]
|upkeep
|turn|29
|
|t:|1641814387
|move|p2a: Heatran|Magma Storm|p1a: Clefable|[miss]
|-miss|p2a: Heatran|p1a: Clefable
|move|p1a: Clefable|Moonblast|p2a: Heatran
|-resisted|p2a: Heatran
|-damage|p2a: Heatran|96/100
|-unboost|p2a: Heatran|spa|1
|
|-heal|p2a: Heatran|100/100|[from] item: Leftovers
|-heal|p1a: Clefable|51/100|[from] item: Leftovers
|-damage|p1a: Clefable|39/100|[from] move: Magma Storm|[partiallytrapped]
|upkeep
|turn|30
|
|t:|1641814398
|move|p2a: Heatran|Magma Storm|p1a: Clefable
|-damage|p1a: Clefable|0 fnt
|faint|p1a: Clefable
|
|upkeep
|
|t:|1641814405
|switch|p1a: MONKE|Rillaboom, M|6/100
|-fieldstart|move: Grassy Terrain|[from] ability: Grassy Surge|[of] p1a: MONKE
|turn|31
|
|t:|1641814415
|switch|p2a: Toxapex|Toxapex, M|76/100
|move|p1a: MONKE|Superpower|p2a: Toxapex
|-resisted|p2a: Toxapex
|-damage|p2a: Toxapex|62/100
|-unboost|p1a: MONKE|atk|1
|-unboost|p1a: MONKE|def|1
|-damage|p1a: MONKE|0 fnt|[from] item: Rocky Helmet|[of] p2a: Toxapex
|faint|p1a: MONKE
|
|-heal|p2a: Toxapex|68/100|[from] Grassy Terrain
|upkeep
|
|t:|1641814426
|switch|p1a: Draconids|Dragapult, F|100/100
|turn|32
|
|t:|1641814435
|move|p1a: Draconids|Dragon Dance|p1a: Draconids
|-boost|p1a: Draconids|atk|1
|-boost|p1a: Draconids|spe|1
|move|p2a: Toxapex|Knock Off|p1a: Draconids
|-supereffective|p1a: Draconids
|-crit|p1a: Draconids
|-damage|p1a: Draconids|56/100
|-enditem|p1a: Draconids|Leftovers|[from] move: Knock Off|[of] p2a: Toxapex
|
|-heal|p1a: Draconids|62/100|[from] Grassy Terrain
|-heal|p2a: Toxapex|74/100|[from] Grassy Terrain
|upkeep
|turn|33
|
|t:|1641814445
|move|p1a: Draconids|Dragon Darts|p2a: Toxapex
|-damage|p2a: Toxapex|57/100
|-anim|p1a: Draconids|Dragon Darts|p2a: Toxapex
|-damage|p2a: Toxapex|37/100
|move|p2a: Toxapex|Haze|p2a: Toxapex
|-clearallboost
|
|-heal|p1a: Draconids|68/100|[from] Grassy Terrain
|-heal|p2a: Toxapex|43/100|[from] Grassy Terrain
|upkeep
|turn|34
|c|☆Son of a glitch21|shhseeshshh
|c|☆Son of a glitch21|gg
|-message|Son of a glitch21 forfeited.
|
|win|Dand3lion1989
|raw|Son of a glitch21's rating: 1347 &rarr; <strong>1326</strong><br />(-21 for losing)
|raw|Dand3lion1989's rating: 1338 &rarr; <strong>1359</strong><br />(+21 for winning)
|l|☆Son of a glitch21
