|j|☆massive mong
|j|☆strangerinoceros
|t:|1641745061
|gametype|singles
|player|p1|massive mong|266|1328
|player|p2|strangerinoceros|266|1300
|teamsize|p1|6
|teamsize|p2|6
|gen|8
|tier|[Gen 8] OU
|rated|
|rule|Sleep Clause Mod: Limit one foe put to sleep
|rule|Species Clause: Limit one of each Pokémon
|rule|OHKO Clause: OHKO moves are banned
|rule|Evasion Moves Clause: Evasion moves are banned
|rule|Endless Battle Clause: Forcing endless battles is banned
|rule|HP Percentage Mod: HP is shown in percentages
|rule|Dynamax Clause: You cannot dynamax
|clearpoke
|poke|p1|Slowking-Galar, F|
|poke|p1|Buzzwole|
|poke|p1|Latios, M|
|poke|p1|Tapu Lele|
|poke|p1|Tornadus-Therian, M|
|poke|p1|Landorus-Therian, M|
|poke|p2|Grimmsnarl, M|
|poke|p2|Tapu Koko|
|poke|p2|Regieleki|
|poke|p2|Latios, M|
|poke|p2|Slurpuff, F|
|poke|p2|Galvantula, F|
|teampreview
|inactive|Battle timer is ON: inactive players will automatically lose when time's up. (requested by massive mong)
|c|☆strangerinoceros|gl hf
|
|t:|1641745086
|start
|switch|p1a: Slowking|Slowking-Galar, F|100/100
|switch|p2a: Galvantula|Galvantula, F|100/100
|turn|1
|
|t:|1641745092
|move|p2a: Galvantula|Thunder Wave|p1a: Slowking
|-status|p1a: Slowking|par
|move|p1a: Slowking|Future Sight|p2a: Galvantula
|-start|p1a: Slowking|move: Future Sight
|
|upkeep
|turn|2
|
|t:|1641745098
|move|p2a: Galvantula|Sticky Web|p1a: Slowking
|-sidestart|p1: massive mong|move: Sticky Web
|move|p1a: Slowking|Sludge Bomb|p2a: Galvantula
|-damage|p2a: Galvantula|15/100
|
|upkeep
|turn|3
|
|t:|1641745106
|move|p2a: Galvantula|Thunder|p1a: Slowking
|-damage|p1a: Slowking|74/100 par
|move|p1a: Slowking|Sludge Bomb|p2a: Galvantula
|-damage|p2a: Galvantula|0 fnt
|faint|p2a: Galvantula
|
|-hint|Future Sight did not hit because the target is fainted.
|upkeep
|
|t:|1641745121
|switch|p2a: Tapu Koko|Tapu Koko|100/100
|-fieldstart|move: Electric Terrain|[from] ability: Electric Surge|[of] p2a: Tapu Koko
|turn|4
|
|t:|1641745127
|switch|p1a: Landorus|Landorus-Therian, M|100/100
|-ability|p1a: Landorus|Intimidate|boost
|-unboost|p2a: Tapu Koko|atk|1
|move|p2a: Tapu Koko|Light Screen|p2a: Tapu Koko
|-sidestart|p2: strangerinoceros|move: Light Screen
|
|upkeep
|turn|5
|
|t:|1641745133
|move|p2a: Tapu Koko|Reflect|p2a: Tapu Koko
|-sidestart|p2: strangerinoceros|Reflect
|move|p1a: Landorus|Earthquake|p2a: Tapu Koko
|-supereffective|p2a: Tapu Koko
|-damage|p2a: Tapu Koko|50/100
|
|upkeep
|turn|6
|
|t:|1641745138
|move|p2a: Tapu Koko|U-turn|p1a: Landorus
|-resisted|p1a: Landorus
|-damage|p1a: Landorus|95/100
|
|t:|1641745141
|switch|p2a: Grimmsnarl|Grimmsnarl, M|100/100|[from]move: U-turn
|move|p1a: Landorus|Defog|p2a: Grimmsnarl
|-unboost|p2a: Grimmsnarl|evasion|1
|-sideend|p2: strangerinoceros|Reflect
|-sideend|p2: strangerinoceros|move: Light Screen
|-sideend|p1: massive mong|Sticky Web|[from] move: Defog|[of] p1a: Landorus
|-fieldend|move: Electric Terrain
|
|-heal|p1a: Landorus|100/100|[from] item: Leftovers
|upkeep
|turn|7
|
|t:|1641745150
|switch|p1a: Slowking|Slowking-Galar, F|100/100 par
|move|p2a: Grimmsnarl|Trick|p1a: Slowking
|-activate|p2a: Grimmsnarl|move: Trick|[of] p1a: Slowking
|-item|p1a: Slowking|Ring Target|[from] move: Trick
|-item|p2a: Grimmsnarl|Assault Vest|[from] move: Trick
|
|upkeep
|turn|8
|-message|strangerinoceros forfeited.
|
|win|massive mong
|raw|massive mong's rating: 1328 &rarr; <strong>1346</strong><br />(+18 for winning)
|raw|strangerinoceros's rating: 1300 &rarr; <strong>1277</strong><br />(-23 for losing)
|l|☆strangerinoceros
