|j|☆8jaggery
|j|‽testingbot42o
|t:|1641851546
|gametype|singles
|player|p1|8jaggery|2|1181
|player|p2|testingbot42o|102|1140
|teamsize|p1|6
|teamsize|p2|6
|gen|8
|tier|[Gen 8] OU
|rated|
|rule|Sleep Clause Mod: Limit one foe put to sleep
|rule|Species Clause: Limit one of each Pokémon
|rule|OHKO Clause: OHKO moves are banned
|rule|Evasion Moves Clause: Evasion moves are banned
|rule|Endless Battle Clause: Forcing endless battles is banned
|rule|HP Percentage Mod: HP is shown in percentages
|rule|Dynamax Clause: You cannot dynamax
|clearpoke
|poke|p1|Hawlucha, M|
|poke|p1|Rillaboom, F|
|poke|p1|Heatran, F|
|poke|p1|Dragapult, F|
|poke|p1|Clefable, F|
|poke|p1|Blastoise, F|
|poke|p2|Clefable, M|
|poke|p2|Corviknight, M|
|poke|p2|Hydreigon, F|
|poke|p2|Rotom-Wash|
|poke|p2|Hippowdon, F|
|poke|p2|Excadrill, M|
|teampreview
|inactive|Battle timer is ON: inactive players will automatically lose when time's up. (requested by testingbot42o)
|
|t:|1641851566
|start
|switch|p1a: Rillaboom|Rillaboom, F|100/100
|switch|p2a: Rotom|Rotom-Wash|100/100
|-fieldstart|move: Grassy Terrain|[from] ability: Grassy Surge|[of] p1a: Rillaboom
|turn|1
|
|t:|1641851576
|switch|p2a: Corviknight|Corviknight, M|100/100
|-ability|p2a: Corviknight|Pressure
|move|p1a: Rillaboom|Grassy Glide|p2a: Corviknight
|-resisted|p2a: Corviknight
|-damage|p2a: Corviknight|90/100
|
|-heal|p2a: Corviknight|96/100|[from] item: Leftovers
|upkeep
|turn|2
|
|t:|1641851585
|switch|p1a: Heatran|Heatran, F|100/100
|-item|p1a: Heatran|Air Balloon
|move|p2a: Corviknight|Bulk Up|p2a: Corviknight
|-boost|p2a: Corviknight|atk|1
|-boost|p2a: Corviknight|def|1
|
|-heal|p2a: Corviknight|100/100|[from] item: Leftovers
|upkeep
|turn|3
|
|t:|1641851594
|move|p2a: Corviknight|Substitute|p2a: Corviknight
|-start|p2a: Corviknight|Substitute
|-damage|p2a: Corviknight|75/100
|move|p1a: Heatran|Flamethrower|p2a: Corviknight
|-supereffective|p2a: Corviknight
|-end|p2a: Corviknight|Substitute
|
|-heal|p2a: Corviknight|82/100|[from] item: Leftovers
|upkeep
|turn|4
|
|t:|1641851601
|switch|p2a: Rotom|Rotom-Wash|100/100
|move|p1a: Heatran|Flamethrower|p2a: Rotom
|-resisted|p2a: Rotom
|-damage|p2a: Rotom|73/100
|
|upkeep
|turn|5
|
|t:|1641851608
|switch|p1a: Rillaboom|Rillaboom, F|100/100
|move|p2a: Rotom|Trick|p1a: Rillaboom
|-activate|p2a: Rotom|move: Trick|[of] p1a: Rillaboom
|-item|p1a: Rillaboom|Choice Scarf|[from] move: Trick
|-item|p2a: Rotom|Miracle Seed|[from] move: Trick
|
|-fieldend|move: Grassy Terrain
|upkeep
|turn|6
|
|t:|1641851619
|switch|p2a: Hippowdon|Hippowdon, F|100/100
|-weather|Sandstorm|[from] ability: Sand Stream|[of] p2a: Hippowdon
|move|p1a: Rillaboom|Grassy Glide|p2a: Hippowdon
|-supereffective|p2a: Hippowdon
|-damage|p2a: Hippowdon|65/100
|
|-weather|Sandstorm|[upkeep]
|-damage|p1a: Rillaboom|94/100|[from] Sandstorm
|upkeep
|turn|7
|
|t:|1641851638
|move|p1a: Rillaboom|Grassy Glide|p2a: Hippowdon
|-supereffective|p2a: Hippowdon
|-damage|p2a: Hippowdon|30/100
|move|p2a: Hippowdon|Slack Off|p2a: Hippowdon
|-heal|p2a: Hippowdon|80/100
|
|-weather|Sandstorm|[upkeep]
|-damage|p1a: Rillaboom|88/100|[from] Sandstorm
|upkeep
|turn|8
|
|t:|1641851647
|switch|p1a: Blastoise|Blastoise, F|100/100
|move|p2a: Hippowdon|Slack Off|p2a: Hippowdon
|-heal|p2a: Hippowdon|100/100
|
|-weather|Sandstorm|[upkeep]
|-damage|p1a: Blastoise|94/100|[from] Sandstorm
|upkeep
|turn|9
|
|t:|1641851654
|switch|p2a: Rotom|Rotom-Wash|73/100
|move|p1a: Blastoise|Shell Smash|p1a: Blastoise
|-unboost|p1a: Blastoise|def|1
|-unboost|p1a: Blastoise|spd|1
|-boost|p1a: Blastoise|atk|2
|-boost|p1a: Blastoise|spa|2
|-boost|p1a: Blastoise|spe|2
|-enditem|p1a: Blastoise|White Herb
|-clearnegativeboost|p1a: Blastoise|[silent]
|
|-weather|Sandstorm|[upkeep]
|-damage|p1a: Blastoise|88/100|[from] Sandstorm
|-damage|p2a: Rotom|67/100|[from] Sandstorm
|upkeep
|turn|10
|
|t:|1641851669
|move|p1a: Blastoise|Aura Sphere|p2a: Rotom
|-damage|p2a: Rotom|9/100
|move|p2a: Rotom|Volt Switch|p1a: Blastoise
|-supereffective|p1a: Blastoise
|-damage|p1a: Blastoise|26/100
|
|t:|1641851669
|switch|p2a: Excadrill|Excadrill, M|100/100|[from]move: Volt Switch
|
|-weather|Sandstorm|[upkeep]
|-damage|p1a: Blastoise|20/100|[from] Sandstorm
|upkeep
|turn|11
|
|t:|1641851689
|move|p2a: Excadrill|Rock Slide|p1a: Blastoise
|-damage|p1a: Blastoise|0 fnt
|faint|p1a: Blastoise
|-damage|p2a: Excadrill|91/100|[from] item: Life Orb
|
|-weather|Sandstorm|[upkeep]
|upkeep
|inactive|8jaggery has 120 seconds left.
|inactive|8jaggery has 90 seconds left.
|
|t:|1641851739
|switch|p1a: Rillaboom|Rillaboom, F|88/100
|-fieldstart|move: Grassy Terrain|[from] ability: Grassy Surge|[of] p1a: Rillaboom
|turn|12
|inactive|8jaggery has 90 seconds left.
|
|t:|1641851763
|switch|p2a: Corviknight|Corviknight, M|82/100
|-ability|p2a: Corviknight|Pressure
|move|p1a: Rillaboom|High Horsepower|p2a: Corviknight
|-immune|p2a: Corviknight
|
|-weather|Sandstorm|[upkeep]
|-damage|p1a: Rillaboom|82/100|[from] Sandstorm
|-heal|p1a: Rillaboom|88/100|[from] Grassy Terrain
|-heal|p2a: Corviknight|88/100|[from] item: Leftovers
|upkeep
|turn|13
|
|t:|1641851774
|switch|p1a: Heatran|Heatran, F|100/100
|-item|p1a: Heatran|Air Balloon
|move|p2a: Corviknight|Bulk Up|p2a: Corviknight
|-boost|p2a: Corviknight|atk|1
|-boost|p2a: Corviknight|def|1
|
|-weather|none
|-heal|p2a: Corviknight|94/100|[from] item: Leftovers
|upkeep
|turn|14
|
|t:|1641851783
|switch|p2a: Hydreigon|Hydreigon, F|100/100
|move|p1a: Heatran|Flamethrower|p2a: Hydreigon
|-resisted|p2a: Hydreigon
|-damage|p2a: Hydreigon|74/100
|
|-heal|p2a: Hydreigon|80/100|[from] item: Leftovers
|upkeep
|turn|15
|inactive|8jaggery has 90 seconds left.
|
|t:|1641851791
|switch|p1a: Clefable|Clefable, F|100/100
|move|p2a: Hydreigon|Dark Pulse|p1a: Clefable
|-resisted|p1a: Clefable
|-crit|p1a: Clefable
|-damage|p1a: Clefable|78/100
|
|-heal|p2a: Hydreigon|87/100|[from] item: Leftovers
|-heal|p1a: Clefable|85/100|[from] Grassy Terrain
|-heal|p1a: Clefable|91/100|[from] item: Leftovers
|upkeep
|turn|16
|
|t:|1641851801
|switch|p2a: Hippowdon|Hippowdon, F|100/100
|-weather|Sandstorm|[from] ability: Sand Stream|[of] p2a: Hippowdon
|move|p1a: Clefable|Moonblast|p2a: Hippowdon
|-damage|p2a: Hippowdon|70/100
|
|-weather|Sandstorm|[upkeep]
|-damage|p1a: Clefable|85/100|[from] Sandstorm
|-heal|p1a: Clefable|91/100|[from] Grassy Terrain
|-heal|p1a: Clefable|97/100|[from] item: Leftovers
|-heal|p2a: Hippowdon|76/100|[from] Grassy Terrain
|-fieldend|move: Grassy Terrain
|upkeep
|turn|17
|inactive|8jaggery has 90 seconds left.
|
|t:|1641851826
|switch|p1a: Rillaboom|Rillaboom, F|88/100
|-fieldstart|move: Grassy Terrain|[from] ability: Grassy Surge|[of] p1a: Rillaboom
|move|p2a: Hippowdon|Stealth Rock|p1a: Rillaboom
|-sidestart|p1: 8jaggery|move: Stealth Rock
|
|-weather|Sandstorm|[upkeep]
|-damage|p1a: Rillaboom|82/100|[from] Sandstorm
|-heal|p1a: Rillaboom|88/100|[from] Grassy Terrain
|-heal|p2a: Hippowdon|82/100|[from] Grassy Terrain
|upkeep
|turn|18
|inactive|8jaggery has 90 seconds left.
|
|t:|1641851836
|switch|p2a: Corviknight|Corviknight, M|94/100
|-ability|p2a: Corviknight|Pressure
|move|p1a: Rillaboom|Knock Off|p2a: Corviknight
|-damage|p2a: Corviknight|69/100
|-enditem|p2a: Corviknight|Leftovers|[from] move: Knock Off|[of] p1a: Rillaboom
|
|-weather|Sandstorm|[upkeep]
|-damage|p1a: Rillaboom|82/100|[from] Sandstorm
|-heal|p1a: Rillaboom|88/100|[from] Grassy Terrain
|upkeep
|turn|19
|inactive|8jaggery has 90 seconds left.
|
|t:|1641851847
|switch|p1a: Heatran|Heatran, F|100/100
|-damage|p1a: Heatran|88/100|[from] Stealth Rock
|-item|p1a: Heatran|Air Balloon
|move|p2a: Corviknight|Roost|p2a: Corviknight
|-heal|p2a: Corviknight|100/100
|-singleturn|p2a: Corviknight|move: Roost
|
|-weather|Sandstorm|[upkeep]
|upkeep
|turn|20
|inactive|8jaggery has 90 seconds left.
|
|t:|1641851857
|move|p2a: Corviknight|Substitute|p2a: Corviknight
|-start|p2a: Corviknight|Substitute
|-damage|p2a: Corviknight|75/100
|move|p1a: Heatran|Stealth Rock|p2a: Corviknight
|-sidestart|p2: testingbot42o|move: Stealth Rock
|
|-weather|Sandstorm|[upkeep]
|upkeep
|turn|21
|
|t:|1641851863
|move|p2a: Corviknight|Roost|p2a: Corviknight
|-heal|p2a: Corviknight|100/100
|-singleturn|p2a: Corviknight|move: Roost
|move|p1a: Heatran|Flamethrower|p2a: Corviknight
|-supereffective|p2a: Corviknight
|-end|p2a: Corviknight|Substitute
|
|-weather|Sandstorm|[upkeep]
|-fieldend|move: Grassy Terrain
|upkeep
|turn|22
|
|t:|1641851871
|switch|p2a: Hydreigon|Hydreigon, F|87/100
|-damage|p2a: Hydreigon|74/100|[from] Stealth Rock
|move|p1a: Heatran|Flamethrower|p2a: Hydreigon
|-resisted|p2a: Hydreigon
|-damage|p2a: Hydreigon|47/100
|
|-weather|Sandstorm|[upkeep]
|-damage|p2a: Hydreigon|41/100|[from] Sandstorm
|-heal|p2a: Hydreigon|47/100|[from] item: Leftovers
|upkeep
|turn|23
|inactive|8jaggery has 90 seconds left.
|
|t:|1641851904
|switch|p1a: Hawlucha|Hawlucha, M|100/100
|-damage|p1a: Hawlucha|88/100|[from] Stealth Rock
|move|p2a: Hydreigon|Dark Pulse|p1a: Hawlucha
|-resisted|p1a: Hawlucha
|-damage|p1a: Hawlucha|56/100
|
|-weather|none
|-heal|p2a: Hydreigon|53/100|[from] item: Leftovers
|upkeep
|turn|24
|
|t:|1641851914
|switch|p2a: Clefable|Clefable, M|100/100
|move|p1a: Hawlucha|Close Combat|p2a: Clefable
|-resisted|p2a: Clefable
|-damage|p2a: Clefable|63/100
|-unboost|p1a: Hawlucha|def|1
|-unboost|p1a: Hawlucha|spd|1
|
|upkeep
|turn|25
|
|t:|1641851931
|switch|p1a: Heatran|Heatran, F|88/100
|-damage|p1a: Heatran|76/100|[from] Stealth Rock
|-item|p1a: Heatran|Air Balloon
|move|p2a: Clefable|Moonlight|p2a: Clefable
|-heal|p2a: Clefable|100/100
|
|upkeep
|turn|26
|
|t:|1641851940
|move|p2a: Clefable|Thunderbolt|p1a: Heatran
|-damage|p1a: Heatran|51/100
|-enditem|p1a: Heatran|Air Balloon
|move|p1a: Heatran|Flash Cannon|p2a: Clefable
|-supereffective|p2a: Clefable
|-damage|p2a: Clefable|10/100
|-unboost|p2a: Clefable|spd|1
|
|upkeep
|turn|27
|
|t:|1641851950
|move|p2a: Clefable|Thunderbolt|p1a: Heatran
|-damage|p1a: Heatran|24/100
|move|p1a: Heatran|Flash Cannon|p2a: Clefable
|-supereffective|p2a: Clefable
|-damage|p2a: Clefable|0 fnt
|faint|p2a: Clefable
|
|upkeep
|
|t:|1641851950
|switch|p2a: Hydreigon|Hydreigon, F|53/100
|-damage|p2a: Hydreigon|41/100|[from] Stealth Rock
|turn|28
|inactive|8jaggery has 90 seconds left.
|
|t:|1641851963
|switch|p1a: Clefable|Clefable, F|97/100
|-damage|p1a: Clefable|84/100|[from] Stealth Rock
|move|p2a: Hydreigon|Dark Pulse|p1a: Clefable
|-resisted|p1a: Clefable
|-damage|p1a: Clefable|70/100
|
|-heal|p2a: Hydreigon|47/100|[from] item: Leftovers
|-heal|p1a: Clefable|76/100|[from] item: Leftovers
|upkeep
|turn|29
|inactive|8jaggery has 90 seconds left.
|
|t:|1641851972
|switch|p2a: Hippowdon|Hippowdon, F|82/100
|-damage|p2a: Hippowdon|76/100|[from] Stealth Rock
|-weather|Sandstorm|[from] ability: Sand Stream|[of] p2a: Hippowdon
|move|p1a: Clefable|Moonblast|p2a: Hippowdon
|-damage|p2a: Hippowdon|43/100
|-unboost|p2a: Hippowdon|spa|1
|
|-weather|Sandstorm|[upkeep]
|-damage|p1a: Clefable|70/100|[from] Sandstorm
|-heal|p1a: Clefable|76/100|[from] item: Leftovers
|upkeep
|turn|30
|inactive|8jaggery has 90 seconds left.
|
|t:|1641851984
|move|p1a: Clefable|Moonblast|p2a: Hippowdon
|-damage|p2a: Hippowdon|10/100
|move|p2a: Hippowdon|Slack Off|p2a: Hippowdon
|-heal|p2a: Hippowdon|60/100
|
|-weather|Sandstorm|[upkeep]
|-damage|p1a: Clefable|70/100|[from] Sandstorm
|-heal|p1a: Clefable|76/100|[from] item: Leftovers
|upkeep
|turn|31
|
|t:|1641851993
|switch|p1a: Rillaboom|Rillaboom, F|88/100
|-damage|p1a: Rillaboom|76/100|[from] Stealth Rock
|-fieldstart|move: Grassy Terrain|[from] ability: Grassy Surge|[of] p1a: Rillaboom
|switch|p2a: Excadrill|Excadrill, M|91/100
|-damage|p2a: Excadrill|87/100|[from] Stealth Rock
|
|-weather|Sandstorm|[upkeep]
|-damage|p1a: Rillaboom|69/100|[from] Sandstorm
|-heal|p2a: Excadrill|94/100|[from] Grassy Terrain
|-heal|p1a: Rillaboom|76/100|[from] Grassy Terrain
|upkeep
|turn|32
|inactive|8jaggery has 90 seconds left.
|
|t:|1641852018
|switch|p2a: Corviknight|Corviknight, M|100/100
|-damage|p2a: Corviknight|88/100|[from] Stealth Rock
|-ability|p2a: Corviknight|Pressure
|move|p1a: Rillaboom|High Horsepower|p2a: Corviknight
|-immune|p2a: Corviknight
|
|-weather|Sandstorm|[upkeep]
|-damage|p1a: Rillaboom|69/100|[from] Sandstorm
|-heal|p1a: Rillaboom|76/100|[from] Grassy Terrain
|upkeep
|turn|33
|inactive|8jaggery has 90 seconds left.
|
|t:|1641852033
|switch|p1a: Clefable|Clefable, F|76/100
|-damage|p1a: Clefable|63/100|[from] Stealth Rock
|move|p2a: Corviknight|Bulk Up|p2a: Corviknight
|-boost|p2a: Corviknight|atk|1
|-boost|p2a: Corviknight|def|1
|
|-weather|Sandstorm|[upkeep]
|-damage|p1a: Clefable|57/100|[from] Sandstorm
|-heal|p1a: Clefable|63/100|[from] Grassy Terrain
|-heal|p1a: Clefable|70/100|[from] item: Leftovers
|upkeep
|turn|34
|
|t:|1641852047
|move|p2a: Corviknight|Bulk Up|p2a: Corviknight
|-boost|p2a: Corviknight|atk|1
|-boost|p2a: Corviknight|def|1
|move|p1a: Clefable|Psychic|p2a: Corviknight
|-resisted|p2a: Corviknight
|-damage|p2a: Corviknight|78/100
|-unboost|p2a: Corviknight|spd|1
|
|-weather|Sandstorm|[upkeep]
|-damage|p1a: Clefable|63/100|[from] Sandstorm
|-heal|p1a: Clefable|70/100|[from] Grassy Terrain
|-heal|p1a: Clefable|76/100|[from] item: Leftovers
|upkeep
|turn|35
|inactive|8jaggery has 60 seconds left.
|
|t:|1641852080
|move|p2a: Corviknight|Brave Bird|p1a: Clefable
|-damage|p1a: Clefable|33/100
|-damage|p2a: Corviknight|64/100|[from] Recoil
|move|p1a: Clefable|Moonblast|p2a: Corviknight
|-resisted|p2a: Corviknight
|-damage|p2a: Corviknight|49/100
|-unboost|p2a: Corviknight|spa|1
|
|-weather|Sandstorm|[upkeep]
|-damage|p1a: Clefable|27/100|[from] Sandstorm
|-heal|p1a: Clefable|33/100|[from] Grassy Terrain
|-heal|p1a: Clefable|39/100|[from] item: Leftovers
|-fieldend|move: Grassy Terrain
|upkeep
|turn|36
|inactive|8jaggery has 60 seconds left.
|
|t:|1641852098
|switch|p1a: Heatran|Heatran, F|24/100
|-damage|p1a: Heatran|11/100|[from] Stealth Rock
|move|p2a: Corviknight|Brave Bird|p1a: Heatran
|-resisted|p1a: Heatran
|-damage|p1a: Heatran|0 fnt
|faint|p1a: Heatran
|-damage|p2a: Corviknight|45/100|[from] Recoil
|
|-weather|none
|upkeep
|
|t:|1641852112
|switch|p1a: Hawlucha|Hawlucha, M|56/100
|-damage|p1a: Hawlucha|44/100|[from] Stealth Rock
|turn|37
|
|t:|1641852116
|move|p1a: Hawlucha|Close Combat|p2a: Corviknight
|-damage|p2a: Corviknight|23/100
|-unboost|p1a: Hawlucha|def|1
|-unboost|p1a: Hawlucha|spd|1
|move|p2a: Corviknight|Brave Bird|p1a: Hawlucha
|-supereffective|p1a: Hawlucha
|-damage|p1a: Hawlucha|0 fnt
|faint|p1a: Hawlucha
|-damage|p2a: Corviknight|13/100|[from] Recoil
|
|upkeep
|inactive|8jaggery has 60 seconds left.
|
|t:|1641852129
|switch|p1a: Dragapult|Dragapult, F|100/100
|-damage|p1a: Dragapult|88/100|[from] Stealth Rock
|turn|38
|
|t:|1641852134
|move|p1a: Dragapult|Scald|p2a: Corviknight
|-damage|p2a: Corviknight|0 fnt
|faint|p2a: Corviknight
|-damage|p1a: Dragapult|78/100|[from] item: Life Orb
|
|upkeep
|
|t:|1641852134
|switch|p2a: Rotom|Rotom-Wash|9/100
|-damage|p2a: Rotom|0 fnt|[from] Stealth Rock
|faint|p2a: Rotom
|
|t:|1641852135
|switch|p2a: Hydreigon|Hydreigon, F|47/100
|-damage|p2a: Hydreigon|35/100|[from] Stealth Rock
|turn|39
|inactive|8jaggery has 60 seconds left.
|
|t:|1641852165
|move|p1a: Dragapult|U-turn|p2a: Hydreigon
|-supereffective|p2a: Hydreigon
|-damage|p2a: Hydreigon|0 fnt
|faint|p2a: Hydreigon
|-damage|p1a: Dragapult|69/100|[from] item: Life Orb
|inactive|8jaggery has 60 seconds left.
|
|t:|1641852170
|switch|p1a: Rillaboom|Rillaboom, F|76/100|[from]move: U-turn
|-damage|p1a: Rillaboom|63/100|[from] Stealth Rock
|-fieldstart|move: Grassy Terrain|[from] ability: Grassy Surge|[of] p1a: Rillaboom
|
|-heal|p1a: Rillaboom|69/100|[from] Grassy Terrain
|upkeep
|
|t:|1641852171
|switch|p2a: Hippowdon|Hippowdon, F|60/100
|-damage|p2a: Hippowdon|54/100|[from] Stealth Rock
|-weather|Sandstorm|[from] ability: Sand Stream|[of] p2a: Hippowdon
|turn|40
|
|t:|1641852181
|move|p1a: Rillaboom|Grassy Glide|p2a: Hippowdon
|-supereffective|p2a: Hippowdon
|-damage|p2a: Hippowdon|6/100
|move|p2a: Hippowdon|Earthquake|p1a: Rillaboom
|-resisted|p1a: Rillaboom
|-damage|p1a: Rillaboom|63/100
|
|-weather|Sandstorm|[upkeep]
|-damage|p1a: Rillaboom|56/100|[from] Sandstorm
|-heal|p1a: Rillaboom|63/100|[from] Grassy Terrain
|-heal|p2a: Hippowdon|13/100|[from] Grassy Terrain
|upkeep
|turn|41
|
|t:|1641852192
|move|p1a: Rillaboom|Grassy Glide|p2a: Hippowdon
|-supereffective|p2a: Hippowdon
|-damage|p2a: Hippowdon|0 fnt
|faint|p2a: Hippowdon
|
|-weather|Sandstorm|[upkeep]
|-damage|p1a: Rillaboom|56/100|[from] Sandstorm
|-heal|p1a: Rillaboom|63/100|[from] Grassy Terrain
|upkeep
|
|t:|1641852192
|switch|p2a: Excadrill|Excadrill, M|94/100
|-damage|p2a: Excadrill|91/100|[from] Stealth Rock
|turn|42
|
|t:|1641852211
|move|p1a: Rillaboom|Grassy Glide|p2a: Excadrill
|-damage|p2a: Excadrill|24/100
|move|p2a: Excadrill|Swords Dance|p2a: Excadrill
|-boost|p2a: Excadrill|atk|2
|
|-weather|Sandstorm|[upkeep]
|-damage|p1a: Rillaboom|56/100|[from] Sandstorm
|-heal|p2a: Excadrill|30/100|[from] Grassy Terrain
|-heal|p1a: Rillaboom|63/100|[from] Grassy Terrain
|upkeep
|turn|43
|
|t:|1641852221
|move|p1a: Rillaboom|Grassy Glide|p2a: Excadrill
|-damage|p2a: Excadrill|0 fnt
|faint|p2a: Excadrill
|
|win|8jaggery
|raw|8jaggery's rating: 1181 &rarr; <strong>1203</strong><br />(+22 for winning)
|raw|testingbot42o's rating: 1140 &rarr; <strong>1118</strong><br />(-22 for losing)
|l|‽testingbot42o
||Ladder isn't responding, score probably updated but might not have (Request timeout).
