|j|☆Jacobramos18
|j|☆M N Vinela
|t:|1641836319
|gametype|singles
|player|p1|Jacobramos18|benga|1145
|player|p2|M N Vinela|pokemaniac|1133
|teamsize|p1|6
|teamsize|p2|6
|gen|8
|tier|[Gen 8] OU
|rated|
|rule|Sleep Clause Mod: Limit one foe put to sleep
|rule|Species Clause: Limit one of each Pokémon
|rule|OHKO Clause: OHKO moves are banned
|rule|Evasion Moves Clause: Evasion moves are banned
|rule|Endless Battle Clause: Forcing endless battles is banned
|rule|HP Percentage Mod: HP is shown in percentages
|rule|Dynamax Clause: You cannot dynamax
|clearpoke
|poke|p1|Volcarona, M|
|poke|p1|Dragapult, F|
|poke|p1|Zeraora|
|poke|p1|Tyranitar, M|
|poke|p1|Tapu Lele|
|poke|p1|Barraskewda, M|
|poke|p2|Machamp, M|
|poke|p2|Jolteon, M|
|poke|p2|Dragapult, M|
|poke|p2|Barraskewda, M|
|poke|p2|Heatran, M|
|poke|p2|Ninetales-Alola, F|
|teampreview
|inactive|Battle timer is ON: inactive players will automatically lose when time's up. (requested by M N Vinela)
|
|t:|1641836331
|start
|switch|p1a: Tapu Lele|Tapu Lele|100/100
|switch|p2a: Machamp|Machamp, M|100/100
|-fieldstart|move: Psychic Terrain|[from] ability: Psychic Surge|[of] p1a: Tapu Lele
|turn|1
|
|t:|1641836341
|move|p1a: Tapu Lele|Calm Mind|p1a: Tapu Lele
|-boost|p1a: Tapu Lele|spa|1
|-boost|p1a: Tapu Lele|spd|1
|move|p2a: Machamp|Dynamic Punch|p1a: Tapu Lele
|-resisted|p1a: Tapu Lele
|-damage|p1a: Tapu Lele|80/100
|-start|p1a: Tapu Lele|confusion
|
|-heal|p1a: Tapu Lele|86/100|[from] item: Leftovers
|upkeep
|turn|2
|
|t:|1641836351
|move|p2a: Machamp|Bullet Punch|p1a: Tapu Lele
|-activate|p1a: Tapu Lele|move: Psychic Terrain
|-activate|p1a: Tapu Lele|confusion
|-damage|p1a: Tapu Lele|77/100|[from] confusion
|
|-heal|p1a: Tapu Lele|83/100|[from] item: Leftovers
|upkeep
|turn|3
|
|t:|1641836366
|switch|p2a: Jolteon|Jolteon, M, shiny|100/100
|-activate|p1a: Tapu Lele|confusion
|move|p1a: Tapu Lele|Psychic|p2a: Jolteon
|-damage|p2a: Jolteon|0 fnt
|faint|p2a: Jolteon
|
|-heal|p1a: Tapu Lele|89/100|[from] item: Leftovers
|upkeep
|
|t:|1641836377
|switch|p2a: Dragapult|Dragapult, M, shiny|100/100
|turn|4
|
|t:|1641836380
|move|p2a: Dragapult|Phantom Force||[still]
|-prepare|p2a: Dragapult|Phantom Force
|-end|p1a: Tapu Lele|confusion
|move|p1a: Tapu Lele|Dazzling Gleam|p2a: Dragapult|[miss]
|-miss|p1a: Tapu Lele|p2a: Dragapult
|
|-heal|p1a: Tapu Lele|96/100|[from] item: Leftovers
|upkeep
|turn|5
|
|t:|1641836389
|move|p2a: Dragapult|Phantom Force|p1a: Tapu Lele|[from]lockedmove
|-supereffective|p1a: Tapu Lele
|-damage|p1a: Tapu Lele|0 fnt
|faint|p1a: Tapu Lele
|
|-fieldend|move: Psychic Terrain
|upkeep
|
|t:|1641836395
|switch|p1a: Dragapult|Dragapult, F, shiny|100/100
|turn|6
|
|t:|1641836399
|move|p1a: Dragapult|Draco Meteor|p2a: Dragapult
|-supereffective|p2a: Dragapult
|-damage|p2a: Dragapult|1/100
|-unboost|p1a: Dragapult|spa|2
|move|p2a: Dragapult|Outrage|p1a: Dragapult
|-supereffective|p1a: Dragapult
|-damage|p1a: Dragapult|0 fnt
|faint|p1a: Dragapult
|
|upkeep
|c|☆M N Vinela|Tough luck
|
|t:|1641836419
|switch|p1a: Barraskewda|Barraskewda, M|100/100
|turn|7
|
|t:|1641836425
|move|p2a: Dragapult|Outrage|p1a: Barraskewda|[from]lockedmove
|-damage|p1a: Barraskewda|0 fnt
|faint|p1a: Barraskewda
|-start|p2a: Dragapult|confusion|[fatigue]
|
|upkeep
|c|☆Jacobramos18|what the fuck
|
|t:|1641836435
|switch|p1a: Tyranitar|Tyranitar, M|100/100
|-weather|Sandstorm|[from] ability: Sand Stream|[of] p1a: Tyranitar
|turn|8
|
|t:|1641836441
|-activate|p2a: Dragapult|confusion
|move|p2a: Dragapult|Steel Wing|p1a: Tyranitar
|-supereffective|p1a: Tyranitar
|-damage|p1a: Tyranitar|58/100
|move|p1a: Tyranitar|Dragon Dance|p1a: Tyranitar
|-boost|p1a: Tyranitar|atk|1
|-boost|p1a: Tyranitar|spe|1
|
|-weather|Sandstorm|[upkeep]
|-damage|p2a: Dragapult|0 fnt|[from] Sandstorm
|faint|p2a: Dragapult
|-heal|p1a: Tyranitar|64/100|[from] item: Leftovers
|upkeep
|
|t:|1641836453
|switch|p2a: Machamp|Machamp, M|100/100
|turn|9
|
|t:|1641836465
|move|p1a: Tyranitar|Stone Edge|p2a: Machamp
|-resisted|p2a: Machamp
|-damage|p2a: Machamp|53/100
|move|p2a: Machamp|Dynamic Punch|p1a: Tyranitar
|-supereffective|p1a: Tyranitar
|-damage|p1a: Tyranitar|0 fnt
|faint|p1a: Tyranitar
|
|-weather|Sandstorm|[upkeep]
|-damage|p2a: Machamp|47/100|[from] Sandstorm
|upkeep
|
|t:|1641836473
|switch|p1a: Zeraora|Zeraora|100/100
|turn|10
|
|t:|1641836480
|move|p1a: Zeraora|Plasma Fists|p2a: Machamp
|-damage|p2a: Machamp|0 fnt
|-fieldactivate|move: Ion Deluge
|-hint|Normal-type moves become Electric-type after using Plasma Fists.
|faint|p2a: Machamp
|
|-weather|Sandstorm|[upkeep]
|-damage|p1a: Zeraora|95/100|[from] Sandstorm
|upkeep
|
|t:|1641836502
|switch|p2a: Heatran|Heatran, M, shiny|100/100
|turn|11
|
|t:|1641836507
|move|p1a: Zeraora|Close Combat|p2a: Heatran
|-supereffective|p2a: Heatran
|-damage|p2a: Heatran|33/100
|-unboost|p1a: Zeraora|def|1
|-unboost|p1a: Zeraora|spd|1
|move|p2a: Heatran|Fire Blast|p1a: Zeraora
|-damage|p1a: Zeraora|0 fnt
|faint|p1a: Zeraora
|
|-weather|Sandstorm|[upkeep]
|upkeep
|
|t:|1641836514
|switch|p1a: Volcarona|Volcarona, M|100/100
|turn|12
|
|t:|1641836532
|move|p1a: Volcarona|Bug Buzz|p2a: Heatran
|-resisted|p2a: Heatran
|-damage|p2a: Heatran|25/100
|move|p2a: Heatran|Ancient Power|p1a: Volcarona
|-supereffective|p1a: Volcarona
|-damage|p1a: Volcarona|9/100
|
|-weather|none
|upkeep
|turn|13
|
|t:|1641836541
|move|p1a: Volcarona|Psychic|p2a: Heatran
|-resisted|p2a: Heatran
|-damage|p2a: Heatran|13/100
|move|p2a: Heatran|Ancient Power|p1a: Volcarona
|-supereffective|p1a: Volcarona
|-damage|p1a: Volcarona|0 fnt
|faint|p1a: Volcarona
|
|win|M N Vinela
|raw|Jacobramos18's rating: 1145 &rarr; <strong>1119</strong><br />(-26 for losing)
|raw|M N Vinela's rating: 1133 &rarr; <strong>1159</strong><br />(+26 for winning)
|l|☆Jacobramos18
|c|☆M N Vinela|Gg
