|j|☆Soopdude
|j|☆CeriPokemon
|t:|1641763821
|gametype|singles
|player|p1|Soopdude|2|
|player|p2|CeriPokemon|flannery|
|teamsize|p1|6
|teamsize|p2|6
|gen|8
|tier|[Gen 8] OU
|rule|Sleep Clause Mod: Limit one foe put to sleep
|rule|Species Clause: Limit one of each Pokémon
|rule|OHKO Clause: OHKO moves are banned
|rule|Evasion Moves Clause: Evasion moves are banned
|rule|Endless Battle Clause: Forcing endless battles is banned
|rule|HP Percentage Mod: HP is shown in percentages
|rule|Dynamax Clause: You cannot dynamax
|clearpoke
|poke|p1|Tapu Lele|
|poke|p1|Landorus-Therian, M|
|poke|p1|Clefable, F|
|poke|p1|Slowking-Galar, M|
|poke|p1|Toxapex, M|
|poke|p1|Dragapult, M|
|poke|p2|Whimsicott, M|
|poke|p2|Toxapex, F|
|poke|p2|Dragapult, M|
|poke|p2|Reuniclus, M|
|poke|p2|Volcarona, M|
|poke|p2|Luxray, M|
|teampreview
|inactive|Battle timer is ON: inactive players will automatically lose when time's up. (requested by Soopdude)
|
|t:|1641763827
|start
|switch|p1a: Tapu Lele|Tapu Lele|100/100
|switch|p2a: Whimsicott|Whimsicott, M|100/100
|-fieldstart|move: Psychic Terrain|[from] ability: Psychic Surge|[of] p1a: Tapu Lele
|turn|1
|c|☆CeriPokemon|Wait for mods
|inactive|CeriPokemon has 270 seconds left.
|j| Flashvert6
|j| txikimandy
|inactiveoff|Battle timer is now OFF.
|c| Flashvert6|Woo!! Glhf!!
|
|t:|1641763860
|move|p2a: Whimsicott|Tailwind|p2a: Whimsicott
|-sidestart|p2: CeriPokemon|move: Tailwind
|move|p1a: Tapu Lele|Psychic|p2a: Whimsicott
|-damage|p2a: Whimsicott|0 fnt
|faint|p2a: Whimsicott
|
|upkeep
|j| galarian stoner
|c| txikimandy|woooo glhf!!
|
|t:|1641763866
|switch|p2a: Dragapult|Dragapult, M|100/100
|turn|2
|
|t:|1641763879
|move|p2a: Dragapult|Dragon Dance|p2a: Dragapult
|-boost|p2a: Dragapult|atk|1
|-boost|p2a: Dragapult|spe|1
|move|p1a: Tapu Lele|Psychic|p2a: Dragapult
|-damage|p2a: Dragapult|0 fnt
|faint|p2a: Dragapult
|
|upkeep
|
|t:|1641763884
|switch|p2a: Volcarona|Volcarona, M|100/100
|turn|3
|
|t:|1641763887
|move|p2a: Volcarona|Quiver Dance|p2a: Volcarona
|-boost|p2a: Volcarona|spa|1
|-boost|p2a: Volcarona|spd|1
|-boost|p2a: Volcarona|spe|1
|move|p1a: Tapu Lele|Psychic|p2a: Volcarona
|-damage|p2a: Volcarona|26/100
|
|upkeep
|turn|4
|
|t:|1641763893
|move|p2a: Volcarona|Bug Buzz|p1a: Tapu Lele
|-damage|p1a: Tapu Lele|0 fnt
|faint|p1a: Tapu Lele
|
|-sideend|p2: CeriPokemon|move: Tailwind
|upkeep
|
|t:|1641763899
|switch|p1a: Toxapex|Toxapex, M|100/100
|turn|5
|
|t:|1641763904
|move|p2a: Volcarona|Psychic|p1a: Toxapex
|-supereffective|p1a: Toxapex
|-damage|p1a: Toxapex|0 fnt
|faint|p1a: Toxapex
|
|-fieldend|move: Psychic Terrain
|upkeep
|
|t:|1641763910
|switch|p1a: Dragapult|Dragapult, M|100/100
|turn|6
|
|t:|1641763916
|move|p2a: Volcarona|Psychic|p1a: Dragapult
|-damage|p1a: Dragapult|23/100
|move|p1a: Dragapult|Shadow Ball|p2a: Volcarona
|-damage|p2a: Volcarona|0 fnt
|faint|p2a: Volcarona
|
|upkeep
|
|t:|1641763919
|switch|p2a: Luxray|Luxray, M|100/100
|turn|7
|
|t:|1641763925
|move|p1a: Dragapult|Shadow Ball|p2a: Luxray
|-damage|p2a: Luxray|28/100
|-unboost|p2a: Luxray|spd|1
|move|p2a: Luxray|Play Rough|p1a: Dragapult
|-supereffective|p1a: Dragapult
|-damage|p1a: Dragapult|0 fnt
|faint|p1a: Dragapult
|
|-status|p2a: Luxray|brn|[from] item: Flame Orb
|upkeep
|c| Flashvert6|I love how 3/4 of participants have a Toxapex in their team haha
|
|t:|1641763935
|switch|p1a: Landorus|Landorus-Therian, M|100/100
|-ability|p1a: Landorus|Intimidate|boost
|-unboost|p2a: Luxray|atk|1
|turn|8
|
|t:|1641763939
|move|p2a: Luxray|Ice Fang|p1a: Landorus
|-supereffective|p1a: Landorus
|-damage|p1a: Landorus|31/100
|move|p1a: Landorus|Earthquake|p2a: Luxray
|-supereffective|p2a: Luxray
|-damage|p2a: Luxray|0 fnt
|faint|p2a: Luxray
|
|-heal|p1a: Landorus|37/100|[from] item: Leftovers
|upkeep
|
|t:|1641763942
|switch|p2a: Toxapex|Toxapex, F|100/100
|turn|9
|
|t:|1641763951
|move|p2a: Toxapex|Baneful Bunker|p2a: Toxapex
|-singleturn|p2a: Toxapex|move: Protect
|move|p1a: Landorus|Earthquake|p2a: Toxapex
|-activate|p2a: Toxapex|move: Protect
|
|-heal|p1a: Landorus|43/100|[from] item: Leftovers
|upkeep
|turn|10
|
|t:|1641763958
|move|p1a: Landorus|Earthquake|p2a: Toxapex
|-supereffective|p2a: Toxapex
|-damage|p2a: Toxapex|39/100
|move|p2a: Toxapex|Hydro Pump|p1a: Landorus
|-supereffective|p1a: Landorus
|-damage|p1a: Landorus|0 fnt
|faint|p1a: Landorus
|
|-heal|p2a: Toxapex|45/100|[from] item: Black Sludge
|upkeep
|
|t:|1641763967
|switch|p1a: Slowking|Slowking-Galar, M|100/100
|turn|11
|
|t:|1641763973
|move|p2a: Toxapex|Hydro Pump|p1a: Slowking
|-damage|p1a: Slowking|88/100
|move|p1a: Slowking|Future Sight|p2a: Toxapex
|-start|p1a: Slowking|move: Future Sight
|
|-heal|p2a: Toxapex|51/100|[from] item: Black Sludge
|upkeep
|turn|12
|
|t:|1641763980
|move|p2a: Toxapex|Hydro Pump|p1a: Slowking
|-damage|p1a: Slowking|75/100
|move|p1a: Slowking|Scald|p2a: Toxapex
|-resisted|p2a: Toxapex
|-damage|p2a: Toxapex|42/100
|-status|p2a: Toxapex|brn
|
|-heal|p2a: Toxapex|48/100 brn|[from] item: Black Sludge
|-damage|p2a: Toxapex|42/100 brn|[from] brn
|upkeep
|turn|13
|
|t:|1641763990
|switch|p2a: Reuniclus|Reuniclus, M|100/100
|move|p1a: Slowking|Scald|p2a: Reuniclus
|-damage|p2a: Reuniclus|78/100
|
|-end|p2a: Reuniclus|move: Future Sight
|-resisted|p2a: Reuniclus
|-damage|p2a: Reuniclus|53/100
|upkeep
|turn|14
|inactive|Battle timer is ON: inactive players will automatically lose when time's up. (requested by CeriPokemon)
|
|t:|1641764000
|move|p2a: Reuniclus|Light Screen|p2a: Reuniclus
|-sidestart|p2: CeriPokemon|move: Light Screen
|move|p1a: Slowking|Sludge Bomb|p2a: Reuniclus
|-damage|p2a: Reuniclus|34/100
|
|upkeep
|turn|15
|
|t:|1641764004
|move|p1a: Slowking|Scald|p2a: Reuniclus
|-damage|p2a: Reuniclus|23/100
|move|p2a: Reuniclus|Calm Mind|p2a: Reuniclus
|-boost|p2a: Reuniclus|spa|1
|-boost|p2a: Reuniclus|spd|1
|
|upkeep
|turn|16
|
|t:|1641764011
|move|p1a: Slowking|Sludge Bomb|p2a: Reuniclus
|-damage|p2a: Reuniclus|10/100
|move|p2a: Reuniclus|Calm Mind|p2a: Reuniclus
|-boost|p2a: Reuniclus|spa|1
|-boost|p2a: Reuniclus|spd|1
|
|upkeep
|turn|17
|
|t:|1641764017
|move|p1a: Slowking|Sludge Bomb|p2a: Reuniclus
|-damage|p2a: Reuniclus|1/100
|move|p2a: Reuniclus|Stored Power|p1a: Slowking
|-damage|p1a: Slowking|25/100
|
|upkeep
|turn|18
|
|t:|1641764023
|move|p1a: Slowking|Sludge Bomb|p2a: Reuniclus
|-damage|p2a: Reuniclus|0 fnt
|faint|p2a: Reuniclus
|
|upkeep
|
|t:|1641764025
|switch|p2a: Toxapex|Toxapex, F|42/100 brn
|turn|19
|
|t:|1641764029
|move|p2a: Toxapex|Hydro Pump|p1a: Slowking
|-damage|p1a: Slowking|11/100
|move|p1a: Slowking|Future Sight|p2a: Toxapex
|-start|p1a: Slowking|move: Future Sight
|
|-heal|p2a: Toxapex|48/100 brn|[from] item: Black Sludge
|-damage|p2a: Toxapex|42/100 brn|[from] brn
|upkeep
|turn|20
|
|t:|1641764037
|move|p2a: Toxapex|Hydro Pump|p1a: Slowking
|-damage|p1a: Slowking|0 fnt
|faint|p1a: Slowking
|
|-heal|p2a: Toxapex|48/100 brn|[from] item: Black Sludge
|-damage|p2a: Toxapex|42/100 brn|[from] brn
|upkeep
|
|t:|1641764043
|switch|p1a: Clefable|Clefable, F, shiny|100/100
|turn|21
|
|t:|1641764047
|move|p1a: Clefable|Protect|p1a: Clefable
|-singleturn|p1a: Clefable|Protect
|move|p2a: Toxapex|Baneful Bunker||[still]
|-fail|p2a: Toxapex
|
|-end|p2a: Toxapex|move: Future Sight
|-supereffective|p2a: Toxapex
|-damage|p2a: Toxapex|0 fnt
|faint|p2a: Toxapex
|
|win|Soopdude
|upkeep
|c|☆CeriPokemon|Gg
|l|☆CeriPokemon
|c| Flashvert6|Gg both of you!
|c|☆Soopdude|gg
|l|☆Soopdude
|c| txikimandy|nice! congrats henry
|l| txikimandy
