|j|☆Billyjene
|j|☆hi dad im balemic
|t:|1641860241
|gametype|singles
|player|p1|Billyjene|marlon|1186
|player|p2|hi dad im balemic|cynthia-gen4|1155
|teamsize|p1|6
|teamsize|p2|6
|gen|8
|tier|[Gen 8] OU
|rated|
|rule|Sleep Clause Mod: Limit one foe put to sleep
|rule|Species Clause: Limit one of each Pokémon
|rule|OHKO Clause: OHKO moves are banned
|rule|Evasion Moves Clause: Evasion moves are banned
|rule|Endless Battle Clause: Forcing endless battles is banned
|rule|HP Percentage Mod: HP is shown in percentages
|rule|Dynamax Clause: You cannot dynamax
|clearpoke
|poke|p1|Blissey, F|
|poke|p1|Urshifu-*, M|
|poke|p1|Raikou|
|poke|p1|Volcarona, M|
|poke|p1|Ferrothorn, F|
|poke|p1|Excadrill, F|
|poke|p2|Gyarados, M|
|poke|p2|Diggersby, F|
|poke|p2|Shuckle, F|
|poke|p2|Slowking-Galar, M|
|poke|p2|Landorus-Therian, M|
|poke|p2|Tapu Koko|
|teampreview
|inactive|Battle timer is ON: inactive players will automatically lose when time's up. (requested by Billyjene)
|
|t:|1641860257
|start
|switch|p1a: Excadrill|Excadrill, F|100/100
|switch|p2a: Shuckle|Shuckle, F|100/100
|-ability|p1a: Excadrill|Mold Breaker
|turn|1
|
|t:|1641860265
|move|p1a: Excadrill|Iron Head|p2a: Shuckle
|-supereffective|p2a: Shuckle
|-damage|p2a: Shuckle|45/100
|-enditem|p2a: Shuckle|Red Card|[of] p1a: Excadrill
|drag|p1a: Blissey|Blissey, F, shiny|100/100
|cant|p2a: Shuckle|flinch
|
|upkeep
|turn|2
|
|t:|1641860275
|move|p1a: Blissey|Seismic Toss|p2a: Shuckle
|-damage|p2a: Shuckle|4/100
|move|p2a: Shuckle|Sticky Web|p1a: Blissey
|-sidestart|p1: Billyjene|move: Sticky Web
|
|upkeep
|turn|3
|
|t:|1641860281
|move|p1a: Blissey|Seismic Toss|p2a: Shuckle
|-damage|p2a: Shuckle|0 fnt
|faint|p2a: Shuckle
|
|upkeep
|
|t:|1641860293
|switch|p2a: Gyarados|Gyarados, M|100/100
|turn|4
|
|t:|1641860305
|switch|p1a: Ferrothorn|Ferrothorn, F|100/100
|-activate|p1a: Ferrothorn|move: Sticky Web
|-unboost|p1a: Ferrothorn|spe|1
|move|p2a: Gyarados|Taunt|p1a: Ferrothorn
|-start|p1a: Ferrothorn|move: Taunt
|
|upkeep
|turn|5
|
|t:|1641860315
|move|p2a: Gyarados|Dragon Dance|p2a: Gyarados
|-boost|p2a: Gyarados|atk|1
|-boost|p2a: Gyarados|spe|1
|move|p1a: Ferrothorn|Body Press|p2a: Gyarados
|-resisted|p2a: Gyarados
|-damage|p2a: Gyarados|80/100
|
|upkeep
|turn|6
|
|t:|1641860328
|switch|p1a: Raikou|Raikou|100/100
|-activate|p1a: Raikou|move: Sticky Web
|-unboost|p1a: Raikou|spe|1
|-ability|p1a: Raikou|Pressure
|move|p2a: Gyarados|Earthquake|p1a: Raikou
|-supereffective|p1a: Raikou
|-damage|p1a: Raikou|0 fnt
|faint|p1a: Raikou
|-ability|p2a: Gyarados|Moxie|boost
|-boost|p2a: Gyarados|atk|1
|
|upkeep
|-message|Billyjene forfeited.
|
|win|hi dad im balemic
|raw|Billyjene's rating: 1186 &rarr; <strong>1159</strong><br />(-27 for losing)
|raw|hi dad im balemic's rating: 1155 &rarr; <strong>1182</strong><br />(+27 for winning)
|l|☆Billyjene
||Ladder isn't responding, score probably updated but might not have (Request timeout).
