|j|☆P0KESHOW
|j|☆Mad_Tournesol
|t:|1641745612
|gametype|singles
|player|p1|P0KESHOW|battlegirl-gen4|1078
|player|p2|Mad_Tournesol|scientist-gen4|1057
|teamsize|p1|6
|teamsize|p2|6
|gen|8
|tier|[Gen 8] OU
|rated|
|rule|Sleep Clause Mod: Limit one foe put to sleep
|rule|Species Clause: Limit one of each Pokémon
|rule|OHKO Clause: OHKO moves are banned
|rule|Evasion Moves Clause: Evasion moves are banned
|rule|Endless Battle Clause: Forcing endless battles is banned
|rule|HP Percentage Mod: HP is shown in percentages
|rule|Dynamax Clause: You cannot dynamax
|clearpoke
|poke|p1|Comfey, F|
|poke|p1|Latios, M|
|poke|p1|Shuckle, F|
|poke|p1|Blissey, F|
|poke|p1|Zapdos-Galar|
|poke|p1|Dragapult, F|
|poke|p2|Claydol|
|poke|p2|Steelix, F|
|poke|p2|Vikavolt, F|
|poke|p2|Toxicroak, F|
|poke|p2|Malamar, F|
|poke|p2|Snorlax, M|
|teampreview
|inactive|Battle timer is ON: inactive players will automatically lose when time's up. (requested by P0KESHOW)
|
|t:|1641745623
|start
|switch|p1a: Shuckle|Shuckle, F|100/100
|switch|p2a: Snorlax|Snorlax, M|100/100
|turn|1
|
|t:|1641745631
|move|p2a: Snorlax|Curse|p2a: Snorlax
|-unboost|p2a: Snorlax|spe|1
|-boost|p2a: Snorlax|atk|1
|-boost|p2a: Snorlax|def|1
|move|p1a: Shuckle|Stealth Rock|p2a: Snorlax
|-sidestart|p2: Mad_Tournesol|move: Stealth Rock
|
|upkeep
|turn|2
|
|t:|1641745642
|move|p2a: Snorlax|Curse|p2a: Snorlax
|-unboost|p2a: Snorlax|spe|1
|-boost|p2a: Snorlax|atk|1
|-boost|p2a: Snorlax|def|1
|move|p1a: Shuckle|Sticky Web|p2a: Snorlax
|-sidestart|p2: Mad_Tournesol|move: Sticky Web
|
|upkeep
|turn|3
|
|t:|1641745650
|move|p1a: Shuckle|Knock Off|p2a: Snorlax
|-damage|p2a: Snorlax|98/100
|-enditem|p2a: Snorlax|Leftovers|[from] move: Knock Off|[of] p1a: Shuckle
|move|p2a: Snorlax|Curse|p2a: Snorlax
|-unboost|p2a: Snorlax|spe|1
|-boost|p2a: Snorlax|atk|1
|-boost|p2a: Snorlax|def|1
|
|upkeep
|turn|4
|
|t:|1641745659
|move|p1a: Shuckle|Knock Off|p2a: Snorlax
|-damage|p2a: Snorlax|97/100
|move|p2a: Snorlax|Curse|p2a: Snorlax
|-unboost|p2a: Snorlax|spe|1
|-boost|p2a: Snorlax|atk|1
|-boost|p2a: Snorlax|def|1
|
|upkeep
|turn|5
|
|t:|1641745666
|move|p1a: Shuckle|Knock Off|p2a: Snorlax
|-damage|p2a: Snorlax|96/100
|move|p2a: Snorlax|Curse|p2a: Snorlax
|-unboost|p2a: Snorlax|spe|1
|-boost|p2a: Snorlax|atk|1
|-boost|p2a: Snorlax|def|1
|
|upkeep
|turn|6
|
|t:|1641745672
|move|p1a: Shuckle|Knock Off|p2a: Snorlax
|-damage|p2a: Snorlax|95/100
|move|p2a: Snorlax|Curse|p2a: Snorlax
|-unboost|p2a: Snorlax|spe|1
|-boost|p2a: Snorlax|atk|1
|-boost|p2a: Snorlax|def|1
|
|upkeep
|turn|7
|
|t:|1641745691
|move|p1a: Shuckle|Knock Off|p2a: Snorlax
|-damage|p2a: Snorlax|94/100
|move|p2a: Snorlax|Darkest Lariat|p1a: Shuckle
|-damage|p1a: Shuckle|43/100
|-enditem|p1a: Shuckle|Red Card|[of] p2a: Snorlax
|drag|p2a: Steelix|Steelix, F|100/100
|-activate|p2a: Steelix|move: Sticky Web
|-unboost|p2a: Steelix|spe|1
|-damage|p2a: Steelix|97/100|[from] Stealth Rock
|
|-heal|p2a: Steelix|100/100|[from] item: Leftovers
|upkeep
|turn|8
|c|☆P0KESHOW|Xd
|inactive|Mad_Tournesol has 120 seconds left.
|c|☆Mad_Tournesol|i was wondering what was the trick !
|
|t:|1641745725
|switch|p2a: Claydol|Claydol|100/100
|-damage|p2a: Claydol|94/100|[from] Stealth Rock
|move|p1a: Shuckle|Knock Off|p2a: Claydol
|-supereffective|p2a: Claydol
|-damage|p2a: Claydol|82/100
|-enditem|p2a: Claydol|Leftovers|[from] move: Knock Off|[of] p1a: Shuckle
|
|upkeep
|turn|9
|inactive|Mad_Tournesol has 120 seconds left.
|
|t:|1641745736
|move|p2a: Claydol|Psychic|p1a: Shuckle
|-damage|p1a: Shuckle|23/100
|move|p1a: Shuckle|Final Gambit|p2a: Claydol
|-damage|p2a: Claydol|65/100
|faint|p1a: Shuckle
|
|upkeep
|
|t:|1641745744
|switch|p1a: Latios|Latios, M|100/100
|turn|10
|
|t:|1641745748
|move|p1a: Latios|Light Screen|p1a: Latios
|-sidestart|p1: P0KESHOW|move: Light Screen
|move|p2a: Claydol|Rapid Spin|p1a: Latios
|-crit|p1a: Latios
|-damage|p1a: Latios|88/100
|-boost|p2a: Claydol|spe|1
|-sideend|p2: Mad_Tournesol|Stealth Rock|[from] move: Rapid Spin|[of] p2a: Claydol
|-sideend|p2: Mad_Tournesol|Sticky Web|[from] move: Rapid Spin|[of] p2a: Claydol
|
|upkeep
|turn|11
|
|t:|1641745756
|move|p1a: Latios|Reflect|p1a: Latios
|-sidestart|p1: P0KESHOW|Reflect
|move|p2a: Claydol|Trick Room|p2a: Claydol
|-fieldstart|move: Trick Room|[of] p2a: Claydol
|
|upkeep
|turn|12
|
|t:|1641745773
|switch|p2a: Steelix|Steelix, F|100/100
|move|p1a: Latios|Memento|p2a: Steelix
|-unboost|p2a: Steelix|atk|2
|-unboost|p2a: Steelix|spa|2
|faint|p1a: Latios
|
|upkeep
|
|t:|1641745776
|switch|p1a: Comfey|Comfey, F|100/100
|turn|13
|
|t:|1641745784
|switch|p2a: Toxicroak|Toxicroak, F|100/100
|move|p1a: Comfey|Calm Mind|p1a: Comfey
|-boost|p1a: Comfey|spa|1
|-boost|p1a: Comfey|spd|1
|
|upkeep
|turn|14
|
|t:|1641745795
|move|p2a: Toxicroak|Gunk Shot|p1a: Comfey
|-supereffective|p1a: Comfey
|-damage|p1a: Comfey|0 fnt
|faint|p1a: Comfey
|
|-sideend|p1: P0KESHOW|move: Light Screen
|upkeep
|-message|P0KESHOW forfeited.
|
|win|Mad_Tournesol
|raw|P0KESHOW's rating: 1078 &rarr; <strong>1055</strong><br />(-23 for losing)
|raw|Mad_Tournesol's rating: 1057 &rarr; <strong>1090</strong><br />(+33 for winning)
