|j|☆Aerodragon3
|j|☆Khinelalala
|t:|1641866422
|gametype|singles
|player|p1|Aerodragon3|dragontamer|1543
|player|p2|Khinelalala|firebreather|1560
|teamsize|p1|6
|teamsize|p2|6
|gen|8
|tier|[Gen 8] OU
|rated|
|rule|Sleep Clause Mod: Limit one foe put to sleep
|rule|Species Clause: Limit one of each Pokémon
|rule|OHKO Clause: OHKO moves are banned
|rule|Evasion Moves Clause: Evasion moves are banned
|rule|Endless Battle Clause: Forcing endless battles is banned
|rule|HP Percentage Mod: HP is shown in percentages
|rule|Dynamax Clause: You cannot dynamax
|clearpoke
|poke|p1|Pelipper, F|
|poke|p1|Dragonite, F|
|poke|p1|Barraskewda, F|
|poke|p1|Tornadus-Therian, M|
|poke|p1|Tapu Koko|
|poke|p1|Ferrothorn, M|
|poke|p2|Drednaw, M|
|poke|p2|Pelipper, F|
|poke|p2|Barraskewda, M|
|poke|p2|Seismitoad, M|
|poke|p2|Dragapult, M|
|poke|p2|Ferrothorn, F|
|teampreview
|inactive|Battle timer is ON: inactive players will automatically lose when time's up. (requested by Aerodragon3)
|
|t:|1641866442
|start
|switch|p1a: Ferrothorn|Ferrothorn, M|100/100
|switch|p2a: Dragapult|Dragapult, M|100/100
|turn|1
|
|t:|1641866451
|switch|p1a: Pelipper|Pelipper, F|100/100
|-weather|RainDance|[from] ability: Drizzle|[of] p1a: Pelipper
|move|p2a: Dragapult|Fire Blast|p1a: Pelipper|[miss]
|-miss|p2a: Dragapult|p1a: Pelipper
|
|-weather|RainDance|[upkeep]
|upkeep
|turn|2
|
|t:|1641866465
|switch|p2a: Drednaw|Drednaw, M|100/100
|move|p1a: Pelipper|U-turn|p2a: Drednaw
|-damage|p2a: Drednaw|90/100
|
|t:|1641866470
|switch|p1a: Tapu Koko|Tapu Koko|100/100|[from]move: U-turn
|-fieldstart|move: Electric Terrain|[from] ability: Electric Surge|[of] p1a: Tapu Koko
|
|-weather|RainDance|[upkeep]
|upkeep
|turn|3
|
|t:|1641866473
|move|p2a: Drednaw|Liquidation|p1a: Tapu Koko
|-damage|p1a: Tapu Koko|0 fnt
|faint|p1a: Tapu Koko
|-damage|p2a: Drednaw|80/100|[from] item: Life Orb
|
|-weather|RainDance|[upkeep]
|upkeep
|
|t:|1641866484
|switch|p1a: Ferrothorn|Ferrothorn, M|100/100
|turn|4
|
|t:|1641866492
|switch|p2a: Dragapult|Dragapult, M|100/100
|move|p1a: Ferrothorn|Stealth Rock|p2a: Dragapult
|-sidestart|p2: Khinelalala|move: Stealth Rock
|
|-weather|RainDance|[upkeep]
|upkeep
|turn|5
|
|t:|1641866498
|switch|p1a: Tornadus|Tornadus-Therian, M|100/100
|move|p2a: Dragapult|Shadow Ball|p1a: Tornadus
|-damage|p1a: Tornadus|38/100
|
|-weather|RainDance|[upkeep]
|upkeep
|turn|6
|
|t:|1641866505
|move|p2a: Dragapult|Shadow Ball|p1a: Tornadus
|-damage|p1a: Tornadus|0 fnt
|faint|p1a: Tornadus
|
|-weather|RainDance|[upkeep]
|-fieldend|move: Electric Terrain
|upkeep
|
|t:|1641866509
|switch|p1a: Ferrothorn|Ferrothorn, M|100/100
|turn|7
|
|t:|1641866511
|move|p2a: Dragapult|Shadow Ball|p1a: Ferrothorn
|-damage|p1a: Ferrothorn|54/100
|move|p1a: Ferrothorn|Knock Off|p2a: Dragapult
|-supereffective|p2a: Dragapult
|-damage|p2a: Dragapult|40/100
|-enditem|p2a: Dragapult|Choice Specs|[from] move: Knock Off|[of] p1a: Ferrothorn
|
|-weather|RainDance|[upkeep]
|-heal|p1a: Ferrothorn|60/100|[from] item: Leftovers
|upkeep
|turn|8
|
|t:|1641866515
|move|p2a: Dragapult|Fire Blast|p1a: Ferrothorn
|-supereffective|p1a: Ferrothorn
|-damage|p1a: Ferrothorn|8/100
|move|p1a: Ferrothorn|Leech Seed|p2a: Dragapult
|-start|p2a: Dragapult|move: Leech Seed
|
|-weather|none
|-heal|p1a: Ferrothorn|14/100|[from] item: Leftovers
|-damage|p2a: Dragapult|28/100|[from] Leech Seed|[of] p1a: Ferrothorn
|-heal|p1a: Ferrothorn|25/100|[silent]
|upkeep
|turn|9
|
|t:|1641866529
|switch|p1a: Pelipper|Pelipper, F|100/100
|-weather|RainDance|[from] ability: Drizzle|[of] p1a: Pelipper
|move|p2a: Dragapult|Shadow Ball|p1a: Pelipper
|-damage|p1a: Pelipper|53/100
|
|-weather|RainDance|[upkeep]
|-damage|p2a: Dragapult|15/100|[from] Leech Seed|[of] p1a: Pelipper
|-heal|p1a: Pelipper|65/100|[silent]
|upkeep
|turn|10
|
|t:|1641866535
|move|p2a: Dragapult|Thunder|p1a: Pelipper
|-supereffective|p1a: Pelipper
|-damage|p1a: Pelipper|0 fnt
|faint|p1a: Pelipper
|
|-weather|RainDance|[upkeep]
|upkeep
|
|t:|1641866538
|switch|p1a: Barraskewda|Barraskewda, F|100/100
|turn|11
|
|t:|1641866543
|move|p1a: Barraskewda|Close Combat|p2a: Dragapult
|-immune|p2a: Dragapult
|move|p2a: Dragapult|Draco Meteor|p1a: Barraskewda
|-damage|p1a: Barraskewda|0 fnt
|-unboost|p2a: Dragapult|spa|2
|faint|p1a: Barraskewda
|
|-weather|RainDance|[upkeep]
|upkeep
|-message|Aerodragon3 forfeited.
|
|win|Khinelalala
|raw|Aerodragon3's rating: 1543 &rarr; <strong>1524</strong><br />(-19 for losing)
|raw|Khinelalala's rating: 1560 &rarr; <strong>1579</strong><br />(+19 for winning)
|l|☆Aerodragon3
||Ladder isn't responding, score probably updated but might not have (Request timeout).
