|j|☆DerMulti
|j|☆hanserzsh2001
|t:|1641726616
|gametype|singles
|player|p1|DerMulti|swimmer-gen4|1435
|player|p2|hanserzsh2001|dawn|1379
|teamsize|p1|6
|teamsize|p2|6
|gen|8
|tier|[Gen 8] OU
|rated|
|rule|Sleep Clause Mod: Limit one foe put to sleep
|rule|Species Clause: Limit one of each Pokémon
|rule|OHKO Clause: OHKO moves are banned
|rule|Evasion Moves Clause: Evasion moves are banned
|rule|Endless Battle Clause: Forcing endless battles is banned
|rule|HP Percentage Mod: HP is shown in percentages
|rule|Dynamax Clause: You cannot dynamax
|clearpoke
|poke|p1|Nidoking, M|
|poke|p1|Garchomp, F|
|poke|p1|Ferrothorn, M|
|poke|p1|Azumarill, M|
|poke|p1|Dragapult, M|
|poke|p1|Corviknight, F|
|poke|p2|Pelipper, M|
|poke|p2|Volcanion|
|poke|p2|Thundurus-Therian, M|
|poke|p2|Ferrothorn, M|
|poke|p2|Barraskewda, M|
|poke|p2|Blastoise, M|
|teampreview
|inactive|Battle timer is ON: inactive players will automatically lose when time's up. (requested by hanserzsh2001)
|
|t:|1641726644
|start
|switch|p1a: Ferrothorn|Ferrothorn, M|100/100
|switch|p2a: Pelipper|Pelipper, M|100/100
|-weather|RainDance|[from] ability: Drizzle|[of] p2a: Pelipper
|turn|1
|
|t:|1641726655
|move|p2a: Pelipper|U-turn|p1a: Ferrothorn
|-damage|p1a: Ferrothorn|96/100
|-damage|p2a: Pelipper|88/100|[from] ability: Iron Barbs|[of] p1a: Ferrothorn
|
|t:|1641726657
|switch|p2a: Barraskewda|Barraskewda, M|100/100|[from]move: U-turn
|move|p1a: Ferrothorn|Knock Off|p2a: Barraskewda
|-damage|p2a: Barraskewda|62/100
|-enditem|p2a: Barraskewda|Protective Pads|[from] move: Knock Off|[of] p1a: Ferrothorn
|
|-weather|RainDance|[upkeep]
|-heal|p1a: Ferrothorn|100/100|[from] item: Leftovers
|upkeep
|turn|2
|
|t:|1641726669
|move|p2a: Barraskewda|Close Combat|p1a: Ferrothorn
|-supereffective|p1a: Ferrothorn
|-damage|p1a: Ferrothorn|49/100
|-unboost|p2a: Barraskewda|def|1
|-unboost|p2a: Barraskewda|spd|1
|-damage|p2a: Barraskewda|50/100|[from] ability: Iron Barbs|[of] p1a: Ferrothorn
|move|p1a: Ferrothorn|Spikes|p2a: Barraskewda
|-sidestart|p2: hanserzsh2001|Spikes
|
|-weather|RainDance|[upkeep]
|-heal|p1a: Ferrothorn|55/100|[from] item: Leftovers
|upkeep
|turn|3
|
|t:|1641726694
|switch|p1a: Nidoking|Nidoking, M|100/100
|move|p2a: Barraskewda|Flip Turn|p1a: Nidoking
|-supereffective|p1a: Nidoking
|-damage|p1a: Nidoking|0 fnt
|faint|p1a: Nidoking
|
|t:|1641726706
|switch|p2a: Ferrothorn|Ferrothorn, M|100/100|[from]move: Flip Turn
|-damage|p2a: Ferrothorn|88/100|[from] Spikes
|
|-weather|RainDance|[upkeep]
|-heal|p2a: Ferrothorn|94/100|[from] item: Leftovers
|upkeep
|
|t:|1641726715
|switch|p1a: Dragapult|Dragapult, M|100/100
|turn|4
|
|t:|1641726718
|move|p1a: Dragapult|Flamethrower|p2a: Ferrothorn
|-supereffective|p2a: Ferrothorn
|-damage|p2a: Ferrothorn|44/100
|move|p2a: Ferrothorn|Knock Off|p1a: Dragapult
|-supereffective|p1a: Dragapult
|-damage|p1a: Dragapult|39/100
|-enditem|p1a: Dragapult|Choice Specs|[from] move: Knock Off|[of] p2a: Ferrothorn
|
|-weather|RainDance|[upkeep]
|-heal|p2a: Ferrothorn|50/100|[from] item: Leftovers
|upkeep
|turn|5
|inactive|DerMulti has 120 seconds left.
|
|t:|1641726758
|move|p1a: Dragapult|Shadow Ball|p2a: Ferrothorn
|-damage|p2a: Ferrothorn|26/100
|move|p2a: Ferrothorn|Gyro Ball|p1a: Dragapult
|-damage|p1a: Dragapult|0 fnt
|faint|p1a: Dragapult
|
|-weather|RainDance|[upkeep]
|-heal|p2a: Ferrothorn|32/100|[from] item: Leftovers
|upkeep
|
|t:|1641726771
|switch|p1a: Garchomp|Garchomp, F|100/100
|turn|6
|
|t:|1641726777
|move|p1a: Garchomp|Swords Dance|p1a: Garchomp
|-boost|p1a: Garchomp|atk|2
|move|p2a: Ferrothorn|Leech Seed|p1a: Garchomp
|-start|p1a: Garchomp|move: Leech Seed
|
|-weather|RainDance|[upkeep]
|-heal|p2a: Ferrothorn|38/100|[from] item: Leftovers
|-damage|p1a: Garchomp|88/100|[from] Leech Seed|[of] p2a: Ferrothorn
|-heal|p2a: Ferrothorn|51/100|[silent]
|upkeep
|turn|7
|inactive|DerMulti has 120 seconds left.
|
|t:|1641726794
|switch|p2a: Thundurus|Thundurus-Therian, M|100/100
|move|p1a: Garchomp|Earthquake|p2a: Thundurus
|-immune|p2a: Thundurus
|
|-weather|RainDance|[upkeep]
|-heal|p1a: Garchomp|94/100|[from] item: Leftovers
|-damage|p1a: Garchomp|82/100|[from] Leech Seed|[of] p2a: Thundurus
|upkeep
|turn|8
|inactive|DerMulti has 120 seconds left.
|
|t:|1641726805
|switch|p2a: Ferrothorn|Ferrothorn, M|51/100
|-damage|p2a: Ferrothorn|38/100|[from] Spikes
|move|p1a: Garchomp|Scale Shot|p2a: Ferrothorn
|-resisted|p2a: Ferrothorn
|-damage|p2a: Ferrothorn|29/100
|-resisted|p2a: Ferrothorn
|-damage|p2a: Ferrothorn|21/100
|-hitcount|p2a: Ferrothorn|2
|-unboost|p1a: Garchomp|def|1
|-boost|p1a: Garchomp|spe|1
|
|-weather|none
|-heal|p1a: Garchomp|88/100|[from] item: Leftovers
|-heal|p2a: Ferrothorn|27/100|[from] item: Leftovers
|-damage|p1a: Garchomp|76/100|[from] Leech Seed|[of] p2a: Ferrothorn
|-heal|p2a: Ferrothorn|39/100|[silent]
|upkeep
|turn|9
|inactive|DerMulti has 120 seconds left.
|
|t:|1641726822
|move|p1a: Garchomp|Scale Shot|p2a: Ferrothorn
|-resisted|p2a: Ferrothorn
|-damage|p2a: Ferrothorn|30/100
|-resisted|p2a: Ferrothorn
|-damage|p2a: Ferrothorn|21/100
|-hitcount|p2a: Ferrothorn|2
|-unboost|p1a: Garchomp|def|1
|-boost|p1a: Garchomp|spe|1
|move|p2a: Ferrothorn|Gyro Ball|p1a: Garchomp
|-damage|p1a: Garchomp|0 fnt
|-damage|p2a: Ferrothorn|8/100|[from] ability: Rough Skin|[of] p1a: Garchomp
|faint|p1a: Garchomp
|
|-heal|p2a: Ferrothorn|14/100|[from] item: Leftovers
|upkeep
|-message|DerMulti forfeited.
|
|win|hanserzsh2001
|raw|DerMulti's rating: 1435 &rarr; <strong>1412</strong><br />(-23 for losing)
|raw|hanserzsh2001's rating: 1379 &rarr; <strong>1402</strong><br />(+23 for winning)
|l|☆DerMulti
