|j|☆Sad3sky
|j|☆AyanokoujiKiyotaka
|t:|1641858418
|gametype|singles
|player|p1|Sad3sky|blue|
|player|p2|AyanokoujiKiyotaka|winona|
|teamsize|p1|6
|teamsize|p2|6
|gen|8
|tier|[Gen 8] OU
|rule|Sleep Clause Mod: Limit one foe put to sleep
|rule|Species Clause: Limit one of each Pokémon
|rule|OHKO Clause: OHKO moves are banned
|rule|Evasion Moves Clause: Evasion moves are banned
|rule|Endless Battle Clause: Forcing endless battles is banned
|rule|HP Percentage Mod: HP is shown in percentages
|rule|Dynamax Clause: You cannot dynamax
|clearpoke
|poke|p1|Ferrothorn, M|
|poke|p1|Heatran, M|
|poke|p1|Landorus-Therian, M|
|poke|p1|Tapu Fini|
|poke|p1|Kartana|
|poke|p1|Volcarona, M|
|poke|p2|Torkoal, F|
|poke|p2|Blissey, F|
|poke|p2|Charizard, F|
|poke|p2|Landorus-Therian, M|
|poke|p2|Venusaur, M|
|poke|p2|Weavile, F|
|teampreview
|c|☆AyanokoujiKiyotaka|gl
|j| Saelemaekerss
|c|☆Sad3sky|gl
|inactive|Battle timer is ON: inactive players will automatically lose when time's up. (requested by Sad3sky)
|
|t:|1641858484
|start
|switch|p1a: Tapu Fini|Tapu Fini|100/100
|switch|p2a: Torkoal|Torkoal, F|100/100
|-fieldstart|move: Misty Terrain|[from] ability: Misty Surge|[of] p1a: Tapu Fini
|-weather|SunnyDay|[from] ability: Drought|[of] p2a: Torkoal
|turn|1
|
|t:|1641858492
|switch|p2a: Venusaur|Venusaur, M|100/100
|move|p1a: Tapu Fini|Hydro Pump|p2a: Venusaur
|-resisted|p2a: Venusaur
|-damage|p2a: Venusaur|81/100
|
|-weather|SunnyDay|[upkeep]
|upkeep
|turn|2
|c| Saelemaekerss|o
|inactive|AyanokoujiKiyotaka has 270 seconds left.
|
|t:|1641858532
|switch|p1a: Volcarona|Volcarona, M|100/100
|move|p2a: Venusaur|Earth Power|p1a: Volcarona
|-damage|p1a: Volcarona|58/100
|-damage|p2a: Venusaur|71/100|[from] item: Life Orb
|
|-weather|SunnyDay|[upkeep]
|upkeep
|turn|3
|
|t:|1641858542
|switch|p2a: Blissey|Blissey, F|100/100
|move|p1a: Volcarona|Quiver Dance|p1a: Volcarona
|-boost|p1a: Volcarona|spa|1
|-boost|p1a: Volcarona|spd|1
|-boost|p1a: Volcarona|spe|1
|
|-weather|SunnyDay|[upkeep]
|upkeep
|turn|4
|
|t:|1641858551
|move|p1a: Volcarona|Fiery Dance|p2a: Blissey
|-damage|p2a: Blissey|70/100
|move|p2a: Blissey|Thunder Wave|p1a: Volcarona
|-activate|p1a: Volcarona|move: Misty Terrain
|
|-weather|SunnyDay|[upkeep]
|upkeep
|turn|5
|inactive|AyanokoujiKiyotaka has 270 seconds left.
|c|☆AyanokoujiKiyotaka|xd
|
|t:|1641858586
|move|p1a: Volcarona|Fiery Dance|p2a: Blissey
|-damage|p2a: Blissey|40/100
|move|p2a: Blissey|Soft-Boiled|p2a: Blissey
|-heal|p2a: Blissey|90/100
|
|-weather|SunnyDay|[upkeep]
|-fieldend|Misty Terrain
|upkeep
|turn|6
|
|t:|1641858593
|switch|p1a: Landorus|Landorus-Therian, M|100/100
|-ability|p1a: Landorus|Intimidate|boost
|-unboost|p2a: Blissey|atk|1
|move|p2a: Blissey|Thunder Wave|p1a: Landorus
|-immune|p1a: Landorus
|
|-weather|SunnyDay|[upkeep]
|upkeep
|turn|7
|inactive|AyanokoujiKiyotaka has 270 seconds left.
|inactive|AyanokoujiKiyotaka has 240 seconds left.
|
|t:|1641858630
|switch|p2a: Landorus|Landorus-Therian, M|100/100
|-ability|p2a: Landorus|Intimidate|boost
|-unboost|p1a: Landorus|atk|1
|move|p1a: Landorus|U-turn|p2a: Landorus
|-resisted|p2a: Landorus
|-damage|p2a: Landorus|95/100
|
|t:|1641858643
|switch|p1a: Ferrothorn|Ferrothorn, M|100/100|[from]move: U-turn
|
|-weather|SunnyDay|[upkeep]
|-heal|p2a: Landorus|100/100|[from] item: Leftovers
|upkeep
|turn|8
|inactive|AyanokoujiKiyotaka has 240 seconds left.
|
|t:|1641858676
|switch|p2a: Charizard|Charizard, F|100/100
|move|p1a: Ferrothorn|Stealth Rock|p2a: Charizard
|-sidestart|p2: AyanokoujiKiyotaka|move: Stealth Rock
|
|-weather|none
|upkeep
|turn|9
|
|t:|1641858682
|switch|p1a: Heatran|Heatran, M|100/100
|move|p2a: Charizard|Focus Blast|p1a: Heatran
|-supereffective|p1a: Heatran
|-damage|p1a: Heatran|31/100
|
|-heal|p1a: Heatran|37/100|[from] item: Leftovers
|upkeep
|turn|10
|
|t:|1641858689
|move|p1a: Heatran|Protect|p1a: Heatran
|-singleturn|p1a: Heatran|Protect
|move|p2a: Charizard|Focus Blast|p1a: Heatran
|-activate|p1a: Heatran|move: Protect
|
|-heal|p1a: Heatran|43/100|[from] item: Leftovers
|upkeep
|turn|11
|
|t:|1641858697
|switch|p1a: Tapu Fini|Tapu Fini|100/100
|-fieldstart|move: Misty Terrain|[from] ability: Misty Surge|[of] p1a: Tapu Fini
|move|p2a: Charizard|Focus Blast|p1a: Tapu Fini
|-resisted|p1a: Tapu Fini
|-damage|p1a: Tapu Fini|73/100
|
|upkeep
|turn|12
|
|t:|1641858706
|switch|p2a: Blissey|Blissey, F|90/100
|move|p1a: Tapu Fini|Ice Beam|p2a: Blissey
|-damage|p2a: Blissey|77/100
|
|upkeep
|turn|13
|inactive|AyanokoujiKiyotaka has 240 seconds left.
|
|t:|1641858746
|switch|p1a: Ferrothorn|Ferrothorn, M|100/100
|move|p2a: Blissey|Teleport|p2a: Blissey
|
|t:|1641858749
|switch|p2a: Torkoal|Torkoal, F|100/100|[from]move: Teleport
|-damage|p2a: Torkoal|76/100|[from] Stealth Rock
|-weather|SunnyDay|[from] ability: Drought|[of] p2a: Torkoal
|
|-weather|SunnyDay|[upkeep]
|upkeep
|turn|14
|
|t:|1641858758
|switch|p1a: Landorus|Landorus-Therian, M|100/100
|-ability|p1a: Landorus|Intimidate|boost
|-unboost|p2a: Torkoal|atk|1
|move|p2a: Torkoal|Rapid Spin|p1a: Landorus
|-damage|p1a: Landorus|94/100
|-boost|p2a: Torkoal|spe|1
|-sideend|p2: AyanokoujiKiyotaka|Stealth Rock|[from] move: Rapid Spin|[of] p2a: Torkoal
|
|-weather|SunnyDay|[upkeep]
|upkeep
|turn|15
|inactive|AyanokoujiKiyotaka has 240 seconds left.
|
|t:|1641858782
|switch|p2a: Landorus|Landorus-Therian, M|100/100
|-ability|p2a: Landorus|Intimidate|boost
|-unboost|p1a: Landorus|atk|1
|move|p1a: Landorus|Knock Off|p2a: Landorus
|-damage|p2a: Landorus|84/100
|-enditem|p2a: Landorus|Leftovers|[from] move: Knock Off|[of] p1a: Landorus
|
|-weather|SunnyDay|[upkeep]
|-fieldend|Misty Terrain
|upkeep
|turn|16
|
|t:|1641858791
|switch|p1a: Ferrothorn|Ferrothorn, M|100/100
|move|p2a: Landorus|U-turn|p1a: Ferrothorn
|-damage|p1a: Ferrothorn|88/100
|-damage|p2a: Landorus|72/100|[from] ability: Iron Barbs|[of] p1a: Ferrothorn
|inactive|AyanokoujiKiyotaka has 240 seconds left.
|
|t:|1641858813
|switch|p2a: Charizard|Charizard, F|100/100|[from]move: U-turn
|
|-weather|SunnyDay|[upkeep]
|-damage|p2a: Charizard|88/100|[from] ability: Solar Power|[of] p2a: Charizard
|-heal|p1a: Ferrothorn|94/100|[from] item: Leftovers
|upkeep
|turn|17
|
|t:|1641858820
|move|p1a: Ferrothorn|Protect|p1a: Ferrothorn
|-singleturn|p1a: Ferrothorn|Protect
|move|p2a: Charizard|Focus Blast|p1a: Ferrothorn
|-activate|p1a: Ferrothorn|move: Protect
|
|-weather|SunnyDay|[upkeep]
|-damage|p2a: Charizard|76/100|[from] ability: Solar Power|[of] p2a: Charizard
|-heal|p1a: Ferrothorn|100/100|[from] item: Leftovers
|upkeep
|turn|18
|
|t:|1641858831
|switch|p2a: Weavile|Weavile, F|100/100
|-ability|p2a: Weavile|Pressure
|switch|p1a: Tapu Fini|Tapu Fini|73/100
|-fieldstart|move: Misty Terrain|[from] ability: Misty Surge|[of] p1a: Tapu Fini
|
|-weather|SunnyDay|[upkeep]
|upkeep
|turn|19
|inactive|AyanokoujiKiyotaka has 240 seconds left.
|
|t:|1641858840
|switch|p2a: Blissey|Blissey, F|77/100
|move|p1a: Tapu Fini|Trick|p2a: Blissey
|-activate|p1a: Tapu Fini|move: Trick|[of] p2a: Blissey
|-item|p2a: Blissey|Choice Specs|[from] move: Trick
|-item|p1a: Tapu Fini|Heavy-Duty Boots|[from] move: Trick
|
|-weather|SunnyDay|[upkeep]
|upkeep
|turn|20
|inactive|AyanokoujiKiyotaka has 240 seconds left.
|inactive|AyanokoujiKiyotaka has 210 seconds left.
|
|t:|1641858894
|switch|p1a: Landorus|Landorus-Therian, M|94/100
|-ability|p1a: Landorus|Intimidate|boost
|-unboost|p2a: Blissey|atk|1
|move|p2a: Blissey|Teleport|p2a: Blissey
|
|t:|1641858898
|switch|p2a: Weavile|Weavile, F|100/100|[from]move: Teleport
|-ability|p2a: Weavile|Pressure
|
|-weather|none
|upkeep
|turn|21
|inactive|AyanokoujiKiyotaka has 210 seconds left.
|
|t:|1641858906
|switch|p1a: Ferrothorn|Ferrothorn, M|100/100
|move|p2a: Weavile|Knock Off|p1a: Ferrothorn
|-damage|p1a: Ferrothorn|70/100
|-damage|p2a: Weavile|88/100|[from] ability: Iron Barbs|[of] p1a: Ferrothorn
|-enditem|p1a: Ferrothorn|Leftovers|[from] move: Knock Off|[of] p2a: Weavile
|
|upkeep
|turn|22
|
|t:|1641858914
|switch|p2a: Torkoal|Torkoal, F|76/100
|-weather|SunnyDay|[from] ability: Drought|[of] p2a: Torkoal
|move|p1a: Ferrothorn|Leech Seed|p2a: Torkoal
|-start|p2a: Torkoal|move: Leech Seed
|
|-weather|SunnyDay|[upkeep]
|-damage|p2a: Torkoal|63/100|[from] Leech Seed|[of] p1a: Ferrothorn
|-heal|p1a: Ferrothorn|82/100|[silent]
|-fieldend|Misty Terrain
|upkeep
|turn|23
|inactive|AyanokoujiKiyotaka has 210 seconds left.
|inactive|AyanokoujiKiyotaka has 180 seconds left.
|
|t:|1641858978
|switch|p1a: Landorus|Landorus-Therian, M|94/100
|-ability|p1a: Landorus|Intimidate|boost
|-unboost|p2a: Torkoal|atk|1
|move|p2a: Torkoal|Stealth Rock|p1a: Landorus
|-sidestart|p1: Sad3sky|move: Stealth Rock
|
|-weather|SunnyDay|[upkeep]
|-damage|p2a: Torkoal|51/100|[from] Leech Seed|[of] p1a: Landorus
|-heal|p1a: Landorus|100/100|[silent]
|upkeep
|turn|24
|
|t:|1641858989
|switch|p2a: Landorus|Landorus-Therian, M|72/100
|-ability|p2a: Landorus|Intimidate|boost
|-unboost|p1a: Landorus|atk|1
|move|p1a: Landorus|U-turn|p2a: Landorus
|-resisted|p2a: Landorus
|-damage|p2a: Landorus|65/100
|
|t:|1641858995
|switch|p1a: Ferrothorn|Ferrothorn, M|82/100|[from]move: U-turn
|-damage|p1a: Ferrothorn|76/100|[from] Stealth Rock
|
|-weather|SunnyDay|[upkeep]
|upkeep
|turn|25
|inactive|AyanokoujiKiyotaka has 180 seconds left.
|
|t:|1641859025
|move|p2a: Landorus|Earthquake|p1a: Ferrothorn
|-damage|p1a: Ferrothorn|49/100
|move|p1a: Ferrothorn|Stealth Rock|p2a: Landorus
|-sidestart|p2: AyanokoujiKiyotaka|move: Stealth Rock
|
|-weather|SunnyDay|[upkeep]
|upkeep
|turn|26
|
|t:|1641859040
|switch|p2a: Venusaur|Venusaur, M|71/100
|-damage|p2a: Venusaur|59/100|[from] Stealth Rock
|move|p1a: Ferrothorn|Leech Seed|p2a: Venusaur
|-immune|p2a: Venusaur
|
|-weather|SunnyDay|[upkeep]
|upkeep
|turn|27
|inactive|AyanokoujiKiyotaka has 180 seconds left.
|
|t:|1641859060
|move|p1a: Ferrothorn|Protect|p1a: Ferrothorn
|-singleturn|p1a: Ferrothorn|Protect
|move|p2a: Venusaur|Growth|p2a: Venusaur
|-boost|p2a: Venusaur|atk|2
|-boost|p2a: Venusaur|spa|2
|
|-weather|SunnyDay|[upkeep]
|upkeep
|turn|28
|inactive|AyanokoujiKiyotaka has 180 seconds left.
|
|t:|1641859075
|move|p2a: Venusaur|Earth Power|p1a: Ferrothorn
|-damage|p1a: Ferrothorn|0 fnt
|faint|p1a: Ferrothorn
|-damage|p2a: Venusaur|49/100|[from] item: Life Orb
|
|-weather|SunnyDay|[upkeep]
|upkeep
|inactive|Sad3sky has 270 seconds left.
|l| Saelemaekerss
|
|t:|1641859105
|switch|p1a: Heatran|Heatran, M|43/100
|-damage|p1a: Heatran|31/100|[from] Stealth Rock
|turn|29
|inactive|AyanokoujiKiyotaka has 180 seconds left.
|
|t:|1641859135
|move|p1a: Heatran|Protect|p1a: Heatran
|-singleturn|p1a: Heatran|Protect
|move|p2a: Venusaur|Giga Drain|p1a: Heatran
|-activate|p1a: Heatran|move: Protect
|
|-weather|none
|-heal|p1a: Heatran|37/100|[from] item: Leftovers
|upkeep
|turn|30
|
|t:|1641859142
|move|p2a: Venusaur|Earth Power|p1a: Heatran
|-supereffective|p1a: Heatran
|-damage|p1a: Heatran|0 fnt
|faint|p1a: Heatran
|-damage|p2a: Venusaur|39/100|[from] item: Life Orb
|
|upkeep
|
|t:|1641859149
|switch|p1a: Volcarona|Volcarona, M|58/100
|turn|31
|
|t:|1641859156
|switch|p2a: Blissey|Blissey, F|77/100
|-damage|p2a: Blissey|64/100|[from] Stealth Rock
|move|p1a: Volcarona|Fiery Dance|p2a: Blissey
|-damage|p2a: Blissey|51/100
|-boost|p1a: Volcarona|spa|1
|
|upkeep
|turn|32
|
|t:|1641859164
|switch|p1a: Landorus|Landorus-Therian, M|100/100
|-damage|p1a: Landorus|88/100|[from] Stealth Rock
|-ability|p1a: Landorus|Intimidate|boost
|-unboost|p2a: Blissey|atk|1
|move|p2a: Blissey|Soft-Boiled|p2a: Blissey
|-heal|p2a: Blissey|100/100
|
|upkeep
|turn|33
|
|t:|1641859173
|switch|p2a: Landorus|Landorus-Therian, M|65/100
|-damage|p2a: Landorus|53/100|[from] Stealth Rock
|-ability|p2a: Landorus|Intimidate|boost
|-unboost|p1a: Landorus|atk|1
|move|p1a: Landorus|U-turn|p2a: Landorus
|-resisted|p2a: Landorus
|-damage|p2a: Landorus|47/100
|
|t:|1641859181
|switch|p1a: Tapu Fini|Tapu Fini|73/100|[from]move: U-turn
|-fieldstart|move: Misty Terrain|[from] ability: Misty Surge|[of] p1a: Tapu Fini
|
|upkeep
|turn|34
|
|t:|1641859189
|switch|p2a: Blissey|Blissey, F|100/100
|-damage|p2a: Blissey|88/100|[from] Stealth Rock
|move|p1a: Tapu Fini|Hydro Pump|p2a: Blissey
|-damage|p2a: Blissey|72/100
|
|upkeep
|turn|35
|
|t:|1641859201
|switch|p1a: Landorus|Landorus-Therian, M|88/100
|-damage|p1a: Landorus|76/100|[from] Stealth Rock
|-ability|p1a: Landorus|Intimidate|boost
|-unboost|p2a: Blissey|atk|1
|move|p2a: Blissey|Teleport|p2a: Blissey
|
|t:|1641859204
|switch|p2a: Landorus|Landorus-Therian, M|47/100|[from]move: Teleport
|-damage|p2a: Landorus|34/100|[from] Stealth Rock
|-ability|p2a: Landorus|Intimidate|boost
|-unboost|p1a: Landorus|atk|1
|
|upkeep
|turn|36
|
|t:|1641859213
|move|p1a: Landorus|Knock Off|p2a: Landorus
|-damage|p2a: Landorus|22/100
|move|p2a: Landorus|Defog|p1a: Landorus
|-unboost|p1a: Landorus|evasion|1
|-sideend|p1: Sad3sky|Stealth Rock|[from] move: Defog|[of] p2a: Landorus
|-sideend|p2: AyanokoujiKiyotaka|Stealth Rock|[from] move: Defog|[of] p2a: Landorus
|-fieldend|Misty Terrain
|
|upkeep
|turn|37
|inactive|AyanokoujiKiyotaka has 210 seconds left.
|
|t:|1641859259
|switch|p1a: Kartana|Kartana|100/100
|move|p2a: Landorus|U-turn|p1a: Kartana
|-damage|p1a: Kartana|77/100
|
|t:|1641859279
|switch|p2a: Torkoal|Torkoal, F|51/100|[from]move: U-turn
|-weather|SunnyDay|[from] ability: Drought|[of] p2a: Torkoal
|
|-weather|SunnyDay|[upkeep]
|upkeep
|turn|38
|
|t:|1641859296
|switch|p1a: Landorus|Landorus-Therian, M|76/100
|-ability|p1a: Landorus|Intimidate|boost
|-unboost|p2a: Torkoal|atk|1
|switch|p2a: Landorus|Landorus-Therian, M|22/100
|-ability|p2a: Landorus|Intimidate|boost
|-unboost|p1a: Landorus|atk|1
|
|-weather|SunnyDay|[upkeep]
|upkeep
|turn|39
|l|☆AyanokoujiKiyotaka
|inactive|AyanokoujiKiyotaka disconnected and has 300 seconds to reconnect!
|player|p2|
|inactive|AyanokoujiKiyotaka has 270 seconds to reconnect!
|inactive|AyanokoujiKiyotaka has 240 seconds to reconnect!
|j|☆AyanokoujiKiyotaka
|inactive|AyanokoujiKiyotaka reconnected and has 195 seconds left.
|player|p2|AyanokoujiKiyotaka|winona
|inactive|AyanokoujiKiyotaka has 180 seconds left.
|
|t:|1641859393
|move|p1a: Landorus|U-turn|p2a: Landorus
|-resisted|p2a: Landorus
|-damage|p2a: Landorus|17/100
|l|☆AyanokoujiKiyotaka
|inactive|AyanokoujiKiyotaka disconnected and has 225 seconds to reconnect!
|player|p2|
|
|t:|1641859410
|switch|p1a: Kartana|Kartana|77/100|[from]move: U-turn
|move|p2a: Landorus|U-turn|p1a: Kartana
|-damage|p1a: Kartana|55/100
|inactive|AyanokoujiKiyotaka has 210 seconds to reconnect!
|j|☆AyanokoujiKiyotaka
|inactive|AyanokoujiKiyotaka reconnected and has 190 seconds left.
|player|p2|AyanokoujiKiyotaka|winona
|inactive|AyanokoujiKiyotaka has 180 seconds left.
|
|t:|1641859454
|switch|p2a: Venusaur|Venusaur, M|39/100|[from]move: U-turn
|
|-weather|SunnyDay|[upkeep]
|upkeep
|turn|40
|
|t:|1641859461
|switch|p1a: Volcarona|Volcarona, M|58/100
|move|p2a: Venusaur|Weather Ball|p1a: Volcarona
|-damage|p1a: Volcarona|0 fnt
|faint|p1a: Volcarona
|-damage|p2a: Venusaur|29/100|[from] item: Life Orb
|
|-weather|SunnyDay|[upkeep]
|upkeep
|
|t:|1641859475
|switch|p1a: Kartana|Kartana|55/100
|turn|41
|
|t:|1641859482
|move|p2a: Venusaur|Weather Ball|p1a: Kartana
|-supereffective|p1a: Kartana
|-damage|p1a: Kartana|0 fnt
|faint|p1a: Kartana
|-damage|p2a: Venusaur|19/100|[from] item: Life Orb
|
|-weather|SunnyDay|[upkeep]
|upkeep
|
|t:|1641859491
|switch|p1a: Landorus|Landorus-Therian, M|76/100
|-ability|p1a: Landorus|Intimidate|boost
|-unboost|p2a: Venusaur|atk|1
|turn|42
|inactive|AyanokoujiKiyotaka has 210 seconds left.
|
|t:|1641859500
|move|p2a: Venusaur|Weather Ball|p1a: Landorus
|-damage|p1a: Landorus|0 fnt
|faint|p1a: Landorus
|-damage|p2a: Venusaur|9/100|[from] item: Life Orb
|
|-weather|SunnyDay|[upkeep]
|upkeep
|
|t:|1641859506
|switch|p1a: Tapu Fini|Tapu Fini|73/100
|-fieldstart|move: Misty Terrain|[from] ability: Misty Surge|[of] p1a: Tapu Fini
|turn|43
|
|t:|1641859510
|move|p2a: Venusaur|Giga Drain|p1a: Tapu Fini
|-supereffective|p1a: Tapu Fini
|-damage|p1a: Tapu Fini|0 fnt
|-heal|p2a: Venusaur|43/100|[from] drain|[of] p1a: Tapu Fini
|faint|p1a: Tapu Fini
|-damage|p2a: Venusaur|33/100|[from] item: Life Orb
|
|win|AyanokoujiKiyotaka
|c|☆Sad3sky|gg
|l|☆Sad3sky
|c|☆AyanokoujiKiyotaka|Gg
|l|☆AyanokoujiKiyotaka
|j|☆AyanokoujiKiyotaka
|player|p2|AyanokoujiKiyotaka|winona
