|j|☆Cloud of Rivia
|j|☆Comedier
|t:|1641788918
|gametype|singles
|player|p1|Cloud of Rivia|wikstrom|
|player|p2|Comedier|170|
|teamsize|p1|6
|teamsize|p2|6
|gen|8
|tier|[Gen 8] OU
|rule|Sleep Clause Mod: Limit one foe put to sleep
|rule|Species Clause: Limit one of each Pokémon
|rule|OHKO Clause: OHKO moves are banned
|rule|Evasion Moves Clause: Evasion moves are banned
|rule|Endless Battle Clause: Forcing endless battles is banned
|rule|HP Percentage Mod: HP is shown in percentages
|rule|Dynamax Clause: You cannot dynamax
|clearpoke
|poke|p1|Landorus-Therian, M|
|poke|p1|Thundurus-Therian, M|
|poke|p1|Celesteela|
|poke|p1|Heatran, M|
|poke|p1|Butterfree, F|
|poke|p1|Rotom-Wash|
|poke|p2|Landorus-Therian, M|
|poke|p2|Corviknight, M|
|poke|p2|Thundurus-Therian, M|
|poke|p2|Magnezone|
|poke|p2|Tornadus-Therian, M|
|poke|p2|Latios, M|
|teampreview
|c|☆Comedier|gl hf
|c|☆Cloud of Rivia|gl!
|
|t:|1641788952
|start
|switch|p1a: Butterfree|Butterfree, F|100/100
|switch|p2a: Landorus|Landorus-Therian, M|100/100
|-ability|p2a: Landorus|Intimidate|boost
|-unboost|p1a: Butterfree|atk|1
|turn|1
|
|t:|1641788967
|move|p2a: Landorus|Rock Slide|p1a: Butterfree
|-supereffective|p1a: Butterfree
|-enditem|p1a: Butterfree|Focus Sash
|-damage|p1a: Butterfree|1/100
|move|p1a: Butterfree|Sleep Powder|p2a: Landorus
|-status|p2a: Landorus|slp|[from] move: Sleep Powder
|
|upkeep
|turn|2
|c|☆Cloud of Rivia|hey comedier i konw youre a top player
|c|☆Cloud of Rivia|why no celestea?
|
|t:|1641788988
|switch|p2a: Tornadus|Tornadus-Therian, M|100/100
|move|p1a: Butterfree|Quiver Dance|p1a: Butterfree
|-boost|p1a: Butterfree|spa|1
|-boost|p1a: Butterfree|spd|1
|-boost|p1a: Butterfree|spe|1
|
|upkeep
|turn|3
|c|☆Comedier|i dont like it
|c|☆Cloud of Rivia|guessed it
|
|t:|1641789007
|switch|p1a: Celesteela|Celesteela|100/100
|move|p2a: Tornadus|U-turn|p1a: Celesteela
|-resisted|p1a: Celesteela
|-damage|p1a: Celesteela|97/100
|
|t:|1641789010
|switch|p2a: Magnezone|Magnezone|100/100|[from]move: U-turn
|-item|p2a: Magnezone|Air Balloon
|
|-heal|p1a: Celesteela|100/100|[from] item: Leftovers
|upkeep
|turn|4
|
|t:|1641789015
|move|p2a: Magnezone|Thunderbolt|p1a: Celesteela
|-supereffective|p1a: Celesteela
|-damage|p1a: Celesteela|42/100
|move|p1a: Celesteela|Leech Seed|p2a: Magnezone
|-start|p2a: Magnezone|move: Leech Seed
|
|-heal|p1a: Celesteela|48/100|[from] item: Leftovers
|-damage|p2a: Magnezone|88/100|[from] Leech Seed|[of] p1a: Celesteela
|-heal|p1a: Celesteela|59/100|[silent]
|upkeep
|turn|5
|
|t:|1641789027
|move|p1a: Celesteela|Protect|p1a: Celesteela
|-singleturn|p1a: Celesteela|Protect
|move|p2a: Magnezone|Thunderbolt|p1a: Celesteela
|-activate|p1a: Celesteela|move: Protect
|
|-heal|p1a: Celesteela|65/100|[from] item: Leftovers
|-damage|p2a: Magnezone|75/100|[from] Leech Seed|[of] p1a: Celesteela
|-heal|p1a: Celesteela|75/100|[silent]
|upkeep
|turn|6
|
|t:|1641789046
|move|p2a: Magnezone|Volt Switch|p1a: Celesteela
|-supereffective|p1a: Celesteela
|-damage|p1a: Celesteela|32/100
|
|t:|1641789051
|switch|p2a: Tornadus|Tornadus-Therian, M|100/100|[from]move: Volt Switch
|move|p1a: Celesteela|Flamethrower|p2a: Tornadus
|-damage|p2a: Tornadus|76/100
|
|-heal|p2a: Tornadus|82/100|[from] item: Leftovers
|-heal|p1a: Celesteela|38/100|[from] item: Leftovers
|upkeep
|turn|7
|
|t:|1641789069
|move|p1a: Celesteela|Protect|p1a: Celesteela
|-singleturn|p1a: Celesteela|Protect
|move|p2a: Tornadus|Heat Wave|p1a: Celesteela
|-activate|p1a: Celesteela|move: Protect
|
|-heal|p2a: Tornadus|88/100|[from] item: Leftovers
|-heal|p1a: Celesteela|44/100|[from] item: Leftovers
|upkeep
|turn|8
|
|t:|1641789074
|switch|p1a: Rotom|Rotom-Wash|100/100
|move|p2a: Tornadus|Knock Off|p1a: Rotom
|-damage|p1a: Rotom|84/100
|-enditem|p1a: Rotom|Leftovers|[from] move: Knock Off|[of] p2a: Tornadus
|
|-heal|p2a: Tornadus|94/100|[from] item: Leftovers
|upkeep
|turn|9
|
|t:|1641789081
|move|p2a: Tornadus|U-turn|p1a: Rotom
|-damage|p1a: Rotom|71/100
|
|t:|1641789083
|switch|p2a: Landorus|Landorus-Therian, M|100/100 slp|[from]move: U-turn
|-ability|p2a: Landorus|Intimidate|boost
|-unboost|p1a: Rotom|atk|1
|move|p1a: Rotom|Hydro Pump|p2a: Landorus
|-supereffective|p2a: Landorus
|-damage|p2a: Landorus|0 fnt
|faint|p2a: Landorus
|
|upkeep
|
|t:|1641789090
|switch|p2a: Latios|Latios, M|100/100
|turn|10
|
|t:|1641789107
|move|p2a: Latios|Draco Meteor|p1a: Rotom|[miss]
|-miss|p2a: Latios|p1a: Rotom
|move|p1a: Rotom|Pain Split|p2a: Latios
|-sethp|p2a: Latios|86/100|[from] move: Pain Split|[silent]
|-sethp|p1a: Rotom|85/100|[from] move: Pain Split
|
|upkeep
|turn|11
|
|t:|1641789115
|move|p2a: Latios|Thunderbolt|p1a: Rotom
|-damage|p1a: Rotom|51/100
|move|p1a: Rotom|Volt Switch|p2a: Latios
|-resisted|p2a: Latios
|-damage|p2a: Latios|74/100
|
|t:|1641789128
|switch|p1a: Heatran|Heatran, M|100/100|[from]move: Volt Switch
|-item|p1a: Heatran|Air Balloon
|
|upkeep
|turn|12
|
|t:|1641789135
|move|p2a: Latios|Calm Mind|p2a: Latios
|-boost|p2a: Latios|spa|1
|-boost|p2a: Latios|spd|1
|move|p1a: Heatran|Magma Storm|p2a: Latios
|-resisted|p2a: Latios
|-damage|p2a: Latios|57/100
|-activate|p2a: Latios|move: Magma Storm|[of] p1a: Heatran
|
|-damage|p2a: Latios|45/100|[from] move: Magma Storm|[partiallytrapped]
|upkeep
|turn|13
|
|t:|1641789141
|move|p2a: Latios|Thunderbolt|p1a: Heatran
|-damage|p1a: Heatran|73/100
|-status|p1a: Heatran|par
|-enditem|p1a: Heatran|Air Balloon
|move|p1a: Heatran|Taunt|p2a: Latios
|-start|p2a: Latios|move: Taunt
|
|-damage|p2a: Latios|33/100|[from] move: Magma Storm|[partiallytrapped]
|upkeep
|turn|14
|
|t:|1641789166
|move|p2a: Latios|Thunderbolt|p1a: Heatran
|-damage|p1a: Heatran|44/100 par
|move|p1a: Heatran|Toxic|p2a: Latios
|-status|p2a: Latios|tox
|
|-damage|p2a: Latios|27/100 tox|[from] psn
|-damage|p2a: Latios|14/100 tox|[from] move: Magma Storm|[partiallytrapped]
|upkeep
|turn|15
|
|t:|1641789184
|switch|p1a: Landorus|Landorus-Therian, M|100/100
|-ability|p1a: Landorus|Intimidate|boost
|-unboost|p2a: Latios|atk|1
|move|p2a: Latios|Draco Meteor|p1a: Landorus
|-damage|p1a: Landorus|0 fnt
|-unboost|p2a: Latios|spa|2
|faint|p1a: Landorus
|
|-damage|p2a: Latios|2/100 tox|[from] psn
|-end|p2a: Latios|Magma Storm|[partiallytrapped]|[silent]
|upkeep
|c|☆Cloud of Rivia|my big brain play failed!
|
|t:|1641789204
|switch|p1a: Celesteela|Celesteela|44/100
|turn|16
|
|t:|1641789215
|switch|p2a: Magnezone|Magnezone|75/100
|-item|p2a: Magnezone|Air Balloon
|move|p1a: Celesteela|Protect||[still]
|-fail|p1a: Celesteela
|
|-heal|p1a: Celesteela|50/100|[from] item: Leftovers
|upkeep
|turn|17
|
|t:|1641789232
|move|p1a: Celesteela|Protect|p1a: Celesteela
|-singleturn|p1a: Celesteela|Protect
|move|p2a: Magnezone|Thunderbolt|p1a: Celesteela
|-activate|p1a: Celesteela|move: Protect
|
|-heal|p1a: Celesteela|56/100|[from] item: Leftovers
|upkeep
|turn|18
|
|t:|1641789236
|move|p2a: Magnezone|Thunderbolt|p1a: Celesteela
|-supereffective|p1a: Celesteela
|-damage|p1a: Celesteela|1/100
|move|p1a: Celesteela|Leech Seed|p2a: Magnezone
|-start|p2a: Magnezone|move: Leech Seed
|
|-heal|p1a: Celesteela|7/100|[from] item: Leftovers
|-damage|p2a: Magnezone|63/100|[from] Leech Seed|[of] p1a: Celesteela
|-heal|p1a: Celesteela|18/100|[silent]
|upkeep
|turn|19
|
|t:|1641789242
|move|p2a: Magnezone|Thunderbolt|p1a: Celesteela
|-supereffective|p1a: Celesteela
|-damage|p1a: Celesteela|0 fnt
|faint|p1a: Celesteela
|
|upkeep
|
|t:|1641789248
|switch|p1a: Heatran|Heatran, M|44/100 par
|turn|20
|
|t:|1641789252
|move|p2a: Magnezone|Thunderbolt|p1a: Heatran
|-damage|p1a: Heatran|14/100 par
|cant|p1a: Heatran|par
|
|-damage|p2a: Magnezone|50/100|[from] Leech Seed|[of] p1a: Heatran
|-heal|p1a: Heatran|25/100 par|[silent]
|upkeep
|turn|21
|
|t:|1641789266
|move|p2a: Magnezone|Thunderbolt|p1a: Heatran
|-damage|p1a: Heatran|0 fnt
|faint|p1a: Heatran
|
|upkeep
|
|t:|1641789270
|switch|p1a: Thundurus|Thundurus-Therian, M|100/100
|turn|22
|
|t:|1641789274
|move|p1a: Thundurus|Nasty Plot|p1a: Thundurus
|-boost|p1a: Thundurus|spa|2
|move|p2a: Magnezone|Toxic|p1a: Thundurus
|-status|p1a: Thundurus|tox
|
|-damage|p2a: Magnezone|38/100|[from] Leech Seed|[of] p1a: Thundurus
|-damage|p1a: Thundurus|94/100 tox|[from] psn
|upkeep
|turn|23
|
|t:|1641789282
|move|p1a: Thundurus|Focus Blast|p2a: Magnezone
|-supereffective|p2a: Magnezone
|-damage|p2a: Magnezone|0 fnt
|-enditem|p2a: Magnezone|Air Balloon
|faint|p2a: Magnezone
|-damage|p1a: Thundurus|85/100 tox|[from] item: Life Orb
|
|-damage|p1a: Thundurus|73/100 tox|[from] psn
|upkeep
|
|t:|1641789288
|switch|p2a: Tornadus|Tornadus-Therian, M|100/100
|turn|24
|
|t:|1641789291
|switch|p2a: Thundurus|Thundurus-Therian, M|100/100
|move|p1a: Thundurus|Thunderbolt|p2a: Thundurus
|-immune|p2a: Thundurus|[from] ability: Volt Absorb
|
|-damage|p1a: Thundurus|55/100 tox|[from] psn
|upkeep
|turn|25
|
|t:|1641789303
|switch|p2a: Corviknight|Corviknight, M|100/100
|-ability|p2a: Corviknight|Pressure
|move|p1a: Thundurus|Psychic|p2a: Corviknight
|-resisted|p2a: Corviknight
|-damage|p2a: Corviknight|59/100
|-damage|p1a: Thundurus|45/100 tox|[from] item: Life Orb
|
|-heal|p2a: Corviknight|66/100|[from] item: Leftovers
|-damage|p1a: Thundurus|21/100 tox|[from] psn
|upkeep
|turn|26
|
|t:|1641789309
|switch|p1a: Butterfree|Butterfree, F|1/100
|move|p2a: Corviknight|Roost|p2a: Corviknight
|-heal|p2a: Corviknight|100/100
|-singleturn|p2a: Corviknight|move: Roost
|
|upkeep
|turn|27
|
|t:|1641789313
|move|p1a: Butterfree|Sleep Powder|p2a: Corviknight
|-status|p2a: Corviknight|slp|[from] move: Sleep Powder
|cant|p2a: Corviknight|slp
|
|upkeep
|turn|28
|
|t:|1641789320
|switch|p2a: Tornadus|Tornadus-Therian, M|100/100
|move|p1a: Butterfree|Bug Buzz|p2a: Tornadus
|-resisted|p2a: Tornadus
|-crit|p2a: Tornadus
|-damage|p2a: Tornadus|69/100
|
|-heal|p2a: Tornadus|75/100|[from] item: Leftovers
|upkeep
|turn|29
|
|t:|1641789327
|move|p2a: Tornadus|U-turn|p1a: Butterfree
|-resisted|p1a: Butterfree
|-damage|p1a: Butterfree|0 fnt
|faint|p1a: Butterfree
|
|t:|1641789331
|switch|p2a: Thundurus|Thundurus-Therian, M|100/100|[from]move: U-turn
|
|upkeep
|
|t:|1641789333
|switch|p1a: Rotom|Rotom-Wash|51/100
|turn|30
|
|t:|1641789337
|move|p2a: Thundurus|Volt Switch|p1a: Rotom
|-damage|p1a: Rotom|0 fnt
|faint|p1a: Rotom
|
|t:|1641789342
|switch|p2a: Latios|Latios, M|2/100 tox|[from]move: Volt Switch
|
|-damage|p2a: Latios|0 fnt|[from] psn
|faint|p2a: Latios
|upkeep
|c|☆Cloud of Rivia|gg
|
|t:|1641789351
|switch|p2a: Thundurus|Thundurus-Therian, M|100/100
|switch|p1a: Thundurus|Thundurus-Therian, M|21/100 tox
|turn|31
|c|☆Comedier|gg
|
|t:|1641789356
|move|p1a: Thundurus|Psychic|p2a: Thundurus
|-damage|p2a: Thundurus|35/100
|-damage|p1a: Thundurus|11/100 tox|[from] item: Life Orb
|move|p2a: Thundurus|Psychic|p1a: Thundurus
|-crit|p1a: Thundurus
|-damage|p1a: Thundurus|0 fnt
|faint|p1a: Thundurus
|
|win|Comedier
