|j|☆Raichu0965
|j|☆I am the annoying
|t:|1641801091
|gametype|singles
|player|p1|Raichu0965|ethan|1148
|player|p2|I am the annoying|266|1168
|teamsize|p1|6
|teamsize|p2|6
|gen|8
|tier|[Gen 8] OU
|rated|
|rule|Sleep Clause Mod: Limit one foe put to sleep
|rule|Species Clause: Limit one of each Pokémon
|rule|OHKO Clause: OHKO moves are banned
|rule|Evasion Moves Clause: Evasion moves are banned
|rule|Endless Battle Clause: Forcing endless battles is banned
|rule|HP Percentage Mod: HP is shown in percentages
|rule|Dynamax Clause: You cannot dynamax
|clearpoke
|poke|p1|Raichu, M|
|poke|p1|Umbreon, M|
|poke|p1|Lopunny, M|
|poke|p1|Mawile, F|
|poke|p1|Lucario, M|
|poke|p1|Altaria, M|
|poke|p2|Bisharp, F|
|poke|p2|Ferrothorn, M|
|poke|p2|Landorus-Therian, M|
|poke|p2|Tapu Fini|
|poke|p2|Tapu Koko|
|poke|p2|Dragapult, M|
|teampreview
|
|t:|1641801095
|start
|switch|p1a: Umbreon|Umbreon, M|100/100
|switch|p2a: Landorus|Landorus-Therian, M|100/100
|-ability|p2a: Landorus|Intimidate|boost
|-unboost|p1a: Umbreon|atk|1
|turn|1
|
|t:|1641801104
|move|p2a: Landorus|Stealth Rock|p1a: Umbreon
|-sidestart|p1: Raichu0965|move: Stealth Rock
|move|p1a: Umbreon|Foul Play|p2a: Landorus
|-damage|p2a: Landorus|69/100
|
|-heal|p2a: Landorus|75/100|[from] item: Leftovers
|upkeep
|turn|2
|
|t:|1641801111
|move|p2a: Landorus|U-turn|p1a: Umbreon
|-supereffective|p1a: Umbreon
|-damage|p1a: Umbreon|65/100
|
|t:|1641801134
|switch|p2a: Tapu Fini|Tapu Fini|100/100|[from]move: U-turn
|-fieldstart|move: Misty Terrain|[from] ability: Misty Surge|[of] p2a: Tapu Fini
|move|p1a: Umbreon|Toxic|p2a: Tapu Fini
|-activate|p2a: Tapu Fini|move: Misty Terrain
|
|-heal|p1a: Umbreon|72/100|[from] item: Leftovers
|upkeep
|turn|3
|
|t:|1641801146
|switch|p1a: Mawile|Mawile, F|100/100
|-damage|p1a: Mawile|95/100|[from] Stealth Rock
|-ability|p1a: Mawile|Intimidate|boost
|-unboost|p2a: Tapu Fini|atk|1
|move|p2a: Tapu Fini|Taunt|p1a: Mawile
|-start|p1a: Mawile|move: Taunt
|
|upkeep
|turn|4
|
|t:|1641801154
|move|p2a: Tapu Fini|Calm Mind|p2a: Tapu Fini
|-boost|p2a: Tapu Fini|spa|1
|-boost|p2a: Tapu Fini|spd|1
|move|p1a: Mawile|Iron Head|p2a: Tapu Fini
|-damage|p2a: Tapu Fini|65/100
|
|-heal|p2a: Tapu Fini|71/100|[from] item: Leftovers
|upkeep
|turn|5
|
|t:|1641801172
|move|p2a: Tapu Fini|Draining Kiss|p1a: Mawile
|-resisted|p1a: Mawile
|-damage|p1a: Mawile|73/100
|-heal|p2a: Tapu Fini|85/100|[from] drain|[of] p1a: Mawile
|move|p1a: Mawile|Iron Head|p2a: Tapu Fini
|-damage|p2a: Tapu Fini|50/100
|
|-heal|p2a: Tapu Fini|57/100|[from] item: Leftovers
|-end|p1a: Mawile|move: Taunt
|upkeep
|turn|6
|
|t:|1641801182
|switch|p2a: Ferrothorn|Ferrothorn, M|100/100
|move|p1a: Mawile|Iron Head|p2a: Ferrothorn
|-resisted|p2a: Ferrothorn
|-damage|p2a: Ferrothorn|86/100
|-damage|p1a: Mawile|61/100|[from] ability: Iron Barbs|[of] p2a: Ferrothorn
|
|-heal|p2a: Ferrothorn|92/100|[from] item: Leftovers
|-fieldend|Misty Terrain
|upkeep
|turn|7
|
|t:|1641801192
|switch|p1a: Altaria|Altaria, M|100/100
|move|p2a: Ferrothorn|Spikes|p1a: Altaria
|-sidestart|p1: Raichu0965|Spikes
|
|-heal|p2a: Ferrothorn|99/100|[from] item: Leftovers
|upkeep
|turn|8
|
|t:|1641801226
|switch|p2a: Bisharp|Bisharp, F|100/100
|move|p1a: Altaria|Defog|p2a: Bisharp
|-unboost|p2a: Bisharp|evasion|1
|-ability|p2a: Bisharp|Defiant
|-boost|p2a: Bisharp|atk|2
|-sideend|p1: Raichu0965|Spikes|[from] move: Defog|[of] p1a: Altaria
|-sideend|p1: Raichu0965|Stealth Rock|[from] move: Defog|[of] p1a: Altaria
|
|upkeep
|turn|9
|
|t:|1641801236
|move|p1a: Altaria|Earthquake|p2a: Bisharp
|-supereffective|p2a: Bisharp
|-damage|p2a: Bisharp|50/100
|move|p2a: Bisharp|Knock Off|p1a: Altaria
|-damage|p1a: Altaria|0 fnt
|-enditem|p1a: Altaria|Heavy-Duty Boots|[from] move: Knock Off|[of] p2a: Bisharp
|faint|p1a: Altaria
|
|upkeep
|
|t:|1641801243
|switch|p1a: Lopunny|Lopunny, M|100/100
|turn|10
|
|t:|1641801249
|switch|p2a: Dragapult|Dragapult, M|100/100
|move|p1a: Lopunny|Fake Out|p2a: Dragapult
|-immune|p2a: Dragapult
|
|upkeep
|turn|11
|
|t:|1641801257
|switch|p1a: Umbreon|Umbreon, M|72/100
|move|p2a: Dragapult|U-turn|p1a: Umbreon
|-supereffective|p1a: Umbreon
|-damage|p1a: Umbreon|14/100
|-damage|p2a: Dragapult|91/100|[from] item: Life Orb
|
|t:|1641801268
|switch|p2a: Landorus|Landorus-Therian, M|75/100|[from]move: U-turn
|-ability|p2a: Landorus|Intimidate|boost
|-unboost|p1a: Umbreon|atk|1
|
|-heal|p2a: Landorus|81/100|[from] item: Leftovers
|-heal|p1a: Umbreon|20/100|[from] item: Leftovers
|upkeep
|turn|12
|
|t:|1641801275
|move|p2a: Landorus|Stealth Rock|p1a: Umbreon
|-sidestart|p1: Raichu0965|move: Stealth Rock
|move|p1a: Umbreon|Toxic|p2a: Landorus|[miss]
|-miss|p1a: Umbreon|p2a: Landorus
|
|-heal|p2a: Landorus|87/100|[from] item: Leftovers
|-heal|p1a: Umbreon|26/100|[from] item: Leftovers
|upkeep
|turn|13
|
|t:|1641801292
|switch|p2a: Ferrothorn|Ferrothorn, M|99/100
|switch|p1a: Lucario|Lucario, M|100/100
|-damage|p1a: Lucario|98/100|[from] Stealth Rock
|
|-heal|p2a: Ferrothorn|100/100|[from] item: Leftovers
|upkeep
|turn|14
|
|t:|1641801299
|move|p1a: Lucario|Nasty Plot|p1a: Lucario
|-boost|p1a: Lucario|spa|2
|move|p2a: Ferrothorn|Leech Seed|p1a: Lucario
|-start|p1a: Lucario|move: Leech Seed
|
|-damage|p1a: Lucario|85/100|[from] Leech Seed|[of] p2a: Ferrothorn
|upkeep
|turn|15
|
|t:|1641801306
|move|p1a: Lucario|Aura Sphere|p2a: Ferrothorn
|-supereffective|p2a: Ferrothorn
|-damage|p2a: Ferrothorn|0 fnt
|faint|p2a: Ferrothorn
|-damage|p1a: Lucario|75/100|[from] item: Life Orb
|
|upkeep
|
|t:|1641801327
|switch|p2a: Tapu Koko|Tapu Koko|100/100
|-fieldstart|move: Electric Terrain|[from] ability: Electric Surge|[of] p2a: Tapu Koko
|turn|16
|
|t:|1641801332
|move|p2a: Tapu Koko|Volt Switch|p1a: Lucario
|-crit|p1a: Lucario
|-damage|p1a: Lucario|0 fnt
|faint|p1a: Lucario
|-damage|p2a: Tapu Koko|91/100|[from] item: Life Orb
|
|t:|1641801340
|switch|p2a: Landorus|Landorus-Therian, M|87/100|[from]move: Volt Switch
|
|-heal|p2a: Landorus|93/100|[from] item: Leftovers
|upkeep
|
|t:|1641801350
|switch|p1a: Lopunny|Lopunny, M|100/100
|-damage|p1a: Lopunny|88/100|[from] Stealth Rock
|turn|17
|
|t:|1641801357
|move|p1a: Lopunny|Fake Out|p2a: Landorus
|-damage|p2a: Landorus|81/100
|cant|p2a: Landorus|flinch
|
|-heal|p2a: Landorus|87/100|[from] item: Leftovers
|upkeep
|turn|18
|
|t:|1641801363
|move|p1a: Lopunny|Ice Punch|p2a: Landorus
|-supereffective|p2a: Landorus
|-damage|p2a: Landorus|30/100
|move|p2a: Landorus|Knock Off|p1a: Lopunny
|-damage|p1a: Lopunny|60/100
|
|-heal|p2a: Landorus|36/100|[from] item: Leftovers
|upkeep
|turn|19
|
|t:|1641801375
|switch|p2a: Tapu Fini|Tapu Fini|57/100
|-fieldstart|move: Misty Terrain|[from] ability: Misty Surge|[of] p2a: Tapu Fini
|move|p1a: Lopunny|Ice Punch|p2a: Tapu Fini
|-resisted|p2a: Tapu Fini
|-damage|p2a: Tapu Fini|50/100
|
|-heal|p2a: Tapu Fini|56/100|[from] item: Leftovers
|upkeep
|turn|20
|
|t:|1641801384
|move|p1a: Lopunny|Acrobatics|p2a: Tapu Fini
|-damage|p2a: Tapu Fini|35/100
|move|p2a: Tapu Fini|Taunt|p1a: Lopunny
|-start|p1a: Lopunny|move: Taunt
|
|-heal|p2a: Tapu Fini|41/100|[from] item: Leftovers
|upkeep
|turn|21
|
|t:|1641801404
|move|p1a: Lopunny|Acrobatics|p2a: Tapu Fini
|-damage|p2a: Tapu Fini|21/100
|move|p2a: Tapu Fini|Calm Mind|p2a: Tapu Fini
|-boost|p2a: Tapu Fini|spa|1
|-boost|p2a: Tapu Fini|spd|1
|
|-heal|p2a: Tapu Fini|27/100|[from] item: Leftovers
|upkeep
|turn|22
|
|t:|1641801413
|move|p1a: Lopunny|Acrobatics|p2a: Tapu Fini
|-damage|p2a: Tapu Fini|7/100
|move|p2a: Tapu Fini|Draining Kiss|p1a: Lopunny
|-damage|p1a: Lopunny|30/100
|-heal|p2a: Tapu Fini|25/100|[from] drain|[of] p1a: Lopunny
|
|-heal|p2a: Tapu Fini|31/100|[from] item: Leftovers
|upkeep
|turn|23
|
|t:|1641801422
|move|p1a: Lopunny|Acrobatics|p2a: Tapu Fini
|-damage|p2a: Tapu Fini|11/100
|move|p2a: Tapu Fini|Calm Mind|p2a: Tapu Fini
|-boost|p2a: Tapu Fini|spa|1
|-boost|p2a: Tapu Fini|spd|1
|
|-heal|p2a: Tapu Fini|17/100|[from] item: Leftovers
|-end|p1a: Lopunny|move: Taunt
|-fieldend|Misty Terrain
|upkeep
|turn|24
|
|t:|1641801430
|move|p1a: Lopunny|Acrobatics|p2a: Tapu Fini
|-damage|p2a: Tapu Fini|0 fnt
|faint|p2a: Tapu Fini
|
|upkeep
|
|t:|1641801465
|switch|p2a: Tapu Koko|Tapu Koko|91/100
|-fieldstart|move: Electric Terrain|[from] ability: Electric Surge|[of] p2a: Tapu Koko
|turn|25
|
|t:|1641801470
|switch|p1a: Umbreon|Umbreon, M|26/100
|-damage|p1a: Umbreon|14/100|[from] Stealth Rock
|move|p2a: Tapu Koko|Dazzling Gleam|p1a: Umbreon
|-supereffective|p1a: Umbreon
|-damage|p1a: Umbreon|0 fnt
|faint|p1a: Umbreon
|-damage|p2a: Tapu Koko|81/100|[from] item: Life Orb
|
|upkeep
|
|t:|1641801479
|switch|p1a: Mawile|Mawile, F|61/100
|-damage|p1a: Mawile|55/100|[from] Stealth Rock
|-ability|p1a: Mawile|Intimidate|boost
|-unboost|p2a: Tapu Koko|atk|1
|turn|26
|
|t:|1641801485
|move|p2a: Tapu Koko|Volt Switch|p1a: Mawile
|-damage|p1a: Mawile|0 fnt
|faint|p1a: Mawile
|-damage|p2a: Tapu Koko|71/100|[from] item: Life Orb
|
|t:|1641801492
|switch|p2a: Dragapult|Dragapult, M|91/100|[from]move: Volt Switch
|
|upkeep
|
|t:|1641801499
|switch|p1a: Lopunny|Lopunny, M|30/100
|-damage|p1a: Lopunny|17/100|[from] Stealth Rock
|turn|27
|
|t:|1641801505
|move|p2a: Dragapult|U-turn|p1a: Lopunny
|-damage|p1a: Lopunny|0 fnt
|faint|p1a: Lopunny
|-damage|p2a: Dragapult|81/100|[from] item: Life Orb
|j| VanillaTwilight23
|
|t:|1641801508
|switch|p2a: Landorus|Landorus-Therian, M|36/100|[from]move: U-turn
|
|-heal|p2a: Landorus|42/100|[from] item: Leftovers
|upkeep
|
|t:|1641801513
|switch|p1a: Raichu|Raichu, M|100/100
|-damage|p1a: Raichu|88/100|[from] Stealth Rock
|turn|28
|
|t:|1641801517
|move|p1a: Raichu|Surf|p2a: Landorus
|-supereffective|p2a: Landorus
|-damage|p2a: Landorus|0 fnt
|faint|p2a: Landorus
|
|upkeep
|
|t:|1641801529
|switch|p2a: Bisharp|Bisharp, F|50/100
|turn|29
|
|t:|1641801532
|move|p2a: Bisharp|Sucker Punch|p1a: Raichu
|-crit|p1a: Raichu
|-damage|p1a: Raichu|0 fnt
|faint|p1a: Raichu
|
|win|I am the annoying
|raw|Raichu0965's rating: 1148 &rarr; <strong>1124</strong><br />(-24 for losing)
|raw|I am the annoying's rating: 1168 &rarr; <strong>1192</strong><br />(+24 for winning)
|l|☆Raichu0965
