|j|☆Solosist
|j|☆ChieMoment
|t:|1641783128
|gametype|singles
|player|p1|Solosist|ghetsis|1175
|player|p2|ChieMoment|steven|1125
|teamsize|p1|6
|teamsize|p2|6
|gen|8
|tier|[Gen 8] OU
|rated|
|rule|Sleep Clause Mod: Limit one foe put to sleep
|rule|Species Clause: Limit one of each Pokémon
|rule|OHKO Clause: OHKO moves are banned
|rule|Evasion Moves Clause: Evasion moves are banned
|rule|Endless Battle Clause: Forcing endless battles is banned
|rule|HP Percentage Mod: HP is shown in percentages
|rule|Dynamax Clause: You cannot dynamax
|clearpoke
|poke|p1|Heatran, F|
|poke|p1|Dragapult, M|
|poke|p1|Hippowdon, F|
|poke|p1|Scizor, F|
|poke|p1|Urshifu-*, F|
|poke|p1|Landorus-Therian, M|
|poke|p2|Electivire, M|
|poke|p2|Garchomp, M|
|poke|p2|Whimsicott, F|
|poke|p2|Volcarona, F|
|poke|p2|Salamence, M|
|poke|p2|Alakazam, M|
|teampreview
|
|t:|1641783139
|start
|switch|p1a: Scizor|Scizor, F|100/100
|switch|p2a: Scoops|Alakazam, M|100/100
|turn|1
|
|t:|1641783143
|move|p2a: Scoops|Psychic|p1a: Scizor
|-resisted|p1a: Scizor
|-damage|p1a: Scizor|54/100
|move|p1a: Scizor|U-turn|p2a: Scoops
|-supereffective|p2a: Scoops
|-damage|p2a: Scoops|0 fnt
|faint|p2a: Scoops
|
|t:|1641783158
|switch|p1a: Landorus|Landorus-Therian, M|100/100|[from]move: U-turn
|
|upkeep
|
|t:|1641783162
|switch|p2a: Bumble Buzz|Electivire, M|100/100
|turn|2
|
|t:|1641783169
|switch|p1a: Heatran|Heatran, F|100/100
|move|p2a: Bumble Buzz|Ice Punch|p1a: Heatran
|-resisted|p1a: Heatran
|-damage|p1a: Heatran|92/100
|
|-heal|p1a: Heatran|98/100|[from] item: Leftovers
|upkeep
|turn|3
|
|t:|1641783177
|switch|p2a: Sharknado 2|Garchomp, M|100/100
|switch|p1a: Landorus|Landorus-Therian, M|100/100
|-ability|p1a: Landorus|Intimidate|boost
|-unboost|p2a: Sharknado 2|atk|1
|
|upkeep
|turn|4
|
|t:|1641783183
|switch|p2a: Typhoon|Salamence, M|100/100
|-ability|p2a: Typhoon|Intimidate|boost
|-unboost|p1a: Landorus|atk|1
|move|p1a: Landorus|Knock Off|p2a: Typhoon
|-damage|p2a: Typhoon|64/100
|-enditem|p2a: Typhoon|Razor Claw|[from] move: Knock Off|[of] p1a: Landorus
|-damage|p1a: Landorus|91/100|[from] item: Life Orb
|
|upkeep
|turn|5
|
|t:|1641783190
|move|p1a: Landorus|U-turn|p2a: Typhoon
|-resisted|p2a: Typhoon
|-damage|p2a: Typhoon|51/100
|-damage|p1a: Landorus|81/100|[from] item: Life Orb
|
|t:|1641783195
|switch|p1a: Scizor|Scizor, F|54/100|[from]move: U-turn
|move|p2a: Typhoon|Dragon Dance|p2a: Typhoon
|-boost|p2a: Typhoon|atk|1
|-boost|p2a: Typhoon|spe|1
|
|upkeep
|turn|6
|
|t:|1641783199
|move|p1a: Scizor|Bullet Punch|p2a: Typhoon
|-damage|p2a: Typhoon|0 fnt
|faint|p2a: Typhoon
|
|upkeep
|-message|ChieMoment forfeited.
|
|win|Solosist
|raw|Solosist's rating: 1175 &rarr; <strong>1196</strong><br />(+21 for winning)
|raw|ChieMoment's rating: 1125 &rarr; <strong>1104</strong><br />(-21 for losing)
|l|☆ChieMoment
