|j|☆deebeezee
|j|☆Pietro Kenji
|t:|1641851500
|gametype|singles
|player|p1|deebeezee|1|1077
|player|p2|Pietro Kenji|biker|1098
|teamsize|p1|6
|teamsize|p2|6
|gen|8
|tier|[Gen 8] OU
|rated|
|rule|Sleep Clause Mod: Limit one foe put to sleep
|rule|Species Clause: Limit one of each Pokémon
|rule|OHKO Clause: OHKO moves are banned
|rule|Evasion Moves Clause: Evasion moves are banned
|rule|Endless Battle Clause: Forcing endless battles is banned
|rule|HP Percentage Mod: HP is shown in percentages
|rule|Dynamax Clause: You cannot dynamax
|clearpoke
|poke|p1|Corviknight, F|
|poke|p1|Hippowdon, M|
|poke|p1|Polteageist|
|poke|p1|Indeedee, M|
|poke|p1|Ferrothorn, M|
|poke|p1|Pelipper, F|
|poke|p2|Hippowdon, F|
|poke|p2|Garchomp, F|
|poke|p2|Metagross|
|poke|p2|Heatran, F|
|poke|p2|Ferrothorn, M|
|poke|p2|Tyranitar, F|
|teampreview
|inactive|Battle timer is ON: inactive players will automatically lose when time's up. (requested by Pietro Kenji)
|
|t:|1641851507
|start
|switch|p1a: Ferrothorn|Ferrothorn, M|100/100
|switch|p2a: Hippowdon|Hippowdon, F|100/100
|-weather|Sandstorm|[from] ability: Sand Stream|[of] p2a: Hippowdon
|turn|1
|
|t:|1641851520
|switch|p2a: Heatran|Heatran, F|100/100
|move|p1a: Ferrothorn|Toxic|p2a: Heatran
|-immune|p2a: Heatran
|
|-weather|Sandstorm|[upkeep]
|upkeep
|turn|2
|
|t:|1641851528
|move|p2a: Heatran|Taunt|p1a: Ferrothorn
|-start|p1a: Ferrothorn|move: Taunt
|move|p1a: Ferrothorn|Knock Off|p2a: Heatran
|-damage|p2a: Heatran|84/100
|-enditem|p2a: Heatran|Leftovers|[from] move: Knock Off|[of] p1a: Ferrothorn
|
|-weather|Sandstorm|[upkeep]
|upkeep
|turn|3
|
|t:|1641851545
|switch|p1a: Hippowdon|Hippowdon, M|100/100
|move|p2a: Heatran|Toxic|p1a: Hippowdon
|-status|p1a: Hippowdon|tox
|
|-weather|Sandstorm|[upkeep]
|-damage|p1a: Hippowdon|94/100 tox|[from] psn
|upkeep
|turn|4
|
|t:|1641851558
|switch|p2a: Ferrothorn|Ferrothorn, M|100/100
|move|p1a: Hippowdon|Stealth Rock|p2a: Ferrothorn
|-sidestart|p2: Pietro Kenji|move: Stealth Rock
|
|-weather|Sandstorm|[upkeep]
|-heal|p1a: Hippowdon|100/100 tox|[from] item: Leftovers
|-damage|p1a: Hippowdon|88/100 tox|[from] psn
|upkeep
|turn|5
|
|t:|1641851567
|move|p2a: Ferrothorn|Spikes|p1a: Hippowdon
|-sidestart|p1: deebeezee|Spikes
|move|p1a: Hippowdon|Roar|p2a: Ferrothorn
|drag|p2a: Metagross|Metagross|100/100
|-damage|p2a: Metagross|95/100|[from] Stealth Rock
|
|-weather|Sandstorm|[upkeep]
|-heal|p2a: Metagross|100/100|[from] item: Leftovers
|-heal|p1a: Hippowdon|94/100 tox|[from] item: Leftovers
|-damage|p1a: Hippowdon|76/100 tox|[from] psn
|upkeep
|turn|6
|
|t:|1641851583
|switch|p1a: Ferrothorn|Ferrothorn, M|100/100
|-damage|p1a: Ferrothorn|88/100|[from] Spikes
|move|p2a: Metagross|Meteor Mash|p1a: Ferrothorn
|-resisted|p1a: Ferrothorn
|-damage|p1a: Ferrothorn|67/100
|-damage|p2a: Metagross|88/100|[from] ability: Iron Barbs|[of] p1a: Ferrothorn
|
|-weather|Sandstorm|[upkeep]
|-heal|p2a: Metagross|94/100|[from] item: Leftovers
|-heal|p1a: Ferrothorn|73/100|[from] item: Leftovers
|upkeep
|turn|7
|
|t:|1641851597
|switch|p2a: Heatran|Heatran, F|84/100
|-damage|p2a: Heatran|71/100|[from] Stealth Rock
|move|p1a: Ferrothorn|Spikes|p2a: Heatran
|-sidestart|p2: Pietro Kenji|Spikes
|
|-weather|Sandstorm|[upkeep]
|-heal|p1a: Ferrothorn|79/100|[from] item: Leftovers
|upkeep
|turn|8
|
|t:|1641851609
|move|p2a: Heatran|Taunt|p1a: Ferrothorn
|-start|p1a: Ferrothorn|move: Taunt
|move|p1a: Ferrothorn|Knock Off|p2a: Heatran
|-damage|p2a: Heatran|59/100
|
|-weather|none
|-heal|p1a: Ferrothorn|85/100|[from] item: Leftovers
|upkeep
|turn|9
|
|t:|1641851628
|switch|p1a: Indeedee|Indeedee, M|100/100
|-damage|p1a: Indeedee|88/100|[from] Spikes
|-fieldstart|move: Psychic Terrain|[from] ability: Psychic Surge|[of] p1a: Indeedee
|move|p2a: Heatran|Magma Storm|p1a: Indeedee|[miss]
|-miss|p2a: Heatran|p1a: Indeedee
|
|upkeep
|turn|10
|
|t:|1641851639
|switch|p1a: Corviknight|Corviknight, F, shiny|100/100
|move|p2a: Heatran|Taunt|p1a: Corviknight
|-start|p1a: Corviknight|move: Taunt
|
|upkeep
|turn|11
|
|t:|1641851648
|switch|p1a: Hippowdon|Hippowdon, M|76/100 tox
|-damage|p1a: Hippowdon|64/100 tox|[from] Spikes
|-weather|Sandstorm|[from] ability: Sand Stream|[of] p1a: Hippowdon
|move|p2a: Heatran|Magma Storm|p1a: Hippowdon
|-damage|p1a: Hippowdon|29/100 tox
|-activate|p1a: Hippowdon|move: Magma Storm|[of] p2a: Heatran
|
|-weather|Sandstorm|[upkeep]
|-heal|p1a: Hippowdon|35/100 tox|[from] item: Leftovers
|-damage|p1a: Hippowdon|29/100 tox|[from] psn
|-damage|p1a: Hippowdon|17/100 tox|[from] move: Magma Storm|[partiallytrapped]
|upkeep
|turn|12
|
|t:|1641851662
|switch|p2a: Ferrothorn|Ferrothorn, M|100/100
|-damage|p2a: Ferrothorn|88/100|[from] Spikes
|-damage|p2a: Ferrothorn|82/100|[from] Stealth Rock
|move|p1a: Hippowdon|Slack Off|p1a: Hippowdon
|-heal|p1a: Hippowdon|67/100 tox
|
|-weather|Sandstorm|[upkeep]
|-heal|p1a: Hippowdon|73/100 tox|[from] item: Leftovers
|-heal|p2a: Ferrothorn|88/100|[from] item: Leftovers
|-damage|p1a: Hippowdon|61/100 tox|[from] psn
|-end|p1a: Hippowdon|Magma Storm|[partiallytrapped]|[silent]
|upkeep
|turn|13
|
|t:|1641851674
|switch|p1a: Pelipper|Pelipper, F|100/100
|-weather|RainDance|[from] ability: Drizzle|[of] p1a: Pelipper
|move|p2a: Ferrothorn|Leech Seed|p1a: Pelipper
|-start|p1a: Pelipper|move: Leech Seed
|
|-weather|RainDance|[upkeep]
|-heal|p2a: Ferrothorn|94/100|[from] item: Leftovers
|-damage|p1a: Pelipper|88/100|[from] Leech Seed|[of] p2a: Ferrothorn
|-heal|p2a: Ferrothorn|100/100|[silent]
|upkeep
|turn|14
|
|t:|1641851691
|move|p2a: Ferrothorn|Protect|p2a: Ferrothorn
|-singleturn|p2a: Ferrothorn|Protect
|move|p1a: Pelipper|Knock Off|p2a: Ferrothorn
|-activate|p2a: Ferrothorn|move: Protect
|
|-weather|RainDance|[upkeep]
|-damage|p1a: Pelipper|76/100|[from] Leech Seed|[of] p2a: Ferrothorn
|upkeep
|turn|15
|
|t:|1641851701
|move|p1a: Pelipper|Defog|p2a: Ferrothorn
|-unboost|p2a: Ferrothorn|evasion|1
|-sideend|p2: Pietro Kenji|Spikes|[from] move: Defog|[of] p1a: Pelipper
|-sideend|p2: Pietro Kenji|Stealth Rock|[from] move: Defog|[of] p1a: Pelipper
|-sideend|p1: deebeezee|Spikes|[from] move: Defog|[of] p1a: Pelipper
|-fieldend|move: Psychic Terrain
|move|p2a: Ferrothorn|Spikes|p1a: Pelipper
|-sidestart|p1: deebeezee|Spikes
|
|-weather|RainDance|[upkeep]
|-damage|p1a: Pelipper|64/100|[from] Leech Seed|[of] p2a: Ferrothorn
|upkeep
|turn|16
|
|t:|1641851711
|move|p2a: Ferrothorn|Protect|p2a: Ferrothorn
|-singleturn|p2a: Ferrothorn|Protect
|move|p1a: Pelipper|Roost|p1a: Pelipper
|-heal|p1a: Pelipper|100/100
|-singleturn|p1a: Pelipper|move: Roost
|
|-weather|RainDance|[upkeep]
|-damage|p1a: Pelipper|88/100|[from] Leech Seed|[of] p2a: Ferrothorn
|upkeep
|turn|17
|
|t:|1641851719
|move|p1a: Pelipper|Knock Off|p2a: Ferrothorn
|-damage|p2a: Ferrothorn|93/100
|-damage|p1a: Pelipper|76/100|[from] ability: Iron Barbs|[of] p2a: Ferrothorn
|-enditem|p2a: Ferrothorn|Leftovers|[from] move: Knock Off|[of] p1a: Pelipper
|move|p2a: Ferrothorn|Spikes|p1a: Pelipper
|-sidestart|p1: deebeezee|Spikes
|
|-weather|none
|-damage|p1a: Pelipper|64/100|[from] Leech Seed|[of] p2a: Ferrothorn
|-heal|p2a: Ferrothorn|100/100|[silent]
|upkeep
|turn|18
|
|t:|1641851729
|move|p1a: Pelipper|Defog|p2a: Ferrothorn
|-unboost|p2a: Ferrothorn|evasion|1
|-sideend|p1: deebeezee|Spikes|[from] move: Defog|[of] p1a: Pelipper
|move|p2a: Ferrothorn|Power Whip|p1a: Pelipper
|-crit|p1a: Pelipper
|-damage|p1a: Pelipper|6/100
|
|-damage|p1a: Pelipper|0 fnt|[from] Leech Seed|[of] p2a: Ferrothorn
|faint|p1a: Pelipper
|upkeep
|
|t:|1641851740
|switch|p1a: Corviknight|Corviknight, F, shiny|100/100
|turn|19
|
|t:|1641851747
|move|p1a: Corviknight|Agility|p1a: Corviknight
|-boost|p1a: Corviknight|spe|2
|move|p2a: Ferrothorn|Leech Seed|p1a: Corviknight
|-start|p1a: Corviknight|move: Leech Seed
|
|-damage|p1a: Corviknight|88/100|[from] Leech Seed|[of] p2a: Ferrothorn
|upkeep
|turn|20
|
|t:|1641851755
|move|p1a: Corviknight|Bulk Up|p1a: Corviknight
|-boost|p1a: Corviknight|atk|1
|-boost|p1a: Corviknight|def|1
|move|p2a: Ferrothorn|Spikes|p1a: Corviknight
|-sidestart|p1: deebeezee|Spikes
|
|-heal|p1a: Corviknight|94/100|[from] item: Leftovers
|-damage|p1a: Corviknight|82/100|[from] Leech Seed|[of] p2a: Ferrothorn
|upkeep
|turn|21
|
|t:|1641851764
|move|p1a: Corviknight|Bulk Up|p1a: Corviknight
|-boost|p1a: Corviknight|atk|1
|-boost|p1a: Corviknight|def|1
|move|p2a: Ferrothorn|Spikes|p1a: Corviknight
|-sidestart|p1: deebeezee|Spikes
|
|-heal|p1a: Corviknight|88/100|[from] item: Leftovers
|-damage|p1a: Corviknight|76/100|[from] Leech Seed|[of] p2a: Ferrothorn
|upkeep
|turn|22
|
|t:|1641851773
|move|p1a: Corviknight|Bulk Up|p1a: Corviknight
|-boost|p1a: Corviknight|atk|1
|-boost|p1a: Corviknight|def|1
|move|p2a: Ferrothorn|Spikes|p1a: Corviknight
|-sidestart|p1: deebeezee|Spikes
|
|-heal|p1a: Corviknight|82/100|[from] item: Leftovers
|-damage|p1a: Corviknight|69/100|[from] Leech Seed|[of] p2a: Ferrothorn
|upkeep
|turn|23
|
|t:|1641851784
|switch|p2a: Metagross|Metagross|94/100
|move|p1a: Corviknight|Bulk Up|p1a: Corviknight
|-boost|p1a: Corviknight|atk|1
|-boost|p1a: Corviknight|def|1
|
|-heal|p1a: Corviknight|76/100|[from] item: Leftovers
|-heal|p2a: Metagross|99/100|[from] item: Leftovers
|-damage|p1a: Corviknight|63/100|[from] Leech Seed|[of] p2a: Metagross
|-heal|p2a: Metagross|100/100|[silent]
|upkeep
|turn|24
|
|t:|1641851796
|move|p1a: Corviknight|Power Trip|p2a: Metagross
|-supereffective|p2a: Metagross
|-damage|p2a: Metagross|0 fnt
|faint|p2a: Metagross
|
|-heal|p1a: Corviknight|69/100|[from] item: Leftovers
|upkeep
|inactive|Pietro Kenji has 120 seconds left.
|
|t:|1641851835
|switch|p2a: Heatran|Heatran, F|59/100
|turn|25
|
|t:|1641851839
|move|p1a: Corviknight|Power Trip|p2a: Heatran
|-damage|p2a: Heatran|0 fnt
|faint|p2a: Heatran
|
|-heal|p1a: Corviknight|76/100|[from] item: Leftovers
|upkeep
|inactive|Pietro Kenji has 120 seconds left.
|
|t:|1641851853
|switch|p2a: Garchomp|Garchomp, F|100/100
|turn|26
|
|t:|1641851856
|move|p1a: Corviknight|Bulk Up|p1a: Corviknight
|-boost|p1a: Corviknight|atk|1
|-boost|p1a: Corviknight|def|1
|move|p2a: Garchomp|Fire Fang|p1a: Corviknight
|-supereffective|p1a: Corviknight
|-damage|p1a: Corviknight|67/100
|
|-heal|p1a: Corviknight|73/100|[from] item: Leftovers
|-damage|p1a: Corviknight|61/100|[from] Leech Seed|[of] p2a: Garchomp
|upkeep
|turn|27
|-message|Pietro Kenji forfeited.
|
|win|deebeezee
|raw|deebeezee's rating: 1077 &rarr; <strong>1107</strong><br />(+30 for winning)
|raw|Pietro Kenji's rating: 1098 &rarr; <strong>1072</strong><br />(-26 for losing)
|l|☆Pietro Kenji
||Ladder isn't responding, score probably updated but might not have (Request timeout).
