|j|☆Soopdude
|j|☆galarian stoner
|t:|1641762108
|gametype|singles
|player|p1|Soopdude|2|
|player|p2|galarian stoner|266|
|teamsize|p1|6
|teamsize|p2|6
|gen|8
|tier|[Gen 8] OU
|rule|Sleep Clause Mod: Limit one foe put to sleep
|rule|Species Clause: Limit one of each Pokémon
|rule|OHKO Clause: OHKO moves are banned
|rule|Evasion Moves Clause: Evasion moves are banned
|rule|Endless Battle Clause: Forcing endless battles is banned
|rule|HP Percentage Mod: HP is shown in percentages
|rule|Dynamax Clause: You cannot dynamax
|clearpoke
|poke|p1|Tapu Lele|
|poke|p1|Landorus-Therian, M|
|poke|p1|Clefable, F|
|poke|p1|Slowking-Galar, M|
|poke|p1|Toxapex, M|
|poke|p1|Dragapult, M|
|poke|p2|Urshifu-*, F|
|poke|p2|Pelipper, F|
|poke|p2|Ferrothorn, M|
|poke|p2|Barraskewda, M|
|poke|p2|Swampert, M|
|poke|p2|Zapdos|
|teampreview
|inactive|Battle timer is ON: inactive players will automatically lose when time's up. (requested by Soopdude)
|inactive|galarian stoner has 270 seconds left.
|j| txikimandy
|inactiveoff|Battle timer is now OFF.
|j| CeriPokemon
|c| CeriPokemon|Its Ceri :D
|n|☆galarian stoner|galarianstoner
|c|☆galarian stoner|can i talk now?
|c|☆galarian stoner|yay i can talk
|l| CeriPokemon
|j| Flashvert6
|j| CeriPokemon
|c| Flashvert6|Okay!!
|c| CeriPokemon|All good les go :D
|c| txikimandy|hiiiiiii
|c| CeriPokemon|heeyy
|c|☆galarian stoner|hello
|c|☆Soopdude|hello
|c| CeriPokemon|GLHF!
|c| Flashvert6|So sorry for the wait, I was emptying the dishwasher and that took a bit too long hahah
|c| Flashvert6|Glhf!!
|c|☆Soopdude|glhf
|c|☆galarian stoner|gl to you too
|c| txikimandy|good luck gentlemen
|
|t:|1641762320
|start
|switch|p1a: Slowking|Slowking-Galar, M|100/100
|switch|p2a: Pelipper|Pelipper, F|100/100
|-weather|RainDance|[from] ability: Drizzle|[of] p2a: Pelipper
|turn|1
|
|t:|1641762340
|switch|p1a: Toxapex|Toxapex, M|100/100
|move|p2a: Pelipper|U-turn|p1a: Toxapex
|-resisted|p1a: Toxapex
|-damage|p1a: Toxapex|97/100
|c| CeriPokemon|Cheerin for you both
|
|t:|1641762345
|switch|p2a: Zapdos|Zapdos|100/100|[from]move: U-turn
|
|-weather|RainDance|[upkeep]
|-heal|p1a: Toxapex|100/100|[from] item: Black Sludge
|upkeep
|turn|2
|
|t:|1641762352
|move|p2a: Zapdos|Weather Ball|p1a: Toxapex
|-resisted|p1a: Toxapex
|-damage|p1a: Toxapex|81/100
|move|p1a: Toxapex|Toxic|p2a: Zapdos
|-status|p2a: Zapdos|tox
|
|-weather|RainDance|[upkeep]
|-heal|p1a: Toxapex|87/100|[from] item: Black Sludge
|-damage|p2a: Zapdos|94/100 tox|[from] psn
|upkeep
|turn|3
|
|t:|1641762363
|switch|p1a: Tapu Lele|Tapu Lele|100/100
|-fieldstart|move: Psychic Terrain|[from] ability: Psychic Surge|[of] p1a: Tapu Lele
|move|p2a: Zapdos|Thunder|p1a: Tapu Lele
|-damage|p1a: Tapu Lele|40/100
|
|-weather|RainDance|[upkeep]
|-damage|p2a: Zapdos|82/100 tox|[from] psn
|upkeep
|turn|4
|
|t:|1641762372
|move|p2a: Zapdos|Thunder|p1a: Tapu Lele
|-damage|p1a: Tapu Lele|0 fnt
|faint|p1a: Tapu Lele
|
|-weather|RainDance|[upkeep]
|-damage|p2a: Zapdos|63/100 tox|[from] psn
|upkeep
|
|t:|1641762378
|switch|p1a: Clefable|Clefable, F, shiny|100/100
|turn|5
|
|t:|1641762382
|move|p2a: Zapdos|Volt Switch|p1a: Clefable
|-damage|p1a: Clefable|68/100
|
|t:|1641762386
|switch|p2a: Ferrothorn|Ferrothorn, M|100/100|[from]move: Volt Switch
|move|p1a: Clefable|Calm Mind|p1a: Clefable
|-boost|p1a: Clefable|spa|1
|-boost|p1a: Clefable|spd|1
|
|-weather|RainDance|[upkeep]
|-heal|p1a: Clefable|74/100|[from] item: Leftovers
|upkeep
|turn|6
|
|t:|1641762395
|switch|p1a: Slowking|Slowking-Galar, M|100/100
|move|p2a: Ferrothorn|Gyro Ball|p1a: Slowking
|-damage|p1a: Slowking|79/100
|
|-weather|RainDance|[upkeep]
|upkeep
|turn|7
|
|t:|1641762405
|move|p1a: Slowking|Flamethrower|p2a: Ferrothorn
|-supereffective|p2a: Ferrothorn
|-damage|p2a: Ferrothorn|58/100
|move|p2a: Ferrothorn|Knock Off|p1a: Slowking
|-supereffective|p1a: Slowking
|-damage|p1a: Slowking|31/100
|-enditem|p1a: Slowking|Assault Vest|[from] move: Knock Off|[of] p2a: Ferrothorn
|
|-weather|RainDance|[upkeep]
|-heal|p2a: Ferrothorn|64/100|[from] item: Leftovers
|-fieldend|move: Psychic Terrain
|upkeep
|turn|8
|
|t:|1641762422
|switch|p2a: Swampert|Swampert, M|100/100
|move|p1a: Slowking|Flamethrower|p2a: Swampert
|-resisted|p2a: Swampert
|-damage|p2a: Swampert|97/100
|
|-weather|none
|-heal|p2a: Swampert|100/100|[from] item: Leftovers
|upkeep
|turn|9
|
|t:|1641762432
|switch|p1a: Landorus|Landorus-Therian, M|100/100
|-ability|p1a: Landorus|Intimidate|boost
|-unboost|p2a: Swampert|atk|1
|move|p2a: Swampert|Stealth Rock|p1a: Landorus
|-sidestart|p1: Soopdude|move: Stealth Rock
|
|upkeep
|turn|10
|
|t:|1641762438
|move|p1a: Landorus|Toxic|p2a: Swampert
|-status|p2a: Swampert|tox
|move|p2a: Swampert|Flip Turn|p1a: Landorus
|-supereffective|p1a: Landorus
|-crit|p1a: Landorus
|-damage|p1a: Landorus|53/100
|
|t:|1641762444
|switch|p2a: Pelipper|Pelipper, F|100/100|[from]move: Flip Turn
|-weather|RainDance|[from] ability: Drizzle|[of] p2a: Pelipper
|
|-weather|RainDance|[upkeep]
|-heal|p1a: Landorus|59/100|[from] item: Leftovers
|upkeep
|turn|11
|
|t:|1641762454
|switch|p1a: Dragapult|Dragapult, M|100/100
|-damage|p1a: Dragapult|88/100|[from] Stealth Rock
|move|p2a: Pelipper|Scald|p1a: Dragapult
|-resisted|p1a: Dragapult
|-damage|p1a: Dragapult|61/100
|
|-weather|RainDance|[upkeep]
|upkeep
|turn|12
|
|t:|1641762468
|switch|p2a: Ferrothorn|Ferrothorn, M|64/100
|move|p1a: Dragapult|Shadow Ball|p2a: Ferrothorn
|-damage|p2a: Ferrothorn|20/100
|
|-weather|RainDance|[upkeep]
|-heal|p2a: Ferrothorn|26/100|[from] item: Leftovers
|upkeep
|turn|13
|c| Flashvert6|Oh that did a lot
|
|t:|1641762480
|move|p1a: Dragapult|Shadow Ball|p2a: Ferrothorn
|-damage|p2a: Ferrothorn|0 fnt
|faint|p2a: Ferrothorn
|
|-weather|RainDance|[upkeep]
|upkeep
|
|t:|1641762491
|switch|p2a: Barraskewda|Barraskewda, M|100/100
|turn|14
|
|t:|1641762500
|move|p2a: Barraskewda|Crunch|p1a: Dragapult
|-supereffective|p1a: Dragapult
|-damage|p1a: Dragapult|0 fnt
|faint|p1a: Dragapult
|
|-weather|RainDance|[upkeep]
|upkeep
|
|t:|1641762505
|switch|p1a: Toxapex|Toxapex, M|100/100
|-damage|p1a: Toxapex|88/100|[from] Stealth Rock
|turn|15
|
|t:|1641762519
|switch|p2a: Zapdos|Zapdos|63/100 tox
|move|p1a: Toxapex|Toxic|p2a: Zapdos
|-fail|p2a: Zapdos|tox
|
|-weather|RainDance|[upkeep]
|-heal|p1a: Toxapex|94/100|[from] item: Black Sludge
|-damage|p2a: Zapdos|57/100 tox|[from] psn
|upkeep
|turn|16
|
|t:|1641762527
|move|p2a: Zapdos|Thunder|p1a: Toxapex
|-supereffective|p1a: Toxapex
|-damage|p1a: Toxapex|7/100
|move|p1a: Toxapex|Recover|p1a: Toxapex
|-heal|p1a: Toxapex|57/100
|
|-weather|RainDance|[upkeep]
|-heal|p1a: Toxapex|64/100|[from] item: Black Sludge
|-damage|p2a: Zapdos|44/100 tox|[from] psn
|upkeep
|turn|17
|
|t:|1641762537
|switch|p1a: Landorus|Landorus-Therian, M|59/100
|-damage|p1a: Landorus|47/100|[from] Stealth Rock
|-ability|p1a: Landorus|Intimidate|boost
|-unboost|p2a: Zapdos|atk|1
|move|p2a: Zapdos|Weather Ball|p1a: Landorus
|-supereffective|p1a: Landorus
|-damage|p1a: Landorus|0 fnt
|faint|p1a: Landorus
|
|-weather|none
|-damage|p2a: Zapdos|26/100 tox|[from] psn
|upkeep
|
|t:|1641762547
|switch|p1a: Slowking|Slowking-Galar, M|64/100
|-damage|p1a: Slowking|52/100|[from] Stealth Rock
|turn|18
|
|t:|1641762555
|move|p2a: Zapdos|Volt Switch|p1a: Slowking
|-damage|p1a: Slowking|29/100
|
|t:|1641762560
|switch|p2a: Swampert|Swampert, M|100/100 tox|[from]move: Volt Switch
|move|p1a: Slowking|Flamethrower|p2a: Swampert
|-resisted|p2a: Swampert
|-damage|p2a: Swampert|92/100 tox
|
|-heal|p2a: Swampert|98/100 tox|[from] item: Leftovers
|-damage|p2a: Swampert|92/100 tox|[from] psn
|upkeep
|turn|19
|
|t:|1641762571
|switch|p1a: Toxapex|Toxapex, M|97/100
|-damage|p1a: Toxapex|84/100|[from] Stealth Rock
|move|p2a: Swampert|Earthquake|p1a: Toxapex
|-supereffective|p1a: Toxapex
|-damage|p1a: Toxapex|41/100
|
|-heal|p2a: Swampert|98/100 tox|[from] item: Leftovers
|-heal|p1a: Toxapex|47/100|[from] item: Black Sludge
|-damage|p2a: Swampert|85/100 tox|[from] psn
|upkeep
|turn|20
|
|t:|1641762583
|move|p2a: Swampert|Flip Turn|p1a: Toxapex
|-resisted|p1a: Toxapex
|-damage|p1a: Toxapex|40/100
|
|t:|1641762587
|switch|p2a: Pelipper|Pelipper, F|100/100|[from]move: Flip Turn
|-weather|RainDance|[from] ability: Drizzle|[of] p2a: Pelipper
|move|p1a: Toxapex|Recover|p1a: Toxapex
|-heal|p1a: Toxapex|90/100
|
|-weather|RainDance|[upkeep]
|-heal|p1a: Toxapex|97/100|[from] item: Black Sludge
|upkeep
|turn|21
|
|t:|1641762596
|move|p2a: Pelipper|U-turn|p1a: Toxapex
|-resisted|p1a: Toxapex
|-crit|p1a: Toxapex
|-damage|p1a: Toxapex|92/100
|
|t:|1641762607
|switch|p2a: Swampert|Swampert, M|85/100 tox|[from]move: U-turn
|move|p1a: Toxapex|Toxic|p2a: Swampert
|-fail|p2a: Swampert|tox
|
|-weather|RainDance|[upkeep]
|-heal|p2a: Swampert|92/100 tox|[from] item: Leftovers
|-heal|p1a: Toxapex|98/100|[from] item: Black Sludge
|-damage|p2a: Swampert|85/100 tox|[from] psn
|upkeep
|turn|22
|
|t:|1641762616
|move|p2a: Swampert|Earthquake|p1a: Toxapex
|-supereffective|p1a: Toxapex
|-damage|p1a: Toxapex|56/100
|move|p1a: Toxapex|Recover|p1a: Toxapex
|-heal|p1a: Toxapex|100/100
|
|-weather|RainDance|[upkeep]
|-heal|p2a: Swampert|92/100 tox|[from] item: Leftovers
|-damage|p2a: Swampert|79/100 tox|[from] psn
|upkeep
|turn|23
|
|t:|1641762628
|move|p2a: Swampert|Earthquake|p1a: Toxapex
|-supereffective|p1a: Toxapex
|-crit|p1a: Toxapex
|-damage|p1a: Toxapex|29/100
|move|p1a: Toxapex|Recover|p1a: Toxapex
|-heal|p1a: Toxapex|79/100
|
|-weather|RainDance|[upkeep]
|-heal|p2a: Swampert|85/100 tox|[from] item: Leftovers
|-heal|p1a: Toxapex|86/100|[from] item: Black Sludge
|-damage|p2a: Swampert|67/100 tox|[from] psn
|upkeep
|turn|24
|
|t:|1641762639
|move|p2a: Swampert|Flip Turn|p1a: Toxapex
|-resisted|p1a: Toxapex
|-damage|p1a: Toxapex|75/100
|
|t:|1641762655
|switch|p2a: Zapdos|Zapdos|26/100 tox|[from]move: Flip Turn
|move|p1a: Toxapex|Toxic|p2a: Zapdos
|-fail|p2a: Zapdos|tox
|
|-weather|RainDance|[upkeep]
|-heal|p1a: Toxapex|81/100|[from] item: Black Sludge
|-damage|p2a: Zapdos|20/100 tox|[from] psn
|upkeep
|turn|25
|
|t:|1641762666
|switch|p1a: Slowking|Slowking-Galar, M|63/100
|-damage|p1a: Slowking|50/100|[from] Stealth Rock
|move|p2a: Zapdos|Volt Switch|p1a: Slowking
|-damage|p1a: Slowking|26/100
|
|t:|1641762672
|switch|p2a: Swampert|Swampert, M|67/100 tox|[from]move: Volt Switch
|
|-weather|RainDance|[upkeep]
|-heal|p2a: Swampert|73/100 tox|[from] item: Leftovers
|-damage|p2a: Swampert|67/100 tox|[from] psn
|upkeep
|turn|26
|
|t:|1641762682
|switch|p1a: Toxapex|Toxapex, M|100/100
|-damage|p1a: Toxapex|88/100|[from] Stealth Rock
|move|p2a: Swampert|Earthquake|p1a: Toxapex
|-supereffective|p1a: Toxapex
|-damage|p1a: Toxapex|45/100
|
|-weather|RainDance|[upkeep]
|-heal|p2a: Swampert|73/100 tox|[from] item: Leftovers
|-heal|p1a: Toxapex|51/100|[from] item: Black Sludge
|-damage|p2a: Swampert|61/100 tox|[from] psn
|upkeep
|turn|27
|
|t:|1641762698
|move|p2a: Swampert|Flip Turn|p1a: Toxapex
|-resisted|p1a: Toxapex
|-damage|p1a: Toxapex|41/100
|
|t:|1641762700
|switch|p2a: Urshifu|Urshifu-Rapid-Strike, F|100/100|[from]move: Flip Turn
|move|p1a: Toxapex|Recover|p1a: Toxapex
|-heal|p1a: Toxapex|91/100
|
|-weather|none
|-heal|p1a: Toxapex|97/100|[from] item: Black Sludge
|upkeep
|turn|28
|
|t:|1641762709
|move|p2a: Urshifu|Close Combat|p1a: Toxapex
|-resisted|p1a: Toxapex
|-damage|p1a: Toxapex|69/100
|-unboost|p2a: Urshifu|def|1
|-unboost|p2a: Urshifu|spd|1
|move|p1a: Toxapex|Toxic|p2a: Urshifu
|-status|p2a: Urshifu|tox
|
|-heal|p1a: Toxapex|75/100|[from] item: Black Sludge
|-damage|p2a: Urshifu|94/100 tox|[from] psn
|upkeep
|turn|29
|
|t:|1641762719
|switch|p2a: Swampert|Swampert, M|61/100 tox
|move|p1a: Toxapex|Scald|p2a: Swampert
|-damage|p2a: Swampert|50/100 tox
|
|-heal|p2a: Swampert|56/100 tox|[from] item: Leftovers
|-heal|p1a: Toxapex|81/100|[from] item: Black Sludge
|-damage|p2a: Swampert|50/100 tox|[from] psn
|upkeep
|turn|30
|
|t:|1641762728
|move|p2a: Swampert|Flip Turn|p1a: Toxapex
|-resisted|p1a: Toxapex
|-damage|p1a: Toxapex|75/100
|
|t:|1641762733
|switch|p2a: Urshifu|Urshifu-Rapid-Strike, F|94/100 tox|[from]move: Flip Turn
|move|p1a: Toxapex|Recover|p1a: Toxapex
|-heal|p1a: Toxapex|100/100
|
|-damage|p2a: Urshifu|88/100 tox|[from] psn
|upkeep
|turn|31
|
|t:|1641762743
|switch|p2a: Pelipper|Pelipper, F|100/100
|-weather|RainDance|[from] ability: Drizzle|[of] p2a: Pelipper
|move|p1a: Toxapex|Scald|p2a: Pelipper
|-resisted|p2a: Pelipper
|-damage|p2a: Pelipper|83/100
|
|-weather|RainDance|[upkeep]
|upkeep
|turn|32
|
|t:|1641762752
|move|p2a: Pelipper|U-turn|p1a: Toxapex
|-resisted|p1a: Toxapex
|-damage|p1a: Toxapex|98/100
|
|t:|1641762757
|switch|p2a: Swampert|Swampert, M|50/100 tox|[from]move: U-turn
|move|p1a: Toxapex|Scald|p2a: Swampert
|-damage|p2a: Swampert|33/100 tox
|
|-weather|RainDance|[upkeep]
|-heal|p2a: Swampert|39/100 tox|[from] item: Leftovers
|-heal|p1a: Toxapex|100/100|[from] item: Black Sludge
|-damage|p2a: Swampert|33/100 tox|[from] psn
|upkeep
|turn|33
|
|t:|1641762768
|move|p2a: Swampert|Endeavor|p1a: Toxapex
|-damage|p1a: Toxapex|44/100
|move|p1a: Toxapex|Recover|p1a: Toxapex
|-heal|p1a: Toxapex|94/100
|
|-weather|RainDance|[upkeep]
|-heal|p2a: Swampert|39/100 tox|[from] item: Leftovers
|-heal|p1a: Toxapex|99/100|[from] item: Black Sludge
|-damage|p2a: Swampert|27/100 tox|[from] psn
|upkeep
|turn|34
|c| Flashvert6|ENDEAVOR?!
|
|t:|1641762782
|move|p2a: Swampert|Endeavor|p1a: Toxapex
|-damage|p1a: Toxapex|35/100
|move|p1a: Toxapex|Recover|p1a: Toxapex
|-heal|p1a: Toxapex|85/100
|
|-weather|RainDance|[upkeep]
|-heal|p2a: Swampert|33/100 tox|[from] item: Leftovers
|-heal|p1a: Toxapex|92/100|[from] item: Black Sludge
|-damage|p2a: Swampert|14/100 tox|[from] psn
|upkeep
|turn|35
|
|t:|1641762794
|move|p2a: Swampert|Endeavor|p1a: Toxapex
|-damage|p1a: Toxapex|19/100
|move|p1a: Toxapex|Recover|p1a: Toxapex
|-heal|p1a: Toxapex|69/100
|
|-weather|RainDance|[upkeep]
|-heal|p2a: Swampert|21/100 tox|[from] item: Leftovers
|-heal|p1a: Toxapex|75/100|[from] item: Black Sludge
|-damage|p2a: Swampert|0 fnt|[from] psn
|faint|p2a: Swampert
|upkeep
|
|t:|1641762803
|switch|p2a: Zapdos|Zapdos|20/100 tox
|turn|36
|
|t:|1641762807
|move|p2a: Zapdos|Thunder|p1a: Toxapex
|-supereffective|p1a: Toxapex
|-damage|p1a: Toxapex|0 fnt
|faint|p1a: Toxapex
|
|-weather|RainDance|[upkeep]
|-damage|p2a: Zapdos|13/100 tox|[from] psn
|upkeep
|
|t:|1641762814
|switch|p1a: Slowking|Slowking-Galar, M|59/100
|-damage|p1a: Slowking|46/100|[from] Stealth Rock
|turn|37
|
|t:|1641762828
|move|p2a: Zapdos|Thunder|p1a: Slowking
|-damage|p1a: Slowking|12/100
|move|p1a: Slowking|Future Sight|p2a: Zapdos
|-start|p1a: Slowking|move: Future Sight
|
|-weather|RainDance|[upkeep]
|-damage|p2a: Zapdos|1/100 tox|[from] psn
|upkeep
|turn|38
|
|t:|1641762837
|move|p2a: Zapdos|Thunder|p1a: Slowking
|-crit|p1a: Slowking
|-damage|p1a: Slowking|0 fnt
|faint|p1a: Slowking
|
|-weather|none
|-damage|p2a: Zapdos|0 fnt|[from] psn
|faint|p2a: Zapdos
|upkeep
|
|t:|1641762846
|switch|p2a: Pelipper|Pelipper, F|83/100
|switch|p1a: Clefable|Clefable, F, shiny|74/100
|-damage|p1a: Clefable|61/100|[from] Stealth Rock
|-weather|RainDance|[from] ability: Drizzle|[of] p2a: Pelipper
|turn|39
|
|t:|1641762852
|move|p1a: Clefable|Calm Mind|p1a: Clefable
|-boost|p1a: Clefable|spa|1
|-boost|p1a: Clefable|spd|1
|move|p2a: Pelipper|U-turn|p1a: Clefable
|-resisted|p1a: Clefable
|-damage|p1a: Clefable|58/100
|
|t:|1641762857
|switch|p2a: Barraskewda|Barraskewda, M|100/100|[from]move: U-turn
|
|-weather|RainDance|[upkeep]
|-end|p2a: Barraskewda|move: Future Sight
|-damage|p2a: Barraskewda|0 fnt
|faint|p2a: Barraskewda
|-heal|p1a: Clefable|64/100|[from] item: Leftovers
|upkeep
|
|t:|1641762864
|switch|p2a: Urshifu|Urshifu-Rapid-Strike, F|88/100 tox
|turn|40
|
|t:|1641762867
|move|p1a: Clefable|Protect|p1a: Clefable
|-singleturn|p1a: Clefable|Protect
|move|p2a: Urshifu|Surging Strikes|p1a: Clefable
|-crit|p1a: Clefable
|-damage|p1a: Clefable|27/100
|-crit|p1a: Clefable
|-damage|p1a: Clefable|0 fnt
|faint|p1a: Clefable
|-hitcount|p1: Clefable|2
|
|win|galarian stoner
|c|☆Soopdude|gg
|c| txikimandy|rip henry
|c|☆galarian stoner|gg
|l|☆Soopdude
|c| CeriPokemon|gg
|c| Flashvert6|Good game both of you!!
|c| txikimandy|congrats stoner
|c|☆galarian stoner|thank you!
|l|☆galarian stoner
|c| txikimandy|i can set up me and ceri's now :)
|l| CeriPokemon
|c| Flashvert6|Yes please!
|l| txikimandy
|l| Flashvert6
|j| Flashvert6
|l| Flashvert6
|j| Flashvert6
