|j|☆zerophos
|j|☆ShloopNoop
|t:|1641886106
|gametype|singles
|player|p1|zerophos|linebacker|1130
|player|p2|ShloopNoop|caitlin|1171
|teamsize|p1|6
|teamsize|p2|6
|gen|8
|tier|[Gen 8] OU
|rated|
|rule|Sleep Clause Mod: Limit one foe put to sleep
|rule|Species Clause: Limit one of each Pokémon
|rule|OHKO Clause: OHKO moves are banned
|rule|Evasion Moves Clause: Evasion moves are banned
|rule|Endless Battle Clause: Forcing endless battles is banned
|rule|HP Percentage Mod: HP is shown in percentages
|rule|Dynamax Clause: You cannot dynamax
|clearpoke
|poke|p1|Polteageist|
|poke|p1|Ferrothorn, M|
|poke|p1|Slowbro, F|
|poke|p1|Volcarona, F|
|poke|p1|Mienshao, M|
|poke|p1|Krookodile, F|
|poke|p2|Hippowdon, M|
|poke|p2|Araquanid, F|
|poke|p2|Corviknight, M|
|poke|p2|Toxapex, M|
|poke|p2|Ferrothorn, F|
|poke|p2|Articuno-Galar|
|teampreview
|inactive|Battle timer is ON: inactive players will automatically lose when time's up. (requested by ShloopNoop)
|
|t:|1641886120
|start
|switch|p1a: Mienshao|Mienshao, M|100/100
|switch|p2a: Articuno|Articuno-Galar|100/100
|turn|1
|
|t:|1641886128
|move|p1a: Mienshao|Fake Out|p2a: Articuno
|-damage|p2a: Articuno|79/100
|-damage|p1a: Mienshao|91/100|[from] item: Life Orb
|cant|p2a: Articuno|flinch
|
|upkeep
|turn|2
|
|t:|1641886132
|move|p1a: Mienshao|U-turn|p2a: Articuno
|-damage|p2a: Articuno|43/100
|-damage|p1a: Mienshao|81/100|[from] item: Life Orb
|
|t:|1641886142
|switch|p1a: Ferrothorn|Ferrothorn, M|100/100|[from]move: U-turn
|move|p2a: Articuno|Freezing Glare|p1a: Ferrothorn
|-resisted|p1a: Ferrothorn
|-damage|p1a: Ferrothorn|80/100
|
|upkeep
|turn|3
|inactive|ShloopNoop has 120 seconds left.
|
|t:|1641886181
|switch|p2a: Corviknight|Corviknight, M, shiny|100/100
|-ability|p2a: Corviknight|Pressure
|move|p1a: Ferrothorn|Thunder Wave|p2a: Corviknight
|-status|p2a: Corviknight|par
|
|upkeep
|turn|4
|inactive|ShloopNoop has 120 seconds left.
|
|t:|1641886188
|cant|p2a: Corviknight|par
|move|p1a: Ferrothorn|Leech Seed|p2a: Corviknight
|-start|p2a: Corviknight|move: Leech Seed
|
|-damage|p2a: Corviknight|88/100 par|[from] Leech Seed|[of] p1a: Ferrothorn
|-heal|p1a: Ferrothorn|94/100|[silent]
|upkeep
|turn|5
|
|t:|1641886197
|switch|p1a: Volcarona|Volcarona, F|100/100
|cant|p2a: Corviknight|par
|
|-damage|p2a: Corviknight|76/100 par|[from] Leech Seed|[of] p1a: Volcarona
|upkeep
|turn|6
|
|t:|1641886202
|move|p1a: Volcarona|Quiver Dance|p1a: Volcarona
|-boost|p1a: Volcarona|spa|1
|-boost|p1a: Volcarona|spd|1
|-boost|p1a: Volcarona|spe|1
|move|p2a: Corviknight|Brave Bird|p1a: Volcarona
|-supereffective|p1a: Volcarona
|-damage|p1a: Volcarona|1/100
|-damage|p2a: Corviknight|45/100 par|[from] Recoil
|
|-damage|p2a: Corviknight|33/100 par|[from] Leech Seed|[of] p1a: Volcarona
|-heal|p1a: Volcarona|14/100|[silent]
|upkeep
|turn|7
|
|t:|1641886218
|switch|p2a: Ferrothorn|Ferrothorn, F, shiny|100/100
|move|p1a: Volcarona|Mystical Fire|p2a: Ferrothorn
|-supereffective|p2a: Ferrothorn
|-damage|p2a: Ferrothorn|0 fnt
|faint|p2a: Ferrothorn
|
|upkeep
|inactive|ShloopNoop has 120 seconds left.
|
|t:|1641886234
|switch|p2a: Toxapex|Toxapex, M, shiny|100/100
|turn|8
|
|t:|1641886240
|move|p1a: Volcarona|Roost|p1a: Volcarona
|-heal|p1a: Volcarona|64/100
|-singleturn|p1a: Volcarona|move: Roost
|move|p2a: Toxapex|Scald|p1a: Volcarona
|-supereffective|p1a: Volcarona
|-damage|p1a: Volcarona|51/100
|
|upkeep
|turn|9
|inactive|ShloopNoop has 120 seconds left.
|
|t:|1641886257
|move|p2a: Toxapex|Baneful Bunker|p2a: Toxapex
|-singleturn|p2a: Toxapex|move: Protect
|move|p1a: Volcarona|Roost|p1a: Volcarona
|-heal|p1a: Volcarona|100/100
|-singleturn|p1a: Volcarona|move: Roost
|
|upkeep
|turn|10
|
|t:|1641886262
|move|p1a: Volcarona|Quiver Dance|p1a: Volcarona
|-boost|p1a: Volcarona|spa|1
|-boost|p1a: Volcarona|spd|1
|-boost|p1a: Volcarona|spe|1
|move|p2a: Toxapex|Toxic Spikes|p1a: Volcarona
|-sidestart|p1: zerophos|move: Toxic Spikes
|
|upkeep
|turn|11
|
|t:|1641886270
|switch|p2a: Hippowdon|Hippowdon, M, shiny|100/100
|move|p1a: Volcarona|Quiver Dance|p1a: Volcarona
|-boost|p1a: Volcarona|spa|1
|-boost|p1a: Volcarona|spd|1
|-boost|p1a: Volcarona|spe|1
|
|upkeep
|turn|12
|
|t:|1641886277
|move|p1a: Volcarona|Mystical Fire|p2a: Hippowdon
|-damage|p2a: Hippowdon|19/100
|-unboost|p2a: Hippowdon|spa|1
|move|p2a: Hippowdon|Roar|p1a: Volcarona
|drag|p1a: Polteageist|Polteageist|100/100
|-status|p1a: Polteageist|psn
|
|-heal|p2a: Hippowdon|25/100|[from] item: Leftovers
|-damage|p1a: Polteageist|88/100 psn|[from] psn
|upkeep
|turn|13
|l|☆zerophos
|inactive|zerophos disconnected and has a minute to reconnect!
|player|p1|
|j|☆zerophos
|inactive|zerophos reconnected and has 105 seconds left.
|player|p1|zerophos|linebacker
|
|t:|1641886334
|move|p1a: Polteageist|Will-O-Wisp|p2a: Hippowdon
|-status|p2a: Hippowdon|brn
|move|p2a: Hippowdon|Slack Off|p2a: Hippowdon
|-heal|p2a: Hippowdon|75/100 brn
|
|-heal|p1a: Polteageist|94/100 psn|[from] item: Leftovers
|-heal|p2a: Hippowdon|81/100 brn|[from] item: Leftovers
|-damage|p1a: Polteageist|82/100 psn|[from] psn
|-damage|p2a: Hippowdon|75/100 brn|[from] brn
|upkeep
|turn|14
|inactive|ShloopNoop has 120 seconds left.
|c|☆zerophos|sry my wifi died
|c|☆ShloopNoop|ah
|
|t:|1641886362
|move|p1a: Polteageist|Hex|p2a: Hippowdon
|-damage|p2a: Hippowdon|16/100 brn
|move|p2a: Hippowdon|Stealth Rock|p1a: Polteageist
|-sidestart|p1: zerophos|move: Stealth Rock
|
|-heal|p1a: Polteageist|88/100 psn|[from] item: Leftovers
|-heal|p2a: Hippowdon|22/100 brn|[from] item: Leftovers
|-damage|p1a: Polteageist|76/100 psn|[from] psn
|-damage|p2a: Hippowdon|16/100 brn|[from] brn
|upkeep
|turn|15
|inactive|ShloopNoop has 120 seconds left.
|
|t:|1641886371
|switch|p1a: Volcarona|Volcarona, F|100/100
|switch|p2a: Toxapex|Toxapex, M, shiny|100/100
|
|upkeep
|turn|16
|
|t:|1641886379
|move|p1a: Volcarona|Defog|p2a: Toxapex
|-unboost|p2a: Toxapex|evasion|1
|-sideend|p1: zerophos|Toxic Spikes|[from] move: Defog|[of] p1a: Volcarona
|-sideend|p1: zerophos|Stealth Rock|[from] move: Defog|[of] p1a: Volcarona
|move|p2a: Toxapex|Scald|p1a: Volcarona
|-supereffective|p1a: Volcarona
|-damage|p1a: Volcarona|78/100
|
|upkeep
|turn|17
|
|t:|1641886386
|move|p1a: Volcarona|Quiver Dance|p1a: Volcarona
|-boost|p1a: Volcarona|spa|1
|-boost|p1a: Volcarona|spd|1
|-boost|p1a: Volcarona|spe|1
|move|p2a: Toxapex|Toxic Spikes|p1a: Volcarona
|-sidestart|p1: zerophos|move: Toxic Spikes
|
|upkeep
|turn|18
|
|t:|1641886395
|switch|p2a: Hippowdon|Hippowdon, M, shiny|16/100 brn
|move|p1a: Volcarona|Quiver Dance|p1a: Volcarona
|-boost|p1a: Volcarona|spa|1
|-boost|p1a: Volcarona|spd|1
|-boost|p1a: Volcarona|spe|1
|
|-heal|p2a: Hippowdon|22/100 brn|[from] item: Leftovers
|-damage|p2a: Hippowdon|16/100 brn|[from] brn
|upkeep
|turn|19
|
|t:|1641886398
|move|p1a: Volcarona|Mystical Fire|p2a: Hippowdon
|-damage|p2a: Hippowdon|0 fnt
|faint|p2a: Hippowdon
|
|upkeep
|
|t:|1641886409
|switch|p2a: Araquanid|Araquanid, F, shiny|100/100
|turn|20
|
|t:|1641886415
|move|p1a: Volcarona|Defog|p2a: Araquanid
|-unboost|p2a: Araquanid|evasion|1
|-sideend|p1: zerophos|Toxic Spikes|[from] move: Defog|[of] p1a: Volcarona
|move|p2a: Araquanid|Liquidation|p1a: Volcarona
|-supereffective|p1a: Volcarona
|-damage|p1a: Volcarona|21/100
|
|upkeep
|turn|21
|
|t:|1641886422
|move|p1a: Volcarona|Roost|p1a: Volcarona
|-heal|p1a: Volcarona|71/100
|-singleturn|p1a: Volcarona|move: Roost
|move|p2a: Araquanid|Liquidation|p1a: Volcarona
|-supereffective|p1a: Volcarona
|-damage|p1a: Volcarona|9/100
|-status|p2a: Araquanid|brn|[from] ability: Flame Body|[of] p1a: Volcarona
|
|-damage|p2a: Araquanid|94/100 brn|[from] brn
|upkeep
|turn|22
|
|t:|1641886433
|move|p1a: Volcarona|Roost|p1a: Volcarona
|-heal|p1a: Volcarona|59/100
|-singleturn|p1a: Volcarona|move: Roost
|move|p2a: Araquanid|Liquidation|p1a: Volcarona
|-supereffective|p1a: Volcarona
|-damage|p1a: Volcarona|31/100
|-unboost|p1a: Volcarona|def|1
|
|-heal|p2a: Araquanid|100/100 brn|[from] item: Leftovers
|-damage|p2a: Araquanid|94/100 brn|[from] brn
|upkeep
|turn|23
|
|t:|1641886439
|move|p1a: Volcarona|Roost|p1a: Volcarona
|-heal|p1a: Volcarona|81/100
|-singleturn|p1a: Volcarona|move: Roost
|move|p2a: Araquanid|Aqua Ring|p2a: Araquanid
|-start|p2a: Araquanid|Aqua Ring
|
|-heal|p2a: Araquanid|100/100 brn|[from] item: Leftovers
|-damage|p2a: Araquanid|94/100 brn|[from] brn
|upkeep
|turn|24
|
|t:|1641886447
|move|p1a: Volcarona|Quiver Dance|p1a: Volcarona
|-boost|p1a: Volcarona|spa|1
|-boost|p1a: Volcarona|spd|1
|-boost|p1a: Volcarona|spe|1
|move|p2a: Araquanid|Liquidation|p1a: Volcarona
|-supereffective|p1a: Volcarona
|-damage|p1a: Volcarona|40/100
|
|-heal|p2a: Araquanid|100/100 brn|[from] item: Leftovers
|-damage|p2a: Araquanid|94/100 brn|[from] brn
|upkeep
|turn|25
|
|t:|1641886461
|switch|p1a: Ferrothorn|Ferrothorn, M|94/100
|move|p2a: Araquanid|Liquidation|p1a: Ferrothorn
|-resisted|p1a: Ferrothorn
|-damage|p1a: Ferrothorn|91/100
|-damage|p2a: Araquanid|82/100 brn|[from] ability: Iron Barbs|[of] p1a: Ferrothorn
|-damage|p2a: Araquanid|65/100 brn|[from] item: Rocky Helmet|[of] p1a: Ferrothorn
|
|-heal|p2a: Araquanid|72/100 brn|[from] item: Leftovers
|-heal|p2a: Araquanid|78/100 brn|[from] Aqua Ring
|-damage|p2a: Araquanid|72/100 brn|[from] brn
|upkeep
|turn|26
|
|t:|1641886468
|move|p2a: Araquanid|Sticky Web|p1a: Ferrothorn
|-sidestart|p1: zerophos|move: Sticky Web
|move|p1a: Ferrothorn|Leech Seed|p2a: Araquanid
|-start|p2a: Araquanid|move: Leech Seed
|
|-heal|p2a: Araquanid|78/100 brn|[from] item: Leftovers
|-heal|p2a: Araquanid|84/100 brn|[from] Aqua Ring
|-damage|p2a: Araquanid|72/100 brn|[from] Leech Seed|[of] p1a: Ferrothorn
|-heal|p1a: Ferrothorn|100/100|[silent]
|-damage|p2a: Araquanid|65/100 brn|[from] brn
|upkeep
|turn|27
|
|t:|1641886489
|switch|p2a: Toxapex|Toxapex, M, shiny|100/100
|switch|p1a: Slowbro|Slowbro, F|100/100
|-activate|p1a: Slowbro|move: Sticky Web
|-unboost|p1a: Slowbro|spe|1
|
|upkeep
|turn|28
|
|t:|1641886495
|move|p2a: Toxapex|Toxic Spikes|p1a: Slowbro
|-sidestart|p1: zerophos|move: Toxic Spikes
|move|p1a: Slowbro|Psyshock|p2a: Toxapex
|-supereffective|p2a: Toxapex
|-damage|p2a: Toxapex|61/100
|
|-heal|p2a: Toxapex|67/100|[from] item: Black Sludge
|upkeep
|turn|29
|
|t:|1641886500
|move|p2a: Toxapex|Toxic Spikes|p1a: Slowbro
|-sidestart|p1: zerophos|move: Toxic Spikes
|move|p1a: Slowbro|Calm Mind|p1a: Slowbro
|-boost|p1a: Slowbro|spa|1
|-boost|p1a: Slowbro|spd|1
|
|-heal|p2a: Toxapex|74/100|[from] item: Black Sludge
|upkeep
|turn|30
|
|t:|1641886509
|move|p2a: Toxapex|Baneful Bunker|p2a: Toxapex
|-singleturn|p2a: Toxapex|move: Protect
|move|p1a: Slowbro|Calm Mind|p1a: Slowbro
|-boost|p1a: Slowbro|spa|1
|-boost|p1a: Slowbro|spd|1
|
|-heal|p2a: Toxapex|80/100|[from] item: Black Sludge
|upkeep
|turn|31
|
|t:|1641886536
|move|p2a: Toxapex|Recover|p2a: Toxapex
|-heal|p2a: Toxapex|100/100
|move|p1a: Slowbro|Psyshock|p2a: Toxapex
|-supereffective|p2a: Toxapex
|-damage|p2a: Toxapex|16/100
|
|-heal|p2a: Toxapex|22/100|[from] item: Black Sludge
|upkeep
|turn|32
|
|t:|1641886549
|switch|p2a: Corviknight|Corviknight, M, shiny|33/100 par
|-ability|p2a: Corviknight|Pressure
|move|p1a: Slowbro|Calm Mind|p1a: Slowbro
|-boost|p1a: Slowbro|spa|1
|-boost|p1a: Slowbro|spd|1
|
|upkeep
|turn|33
|
|t:|1641886557
|move|p2a: Corviknight|Roost|p2a: Corviknight
|-heal|p2a: Corviknight|83/100 par
|-singleturn|p2a: Corviknight|move: Roost
|move|p1a: Slowbro|Scald|p2a: Corviknight
|-damage|p2a: Corviknight|20/100 par
|
|upkeep
|turn|34
|
|t:|1641886567
|move|p2a: Corviknight|Brave Bird|p1a: Slowbro
|-damage|p1a: Slowbro|69/100
|-damage|p2a: Corviknight|10/100 par|[from] Recoil
|move|p1a: Slowbro|Scald|p2a: Corviknight
|-damage|p2a: Corviknight|0 fnt
|faint|p2a: Corviknight
|
|-heal|p1a: Slowbro|75/100|[from] item: Leftovers
|upkeep
|
|t:|1641886580
|switch|p2a: Araquanid|Araquanid, F, shiny|65/100 brn
|turn|35
|
|t:|1641886586
|move|p2a: Araquanid|Lunge|p1a: Slowbro
|-supereffective|p1a: Slowbro
|-damage|p1a: Slowbro|58/100
|-unboost|p1a: Slowbro|atk|1
|move|p1a: Slowbro|Psyshock|p2a: Araquanid
|-damage|p2a: Araquanid|17/100 brn
|
|-heal|p2a: Araquanid|23/100 brn|[from] item: Leftovers
|-heal|p1a: Slowbro|64/100|[from] item: Leftovers
|-damage|p2a: Araquanid|17/100 brn|[from] brn
|upkeep
|turn|36
|
|t:|1641886597
|move|p2a: Araquanid|Lunge|p1a: Slowbro
|-supereffective|p1a: Slowbro
|-damage|p1a: Slowbro|48/100
|-unboost|p1a: Slowbro|atk|1
|move|p1a: Slowbro|Psyshock|p2a: Araquanid
|-crit|p2a: Araquanid
|-damage|p2a: Araquanid|0 fnt
|faint|p2a: Araquanid
|
|-heal|p1a: Slowbro|54/100|[from] item: Leftovers
|upkeep
|
|t:|1641886603
|switch|p2a: Articuno|Articuno-Galar|43/100
|turn|37
|
|t:|1641886609
|move|p2a: Articuno|U-turn|p1a: Slowbro
|-supereffective|p1a: Slowbro
|-damage|p1a: Slowbro|35/100
|
|t:|1641886612
|switch|p2a: Toxapex|Toxapex, M, shiny|55/100|[from]move: U-turn
|move|p1a: Slowbro|Scald|p2a: Toxapex
|-resisted|p2a: Toxapex
|-damage|p2a: Toxapex|34/100
|
|-heal|p2a: Toxapex|40/100|[from] item: Black Sludge
|-heal|p1a: Slowbro|41/100|[from] item: Leftovers
|upkeep
|turn|38
|
|t:|1641886621
|move|p2a: Toxapex|Recover|p2a: Toxapex
|-heal|p2a: Toxapex|90/100
|move|p1a: Slowbro|Calm Mind|p1a: Slowbro
|-boost|p1a: Slowbro|spa|1
|-boost|p1a: Slowbro|spd|1
|
|-heal|p2a: Toxapex|97/100|[from] item: Black Sludge
|-heal|p1a: Slowbro|47/100|[from] item: Leftovers
|upkeep
|turn|39
|
|t:|1641886629
|move|p2a: Toxapex|Baneful Bunker|p2a: Toxapex
|-singleturn|p2a: Toxapex|move: Protect
|move|p1a: Slowbro|Psyshock|p2a: Toxapex
|-activate|p2a: Toxapex|move: Protect
|
|-heal|p2a: Toxapex|100/100|[from] item: Black Sludge
|-heal|p1a: Slowbro|53/100|[from] item: Leftovers
|upkeep
|turn|40
|
|t:|1641886637
|move|p2a: Toxapex|Recover||[still]
|-fail|p2a: Toxapex|heal
|move|p1a: Slowbro|Psyshock|p2a: Toxapex
|-supereffective|p2a: Toxapex
|-damage|p2a: Toxapex|0 fnt
|faint|p2a: Toxapex
|
|-heal|p1a: Slowbro|59/100|[from] item: Leftovers
|upkeep
|
|t:|1641886641
|switch|p2a: Articuno|Articuno-Galar|43/100
|turn|41
|
|t:|1641886644
|move|p2a: Articuno|U-turn|p1a: Slowbro
|-supereffective|p1a: Slowbro
|-damage|p1a: Slowbro|39/100
|move|p1a: Slowbro|Scald|p2a: Articuno
|-damage|p2a: Articuno|0 fnt
|faint|p2a: Articuno
|
|win|zerophos
|raw|zerophos's rating: 1130 &rarr; <strong>1158</strong><br />(+28 for winning)
|raw|ShloopNoop's rating: 1171 &rarr; <strong>1143</strong><br />(-28 for losing)
|c|☆zerophos|btw
|c|☆zerophos|i'm a bit curious
|c|☆zerophos|before you go
|c|☆ShloopNoop|ye?
|c|☆zerophos|what is your articuno's set?
|c|☆zerophos|i was actually very cautious about that articuno the entire game
|c|☆ShloopNoop|freezing glare, shadow ball, air slash, u turn
|c|☆zerophos|ah, coverage
|c|☆zerophos|vest?
|c|☆ShloopNoop|assault vest
|c|☆ShloopNoop|ye
|c|☆zerophos|yap
|c|☆zerophos|i'm actually scared of it
|c|☆zerophos|lmao
|c|☆ShloopNoop|mostly to come in on defog
|c|☆zerophos|ahh
|c|☆ShloopNoop|get competitive boost
|c|☆zerophos|defog prediction
|c|☆zerophos|smart
|c|☆ShloopNoop|yee
|c|☆zerophos|i'm very scared to bring in my krookodile
|c|☆ShloopNoop|makes sense
|c|☆ShloopNoop|it also messes up intimidate
|c|☆zerophos|cuz one wrong move and the articuno can sweep
|c|☆zerophos|yea
|c|☆ShloopNoop|yep
|c|☆zerophos|very scared of it
|c|☆zerophos|anyway, gg have a nice day
|c|☆ShloopNoop|makes sense lol
|c|☆ShloopNoop|gg
|c|☆ShloopNoop|well played
|c|☆zerophos|well played too
|l|☆ShloopNoop
