|j|☆DumbLick1337
|j|☆Nimrod009
|t:|1641819581
|gametype|singles
|player|p1|DumbLick1337|102|1127
|player|p2|Nimrod009|102|1119
|teamsize|p1|6
|teamsize|p2|6
|gen|8
|tier|[Gen 8] OU
|rated|
|rule|Sleep Clause Mod: Limit one foe put to sleep
|rule|Species Clause: Limit one of each Pokémon
|rule|OHKO Clause: OHKO moves are banned
|rule|Evasion Moves Clause: Evasion moves are banned
|rule|Endless Battle Clause: Forcing endless battles is banned
|rule|HP Percentage Mod: HP is shown in percentages
|rule|Dynamax Clause: You cannot dynamax
|clearpoke
|poke|p1|Rotom-Heat|
|poke|p1|Corviknight, F|
|poke|p1|Clefable, F|
|poke|p1|Seismitoad, F|
|poke|p1|Hydreigon, F|
|poke|p1|Gyarados, F|
|poke|p2|Politoed, F|
|poke|p2|Tentacruel, F|
|poke|p2|Entei|
|poke|p2|Barraskewda, M|
|poke|p2|Thundurus-Therian, M|
|poke|p2|Ferrothorn, F|
|teampreview
|c|☆DumbLick1337|hf
|inactive|Battle timer is ON: inactive players will automatically lose when time's up. (requested by DumbLick1337)
|c|☆Nimrod009|Glhf
|
|t:|1641819605
|start
|switch|p1a: Clefable|Clefable, F|100/100
|switch|p2a: Thundurus|Thundurus-Therian, M|100/100
|turn|1
|
|t:|1641819614
|switch|p2a: Ferrothorn|Ferrothorn, F|100/100
|move|p1a: Clefable|Wish|p1a: Clefable
|
|upkeep
|turn|2
|
|t:|1641819620
|move|p1a: Clefable|Thunder Wave|p2a: Ferrothorn
|-status|p2a: Ferrothorn|par
|move|p2a: Ferrothorn|Stealth Rock|p1a: Clefable
|-sidestart|p1: DumbLick1337|move: Stealth Rock
|
|upkeep
|turn|3
|
|t:|1641819625
|move|p1a: Clefable|Moonblast|p2a: Ferrothorn
|-resisted|p2a: Ferrothorn
|-damage|p2a: Ferrothorn|86/100 par
|-unboost|p2a: Ferrothorn|spa|1
|move|p2a: Ferrothorn|Spikes|p1a: Clefable
|-sidestart|p1: DumbLick1337|Spikes
|
|upkeep
|turn|4
|
|t:|1641819628
|move|p1a: Clefable|Moonblast|p2a: Ferrothorn
|-resisted|p2a: Ferrothorn
|-damage|p2a: Ferrothorn|72/100 par
|move|p2a: Ferrothorn|Spikes|p1a: Clefable
|-sidestart|p1: DumbLick1337|Spikes
|
|upkeep
|turn|5
|
|t:|1641819635
|move|p1a: Clefable|Moonblast|p2a: Ferrothorn
|-resisted|p2a: Ferrothorn
|-damage|p2a: Ferrothorn|59/100 par
|move|p2a: Ferrothorn|Knock Off|p1a: Clefable
|-resisted|p1a: Clefable
|-crit|p1a: Clefable
|-damage|p1a: Clefable|85/100
|-enditem|p1a: Clefable|Leftovers|[from] move: Knock Off|[of] p2a: Ferrothorn
|
|upkeep
|turn|6
|
|t:|1641819648
|switch|p2a: Politoed|Politoed, F|100/100
|-weather|RainDance|[from] ability: Drizzle|[of] p2a: Politoed
|move|p1a: Clefable|Wish|p1a: Clefable
|
|-weather|RainDance|[upkeep]
|upkeep
|turn|7
|
|t:|1641819656
|move|p2a: Politoed|Scald|p1a: Clefable
|-damage|p1a: Clefable|56/100
|move|p1a: Clefable|Moonblast|p2a: Politoed
|-damage|p2a: Politoed|73/100
|-unboost|p2a: Politoed|spa|1
|
|-weather|RainDance|[upkeep]
|-heal|p1a: Clefable|100/100|[from] move: Wish|[wisher] Clefable
|upkeep
|turn|8
|
|t:|1641819663
|move|p2a: Politoed|Scald|p1a: Clefable
|-damage|p1a: Clefable|80/100
|move|p1a: Clefable|Moonblast|p2a: Politoed
|-damage|p2a: Politoed|47/100
|-unboost|p2a: Politoed|spa|1
|
|-weather|RainDance|[upkeep]
|upkeep
|turn|9
|
|t:|1641819672
|switch|p2a: Tentacruel|Tentacruel, F|100/100
|move|p1a: Clefable|Wish|p1a: Clefable
|
|-weather|RainDance|[upkeep]
|upkeep
|turn|10
|
|t:|1641819673
|move|p2a: Tentacruel|Sludge Wave|p1a: Clefable
|-supereffective|p1a: Clefable
|-damage|p1a: Clefable|28/100
|-status|p1a: Clefable|psn
|move|p1a: Clefable|Thunder Wave|p2a: Tentacruel
|-status|p2a: Tentacruel|par
|
|-weather|RainDance|[upkeep]
|-heal|p1a: Clefable|78/100 psn|[from] move: Wish|[wisher] Clefable
|upkeep
|turn|11
|
|t:|1641819679
|move|p2a: Tentacruel|Sludge Wave|p1a: Clefable
|-supereffective|p1a: Clefable
|-damage|p1a: Clefable|20/100 psn
|move|p1a: Clefable|Wish|p1a: Clefable
|
|-weather|RainDance|[upkeep]
|upkeep
|turn|12
|
|t:|1641819690
|move|p1a: Clefable|Protect|p1a: Clefable
|-singleturn|p1a: Clefable|Protect
|cant|p2a: Tentacruel|par
|
|-weather|RainDance|[upkeep]
|-heal|p1a: Clefable|70/100 psn|[from] move: Wish|[wisher] Clefable
|upkeep
|turn|13
|
|t:|1641819694
|move|p2a: Tentacruel|Sludge Wave|p1a: Clefable
|-supereffective|p1a: Clefable
|-damage|p1a: Clefable|9/100 psn
|move|p1a: Clefable|Wish|p1a: Clefable
|
|-weather|none
|upkeep
|turn|14
|
|t:|1641819696
|move|p1a: Clefable|Protect|p1a: Clefable
|-singleturn|p1a: Clefable|Protect
|move|p2a: Tentacruel|Sludge Wave|p1a: Clefable
|-activate|p1a: Clefable|move: Protect
|
|-heal|p1a: Clefable|59/100 psn|[from] move: Wish|[wisher] Clefable
|upkeep
|turn|15
|
|t:|1641819698
|move|p2a: Tentacruel|Sludge Wave|p1a: Clefable
|-supereffective|p1a: Clefable
|-damage|p1a: Clefable|6/100 psn
|move|p1a: Clefable|Wish|p1a: Clefable
|
|upkeep
|turn|16
|
|t:|1641819701
|move|p1a: Clefable|Protect|p1a: Clefable
|-singleturn|p1a: Clefable|Protect
|cant|p2a: Tentacruel|par
|
|-heal|p1a: Clefable|56/100 psn|[from] move: Wish|[wisher] Clefable
|upkeep
|turn|17
|
|t:|1641819704
|move|p2a: Tentacruel|Sludge Wave|p1a: Clefable
|-supereffective|p1a: Clefable
|-damage|p1a: Clefable|0 fnt
|faint|p1a: Clefable
|
|upkeep
|
|t:|1641819704
|switch|p1a: Corviknight|Corviknight, F|100/100
|-damage|p1a: Corviknight|88/100|[from] Stealth Rock
|-ability|p1a: Corviknight|Pressure
|turn|18
|
|t:|1641819708
|switch|p2a: Entei|Entei|100/100
|-ability|p2a: Entei|Pressure
|move|p1a: Corviknight|Defog|p2a: Entei
|-unboost|p2a: Entei|evasion|1
|-sideend|p1: DumbLick1337|Spikes|[from] move: Defog|[of] p1a: Corviknight
|-sideend|p1: DumbLick1337|Stealth Rock|[from] move: Defog|[of] p1a: Corviknight
|
|-heal|p1a: Corviknight|94/100|[from] item: Leftovers
|upkeep
|turn|19
|
|t:|1641819713
|switch|p1a: Seismitoad|Seismitoad, F|100/100
|move|p2a: Entei|Lava Plume|p1a: Seismitoad
|-resisted|p1a: Seismitoad
|-damage|p1a: Seismitoad|81/100
|
|-heal|p1a: Seismitoad|87/100|[from] item: Leftovers
|upkeep
|turn|20
|
|t:|1641819726
|move|p2a: Entei|Will-O-Wisp|p1a: Seismitoad
|-status|p1a: Seismitoad|brn
|move|p1a: Seismitoad|Stealth Rock|p2a: Entei
|-sidestart|p2: Nimrod009|move: Stealth Rock
|
|-heal|p1a: Seismitoad|93/100 brn|[from] item: Leftovers
|-damage|p1a: Seismitoad|87/100 brn|[from] brn
|upkeep
|turn|21
|inactive|Nimrod009 has 120 seconds left.
|l|☆Nimrod009
|inactive|Nimrod009 disconnected and has a minute to reconnect!
|player|p2|
|inactive|Nimrod009 has 30 seconds to reconnect!
|inactive|Nimrod009 has 20 seconds to reconnect!
|inactive|Nimrod009 has 15 seconds to reconnect!
|inactive|Nimrod009 has 10 seconds to reconnect!
|inactive|Nimrod009 has 5 seconds to reconnect!
|-message|Nimrod009 lost due to inactivity.
|
|win|DumbLick1337
|raw|DumbLick1337's rating: 1127 &rarr; <strong>1151</strong><br />(+24 for winning)
|raw|Nimrod009's rating: 1119 &rarr; <strong>1095</strong><br />(-24 for losing)
|c|☆DumbLick1337|gg
