|j|☆CaseyAnthnysBaby
|j|☆MarshadowShadowLol
|inactive|Battle timer is ON: inactive players will automatically lose when time's up.
|t:|1641878563
|gametype|singles
|player|p1|CaseyAnthnysBaby|hilda|
|player|p2|MarshadowShadowLol|lady|
|teamsize|p1|6
|teamsize|p2|6
|gen|8
|tier|[Gen 8] OU
|rated|Tournament battle
|rule|Sleep Clause Mod: Limit one foe put to sleep
|rule|Species Clause: Limit one of each Pokémon
|rule|OHKO Clause: OHKO moves are banned
|rule|Evasion Moves Clause: Evasion moves are banned
|rule|Endless Battle Clause: Forcing endless battles is banned
|rule|HP Percentage Mod: HP is shown in percentages
|rule|Dynamax Clause: You cannot dynamax
|clearpoke
|poke|p1|Swampert, M|
|poke|p1|Bisharp, M|
|poke|p1|Heatran, F|
|poke|p1|Latios, M|
|poke|p1|Kommo-o, M|
|poke|p1|Tapu Lele|
|poke|p2|Zeraora|
|poke|p2|Urshifu-*, F|
|poke|p2|Tapu Lele|
|poke|p2|Slowking-Galar, M|
|poke|p2|Corviknight, F|
|poke|p2|Blacephalon|
|teampreview
|inactive|MarshadowShadowLol also wants the timer to be on.
|
|t:|1641878582
|start
|switch|p1a: Swampert|Swampert, M|100/100
|switch|p2a: C|Tapu Lele, shiny|100/100
|-fieldstart|move: Psychic Terrain|[from] ability: Psychic Surge|[of] p2a: C
|turn|1
|
|t:|1641878597
|move|p2a: C|Future Sight|p1a: Swampert
|-start|p2a: C|move: Future Sight
|move|p1a: Swampert|Flip Turn|p2a: C
|-damage|p2a: C|64/100
|
|t:|1641878603
|switch|p1a: Bisharp|Bisharp, M|100/100|[from]move: Flip Turn
|
|upkeep
|turn|2
|
|t:|1641878610
|switch|p2a: B|Urshifu-Rapid-Strike, F|100/100
|move|p1a: Bisharp|Knock Off|p2a: B
|-resisted|p2a: B
|-crit|p2a: B
|-damage|p2a: B|52/100
|-enditem|p2a: B|Choice Band|[from] move: Knock Off|[of] p1a: Bisharp
|
|upkeep
|turn|3
|
|t:|1641878620
|switch|p1a: Tapu Lele|Tapu Lele|100/100
|move|p2a: B|U-turn|p1a: Tapu Lele
|-damage|p1a: Tapu Lele|60/100
|
|t:|1641878631
|switch|p2a: C|Tapu Lele, shiny|64/100|[from]move: U-turn
|
|-end|p1a: Tapu Lele|move: Future Sight
|-resisted|p1a: Tapu Lele
|-damage|p1a: Tapu Lele|8/100
|upkeep
|turn|4
|
|t:|1641878641
|move|p1a: Tapu Lele|Shadow Ball|p2a: C
|-supereffective|p2a: C
|-damage|p2a: C|6/100
|move|p2a: C|Moonblast|p1a: Tapu Lele
|-damage|p1a: Tapu Lele|0 fnt
|faint|p1a: Tapu Lele
|
|upkeep
|
|t:|1641878650
|switch|p1a: Latios|Latios, M|100/100
|turn|5
|
|t:|1641878655
|move|p2a: C|Moonblast|p1a: Latios
|-supereffective|p1a: Latios
|-damage|p1a: Latios|0 fnt
|faint|p1a: Latios
|
|-fieldend|move: Psychic Terrain
|upkeep
|
|t:|1641878661
|switch|p1a: Heatran|Heatran, F|100/100
|-item|p1a: Heatran|Air Balloon
|turn|6
|
|t:|1641878666
|switch|p2a: D|Slowking-Galar, M|100/100
|switch|p1a: Swampert|Swampert, M|100/100
|
|upkeep
|turn|7
|
|t:|1641878673
|move|p1a: Swampert|Stealth Rock|p2a: D
|-sidestart|p2: MarshadowShadowLol|move: Stealth Rock
|move|p2a: D|Future Sight|p1a: Swampert
|-start|p2a: D|move: Future Sight
|
|upkeep
|turn|8
|j| Shade Limit
|
|t:|1641878678
|switch|p2a: E|Corviknight, F|100/100
|-damage|p2a: E|88/100|[from] Stealth Rock
|-ability|p2a: E|Pressure
|move|p1a: Swampert|Flip Turn|p2a: E
|-damage|p2a: E|74/100
|-damage|p1a: Swampert|84/100|[from] item: Rocky Helmet|[of] p2a: E
|l| Shade Limit
|
|t:|1641878681
|switch|p1a: Bisharp|Bisharp, M|100/100|[from]move: Flip Turn
|
|upkeep
|turn|9
|
|t:|1641878685
|move|p1a: Bisharp|Swords Dance|p1a: Bisharp
|-boost|p1a: Bisharp|atk|2
|move|p2a: E|U-turn|p1a: Bisharp
|-damage|p1a: Bisharp|87/100
|
|t:|1641878695
|switch|p2a: B|Urshifu-Rapid-Strike, F|52/100|[from]move: U-turn
|-damage|p2a: B|46/100|[from] Stealth Rock
|
|-end|p1a: Bisharp|move: Future Sight
|-immune|p1a: Bisharp
|upkeep
|turn|10
|
|t:|1641878705
|move|p1a: Bisharp|Sucker Punch|p2a: B
|-resisted|p2a: B
|-damage|p2a: B|0 fnt
|faint|p2a: B
|
|upkeep
|
|t:|1641878715
|switch|p2a: A|Zeraora|100/100
|-damage|p2a: A|88/100|[from] Stealth Rock
|turn|11
|
|t:|1641878721
|move|p1a: Bisharp|Sucker Punch|p2a: A
|-damage|p2a: A|0 fnt
|faint|p2a: A
|
|upkeep
|
|t:|1641878724
|switch|p2a: E|Corviknight, F|74/100
|-damage|p2a: E|62/100|[from] Stealth Rock
|-ability|p2a: E|Pressure
|turn|12
|j| 4seulgi
|
|t:|1641878727
|move|p1a: Bisharp|Knock Off|p2a: E
|-damage|p2a: E|0 fnt
|-damage|p1a: Bisharp|70/100|[from] item: Rocky Helmet|[of] p2a: E
|-enditem|p2a: E|Rocky Helmet|[from] move: Knock Off|[of] p1a: Bisharp
|faint|p2a: E
|
|upkeep
|
|t:|1641878731
|switch|p2a: C|Tapu Lele, shiny|6/100
|-damage|p2a: C|0 fnt|[from] Stealth Rock
|faint|p2a: C
|
|t:|1641878734
|switch|p2a: D|Slowking-Galar, M|100/100
|-damage|p2a: D|88/100|[from] Stealth Rock
|turn|13
|-message|MarshadowShadowLol forfeited.
|
|win|CaseyAnthnysBaby
|n|☆CaseyAnthnysBaby|caseyanthnysbaby
|n|☆MarshadowShadowLol|marshadowshadowlol
|n| 4seulgi|4seulgi
|l|☆MarshadowShadowLol
|l| 4seulgi
