|j|☆hchw90
|j|☆Elmerulia
|t:|1641829993
|gametype|singles
|player|p1|hchw90|102|1573
|player|p2|Elmerulia|jasmine|1552
|teamsize|p1|6
|teamsize|p2|6
|gen|8
|tier|[Gen 8] OU
|rated|
|rule|Sleep Clause Mod: Limit one foe put to sleep
|rule|Species Clause: Limit one of each Pokémon
|rule|OHKO Clause: OHKO moves are banned
|rule|Evasion Moves Clause: Evasion moves are banned
|rule|Endless Battle Clause: Forcing endless battles is banned
|rule|HP Percentage Mod: HP is shown in percentages
|rule|Dynamax Clause: You cannot dynamax
|clearpoke
|poke|p1|Chansey, F|
|poke|p1|Heatran, M|
|poke|p1|Rotom-Wash|
|poke|p1|Dragapult, F|
|poke|p1|Zapdos|
|poke|p1|Landorus-Therian, M|
|poke|p2|Lilligant, F|
|poke|p2|Magnezone|
|poke|p2|Tapu Koko|
|poke|p2|Garchomp, M|
|poke|p2|Tapu Fini|
|poke|p2|Aegislash, F|
|teampreview
|inactive|Battle timer is ON: inactive players will automatically lose when time's up. (requested by Elmerulia)
|
|t:|1641830011
|start
|switch|p1a: Rotom|Rotom-Wash|100/100
|switch|p2a: Tapu Fini|Tapu Fini|100/100
|-fieldstart|move: Misty Terrain|[from] ability: Misty Surge|[of] p2a: Tapu Fini
|turn|1
|
|t:|1641830018
|switch|p2a: Garchomp|Garchomp, M|100/100
|move|p1a: Rotom|Trick|p2a: Garchomp
|-activate|p1a: Rotom|move: Trick|[of] p2a: Garchomp
|-item|p2a: Garchomp|Choice Scarf|[from] move: Trick
|-item|p1a: Rotom|Leftovers|[from] move: Trick
|
|upkeep
|turn|2
|
|t:|1641830033
|switch|p1a: Landorus|Landorus-Therian, M|100/100
|-ability|p1a: Landorus|Intimidate|boost
|-unboost|p2a: Garchomp|atk|1
|move|p2a: Garchomp|Stealth Rock|p1a: Landorus
|-sidestart|p1: hchw90|move: Stealth Rock
|
|upkeep
|turn|3
|
|t:|1641830037
|switch|p2a: Tapu Fini|Tapu Fini|100/100
|move|p1a: Landorus|Stealth Rock|p2a: Tapu Fini
|-sidestart|p2: Elmerulia|move: Stealth Rock
|
|upkeep
|turn|4
|
|t:|1641830059
|switch|p1a: Chansey|Chansey, F|100/100
|-damage|p1a: Chansey|88/100|[from] Stealth Rock
|move|p2a: Tapu Fini|Trick|p1a: Chansey
|-activate|p2a: Tapu Fini|move: Trick|[of] p1a: Chansey
|-item|p1a: Chansey|Choice Scarf|[from] move: Trick
|-item|p2a: Tapu Fini|Eviolite|[from] move: Trick
|
|upkeep
|turn|5
|inactive|hchw90 has 120 seconds left.
|
|t:|1641830079
|switch|p1a: Rotom|Rotom-Wash|100/100
|-damage|p1a: Rotom|88/100|[from] Stealth Rock
|move|p2a: Tapu Fini|Taunt|p1a: Rotom
|-start|p1a: Rotom|move: Taunt
|
|-heal|p1a: Rotom|94/100|[from] item: Leftovers
|-fieldend|Misty Terrain
|upkeep
|turn|6
|
|t:|1641830086
|switch|p2a: Garchomp|Garchomp, M|100/100
|-damage|p2a: Garchomp|94/100|[from] Stealth Rock
|move|p1a: Rotom|Thunderbolt|p2a: Garchomp
|-immune|p2a: Garchomp
|
|-heal|p1a: Rotom|100/100|[from] item: Leftovers
|upkeep
|turn|7
|
|t:|1641830095
|switch|p1a: Landorus|Landorus-Therian, M|100/100
|-damage|p1a: Landorus|88/100|[from] Stealth Rock
|-ability|p1a: Landorus|Intimidate|boost
|-unboost|p2a: Garchomp|atk|1
|move|p2a: Garchomp|Earthquake|p1a: Landorus
|-immune|p1a: Landorus
|
|upkeep
|turn|8
|
|t:|1641830103
|switch|p2a: Tapu Fini|Tapu Fini|100/100
|-damage|p2a: Tapu Fini|88/100|[from] Stealth Rock
|-fieldstart|move: Misty Terrain|[from] ability: Misty Surge|[of] p2a: Tapu Fini
|move|p1a: Landorus|Earthquake|p2a: Tapu Fini
|-damage|p2a: Tapu Fini|52/100
|
|upkeep
|turn|9
|
|t:|1641830112
|switch|p1a: Chansey|Chansey, F|88/100
|-damage|p1a: Chansey|76/100|[from] Stealth Rock
|move|p2a: Tapu Fini|Trick|p1a: Chansey
|-activate|p2a: Tapu Fini|move: Trick|[of] p1a: Chansey
|-item|p1a: Chansey|Eviolite|[from] move: Trick
|-item|p2a: Tapu Fini|Choice Scarf|[from] move: Trick
|
|upkeep
|turn|10
|
|t:|1641830114
|move|p2a: Tapu Fini|Trick|p1a: Chansey
|-activate|p2a: Tapu Fini|move: Trick|[of] p1a: Chansey
|-item|p1a: Chansey|Choice Scarf|[from] move: Trick
|-item|p2a: Tapu Fini|Eviolite|[from] move: Trick
|move|p1a: Chansey|Seismic Toss|p2a: Tapu Fini
|-damage|p2a: Tapu Fini|22/100
|
|upkeep
|turn|11
|
|t:|1641830121
|switch|p2a: Aegislash|Aegislash, F|100/100
|-damage|p2a: Aegislash|94/100|[from] Stealth Rock
|move|p1a: Chansey|Seismic Toss|p2a: Aegislash
|-immune|p2a: Aegislash
|
|upkeep
|turn|12
|
|t:|1641830128
|switch|p1a: Heatran|Heatran, M|100/100
|-damage|p1a: Heatran|88/100|[from] Stealth Rock
|-item|p1a: Heatran|Air Balloon
|-formechange|p2a: Aegislash|Aegislash-Blade||[from] ability: Stance Change
|move|p2a: Aegislash|Shadow Ball|p1a: Heatran
|-damage|p1a: Heatran|54/100
|-enditem|p1a: Heatran|Air Balloon
|
|-fieldend|Misty Terrain
|upkeep
|turn|13
|
|t:|1641830137
|switch|p2a: Garchomp|Garchomp, M|94/100
|-damage|p2a: Garchomp|88/100|[from] Stealth Rock
|move|p1a: Heatran|Lava Plume|p2a: Garchomp
|-resisted|p2a: Garchomp
|-damage|p2a: Garchomp|73/100
|
|upkeep
|turn|14
|
|t:|1641830144
|switch|p1a: Landorus|Landorus-Therian, M|88/100
|-damage|p1a: Landorus|76/100|[from] Stealth Rock
|-ability|p1a: Landorus|Intimidate|boost
|-unboost|p2a: Garchomp|atk|1
|move|p2a: Garchomp|Earthquake|p1a: Landorus
|-immune|p1a: Landorus
|
|upkeep
|turn|15
|
|t:|1641830150
|switch|p2a: Tapu Fini|Tapu Fini|22/100
|-damage|p2a: Tapu Fini|10/100|[from] Stealth Rock
|-fieldstart|move: Misty Terrain|[from] ability: Misty Surge|[of] p2a: Tapu Fini
|move|p1a: Landorus|Earthquake|p2a: Tapu Fini
|-damage|p2a: Tapu Fini|0 fnt
|faint|p2a: Tapu Fini
|
|upkeep
|-message|Elmerulia forfeited.
|
|win|hchw90
|raw|hchw90's rating: 1573 &rarr; <strong>1592</strong><br />(+19 for winning)
|raw|Elmerulia's rating: 1552 &rarr; <strong>1533</strong><br />(-19 for losing)
|l|☆Elmerulia
