|j|‽ufjdghgf
|j|☆godhome
|t:|1641834745
|gametype|singles
|player|p1|ufjdghgf|101|1075
|player|p2|godhome|169|1024
|teamsize|p1|6
|teamsize|p2|6
|gen|8
|tier|[Gen 8] OU
|rated|
|rule|Sleep Clause Mod: Limit one foe put to sleep
|rule|Species Clause: Limit one of each Pokémon
|rule|OHKO Clause: OHKO moves are banned
|rule|Evasion Moves Clause: Evasion moves are banned
|rule|Endless Battle Clause: Forcing endless battles is banned
|rule|HP Percentage Mod: HP is shown in percentages
|rule|Dynamax Clause: You cannot dynamax
|clearpoke
|poke|p1|Kartana|
|poke|p1|Rillaboom, M|
|poke|p1|Excadrill, M|
|poke|p1|Heatran, F|
|poke|p1|Landorus-Therian, M|
|poke|p1|Suicune|
|poke|p2|Bisharp, F|
|poke|p2|Noivern, M|
|poke|p2|Blissey, F|
|poke|p2|Barraskewda, M|
|poke|p2|Blacephalon|
|poke|p2|Landorus-Therian, M|
|teampreview
|inactive|Battle timer is ON: inactive players will automatically lose when time's up. (requested by ufjdghgf)
|
|t:|1641834750
|start
|switch|p1a: Heatran|Heatran, F|100/100
|switch|p2a: Barraskewda|Barraskewda, M|100/100
|-item|p1a: Heatran|Air Balloon
|turn|1
|
|t:|1641834759
|switch|p1a: Suicune|Suicune|100/100
|-ability|p1a: Suicune|Pressure
|move|p2a: Barraskewda|Rain Dance|p2a: Barraskewda
|-weather|RainDance
|
|-weather|RainDance|[upkeep]
|upkeep
|turn|2
|
|t:|1641834772
|move|p1a: Suicune|Protect|p1a: Suicune
|-singleturn|p1a: Suicune|Protect
|move|p2a: Barraskewda|Ice Fang|p1a: Suicune
|-activate|p1a: Suicune|move: Protect
|
|-weather|RainDance|[upkeep]
|upkeep
|turn|3
|
|t:|1641834792
|switch|p2a: Bisharp|Bisharp, F|100/100
|move|p1a: Suicune|Scald|p2a: Bisharp
|-damage|p2a: Bisharp|50/100
|-status|p2a: Bisharp|brn
|
|-weather|RainDance|[upkeep]
|-damage|p2a: Bisharp|44/100 brn|[from] brn
|upkeep
|turn|4
|
|t:|1641834800
|move|p1a: Suicune|Substitute|p1a: Suicune
|-start|p1a: Suicune|Substitute
|-damage|p1a: Suicune|75/100
|move|p2a: Bisharp|Grass Knot|p1a: Suicune
|-supereffective|p1a: Suicune
|-activate|p1a: Suicune|move: Substitute|[damage]
|
|-weather|RainDance|[upkeep]
|-heal|p1a: Suicune|82/100|[from] item: Leftovers
|-damage|p2a: Bisharp|38/100 brn|[from] brn
|upkeep
|turn|5
|
|t:|1641834809
|move|p1a: Suicune|Calm Mind|p1a: Suicune
|-boost|p1a: Suicune|spa|1
|-boost|p1a: Suicune|spd|1
|move|p2a: Bisharp|Grass Knot|p1a: Suicune
|-supereffective|p1a: Suicune
|-end|p1a: Suicune|Substitute
|
|-weather|RainDance|[upkeep]
|-heal|p1a: Suicune|88/100|[from] item: Leftovers
|-damage|p2a: Bisharp|32/100 brn|[from] brn
|upkeep
|turn|6
|
|t:|1641834824
|move|p1a: Suicune|Calm Mind|p1a: Suicune
|-boost|p1a: Suicune|spa|1
|-boost|p1a: Suicune|spd|1
|move|p2a: Bisharp|Grass Knot|p1a: Suicune
|-supereffective|p1a: Suicune
|-damage|p1a: Suicune|78/100
|
|-weather|RainDance|[upkeep]
|-heal|p1a: Suicune|84/100|[from] item: Leftovers
|-damage|p2a: Bisharp|26/100 brn|[from] brn
|upkeep
|turn|7
|
|t:|1641834836
|move|p1a: Suicune|Calm Mind|p1a: Suicune
|-boost|p1a: Suicune|spa|1
|-boost|p1a: Suicune|spd|1
|move|p2a: Bisharp|Knock Off|p1a: Suicune
|-damage|p1a: Suicune|69/100
|-enditem|p1a: Suicune|Leftovers|[from] move: Knock Off|[of] p2a: Bisharp
|
|-weather|RainDance|[upkeep]
|-damage|p2a: Bisharp|20/100 brn|[from] brn
|upkeep
|turn|8
|
|t:|1641834846
|move|p1a: Suicune|Scald|p2a: Bisharp
|-damage|p2a: Bisharp|0 fnt
|faint|p2a: Bisharp
|
|-weather|none
|upkeep
|
|t:|1641834860
|switch|p2a: Blissey|Blissey, F|100/100
|turn|9
|
|t:|1641834864
|move|p1a: Suicune|Scald|p2a: Blissey
|-damage|p2a: Blissey|78/100
|-status|p2a: Blissey|brn
|move|p2a: Blissey|Dazzling Gleam|p1a: Suicune
|-damage|p1a: Suicune|64/100
|
|-damage|p2a: Blissey|72/100 brn|[from] brn
|upkeep
|turn|10
|
|t:|1641834875
|move|p1a: Suicune|Scald|p2a: Blissey
|-damage|p2a: Blissey|52/100 brn
|move|p2a: Blissey|Rest|p2a: Blissey
|-status|p2a: Blissey|slp|[from] move: Rest
|-heal|p2a: Blissey|100/100 slp|[silent]
|-enditem|p2a: Blissey|Chesto Berry|[eat]
|-curestatus|p2a: Blissey|slp|[msg]
|
|upkeep
|turn|11
|
|t:|1641834883
|switch|p1a: Kartana|Kartana|100/100
|move|p2a: Blissey|Recycle|p2a: Blissey
|-item|p2a: Blissey|Chesto Berry|[from] move: Recycle
|
|upkeep
|turn|12
|
|t:|1641834894
|switch|p2a: Blacephalon|Blacephalon|100/100
|move|p1a: Kartana|Sacred Sword|p2a: Blacephalon
|-immune|p2a: Blacephalon
|
|upkeep
|turn|13
|-activate|p2a: Blacephalon|item: Quick Claw
|
|t:|1641834900
|switch|p1a: Landorus|Landorus-Therian, M|100/100
|-ability|p1a: Landorus|Intimidate|boost
|-unboost|p2a: Blacephalon|atk|1
|move|p2a: Blacephalon|Fire Blast|p1a: Landorus
|-damage|p1a: Landorus|57/100
|
|-heal|p1a: Landorus|63/100|[from] item: Leftovers
|upkeep
|turn|14
|
|t:|1641834913
|move|p2a: Blacephalon|Shadow Ball|p1a: Landorus
|-damage|p1a: Landorus|29/100
|move|p1a: Landorus|U-turn|p2a: Blacephalon
|-resisted|p2a: Blacephalon
|-damage|p2a: Blacephalon|86/100
|
|t:|1641834919
|switch|p1a: Heatran|Heatran, F|100/100|[from]move: U-turn
|-item|p1a: Heatran|Air Balloon
|
|upkeep
|turn|15
|
|t:|1641834924
|move|p2a: Blacephalon|Fire Blast|p1a: Heatran
|-start|p1a: Heatran|ability: Flash Fire
|move|p1a: Heatran|Earth Power|p2a: Blacephalon
|-supereffective|p2a: Blacephalon
|-damage|p2a: Blacephalon|0 fnt
|faint|p2a: Blacephalon
|
|upkeep
|
|t:|1641834934
|switch|p2a: Barraskewda|Barraskewda, M|100/100
|turn|16
|
|t:|1641834940
|-end|p1a: Heatran|ability: Flash Fire|[silent]
|switch|p1a: Rillaboom|Rillaboom, M|100/100
|-fieldstart|move: Grassy Terrain|[from] ability: Grassy Surge|[of] p1a: Rillaboom
|move|p2a: Barraskewda|Aqua Jet|p1a: Rillaboom
|-resisted|p1a: Rillaboom
|-damage|p1a: Rillaboom|89/100
|
|-heal|p1a: Rillaboom|96/100|[from] Grassy Terrain
|upkeep
|turn|17
|
|t:|1641834951
|move|p1a: Rillaboom|Grassy Glide|p2a: Barraskewda
|-supereffective|p2a: Barraskewda
|-damage|p2a: Barraskewda|0 fnt
|faint|p2a: Barraskewda
|
|-heal|p1a: Rillaboom|100/100|[from] Grassy Terrain
|upkeep
|
|t:|1641834960
|switch|p2a: Noivern|Noivern, M|100/100
|turn|18
|
|t:|1641834963
|switch|p1a: Excadrill|Excadrill, M|100/100
|-ability|p1a: Excadrill|Mold Breaker
|move|p2a: Noivern|Flamethrower|p1a: Excadrill
|-supereffective|p1a: Excadrill
|-damage|p1a: Excadrill|22/100
|
|-heal|p1a: Excadrill|28/100|[from] Grassy Terrain
|-heal|p1a: Excadrill|34/100|[from] item: Leftovers
|upkeep
|turn|19
|
|t:|1641834974
|switch|p1a: Heatran|Heatran, F|100/100
|-item|p1a: Heatran|Air Balloon
|move|p2a: Noivern|Flamethrower|p1a: Heatran
|-start|p1a: Heatran|ability: Flash Fire
|
|upkeep
|turn|20
|
|t:|1641834982
|move|p2a: Noivern|Dragon Pulse|p1a: Heatran
|-resisted|p1a: Heatran
|-damage|p1a: Heatran|80/100
|-enditem|p1a: Heatran|Air Balloon
|move|p1a: Heatran|Magma Storm|p2a: Noivern
|-resisted|p2a: Noivern
|-damage|p2a: Noivern|41/100
|-activate|p2a: Noivern|move: Magma Storm|[of] p1a: Heatran
|
|-heal|p1a: Heatran|87/100|[from] Grassy Terrain
|-damage|p2a: Noivern|28/100|[from] move: Magma Storm|[partiallytrapped]
|-fieldend|move: Grassy Terrain
|upkeep
|turn|21
|
|t:|1641834996
|move|p2a: Noivern|Acrobatics|p1a: Heatran
|-resisted|p1a: Heatran
|-damage|p1a: Heatran|72/100
|move|p1a: Heatran|Flash Cannon|p2a: Noivern
|-damage|p2a: Noivern|0 fnt
|faint|p2a: Noivern
|
|upkeep
|
|t:|1641835005
|switch|p2a: Landorus|Landorus-Therian, M|100/100
|-ability|p2a: Landorus|Intimidate|boost
|-unboost|p1a: Heatran|atk|1
|turn|22
|
|t:|1641835012
|-end|p1a: Heatran|ability: Flash Fire|[silent]
|switch|p1a: Rillaboom|Rillaboom, M|100/100
|-fieldstart|move: Grassy Terrain|[from] ability: Grassy Surge|[of] p1a: Rillaboom
|move|p2a: Landorus|Hammer Arm|p1a: Rillaboom
|-damage|p1a: Rillaboom|58/100
|-unboost|p2a: Landorus|spe|1
|
|-heal|p1a: Rillaboom|64/100|[from] Grassy Terrain
|upkeep
|turn|23
|
|t:|1641835023
|move|p1a: Rillaboom|Grassy Glide|p2a: Landorus
|-damage|p2a: Landorus|13/100
|move|p2a: Landorus|Hammer Arm|p1a: Rillaboom
|-damage|p1a: Rillaboom|21/100
|-unboost|p2a: Landorus|spe|1
|
|-heal|p1a: Rillaboom|27/100|[from] Grassy Terrain
|upkeep
|turn|24
|
|t:|1641835033
|move|p1a: Rillaboom|Grassy Glide|p2a: Landorus
|-damage|p2a: Landorus|0 fnt
|faint|p2a: Landorus
|
|-heal|p1a: Rillaboom|34/100|[from] Grassy Terrain
|upkeep
|
|t:|1641835039
|switch|p2a: Blissey|Blissey, F|100/100
|turn|25
|
|t:|1641835045
|switch|p1a: Suicune|Suicune|64/100
|-ability|p1a: Suicune|Pressure
|move|p2a: Blissey|Dazzling Gleam|p1a: Suicune
|-damage|p1a: Suicune|53/100
|
|-heal|p1a: Suicune|59/100|[from] Grassy Terrain
|upkeep
|turn|26
|
|t:|1641835054
|move|p1a: Suicune|Calm Mind|p1a: Suicune
|-boost|p1a: Suicune|spa|1
|-boost|p1a: Suicune|spd|1
|move|p2a: Blissey|Dazzling Gleam|p1a: Suicune
|-damage|p1a: Suicune|52/100
|
|-heal|p1a: Suicune|58/100|[from] Grassy Terrain
|-fieldend|move: Grassy Terrain
|upkeep
|turn|27
|
|t:|1641835062
|move|p1a: Suicune|Calm Mind|p1a: Suicune
|-boost|p1a: Suicune|spa|1
|-boost|p1a: Suicune|spd|1
|move|p2a: Blissey|Dazzling Gleam|p1a: Suicune
|-damage|p1a: Suicune|53/100
|
|upkeep
|turn|28
|
|t:|1641835069
|move|p1a: Suicune|Calm Mind|p1a: Suicune
|-boost|p1a: Suicune|spa|1
|-boost|p1a: Suicune|spd|1
|move|p2a: Blissey|Dazzling Gleam|p1a: Suicune
|-damage|p1a: Suicune|48/100
|
|upkeep
|turn|29
|
|t:|1641835074
|move|p1a: Suicune|Calm Mind|p1a: Suicune
|-boost|p1a: Suicune|spa|1
|-boost|p1a: Suicune|spd|1
|move|p2a: Blissey|Dazzling Gleam|p1a: Suicune
|-damage|p1a: Suicune|45/100
|
|upkeep
|turn|30
|
|t:|1641835080
|move|p1a: Suicune|Calm Mind|p1a: Suicune
|-boost|p1a: Suicune|spa|1
|-boost|p1a: Suicune|spd|1
|move|p2a: Blissey|Dazzling Gleam|p1a: Suicune
|-damage|p1a: Suicune|41/100
|
|upkeep
|turn|31
|
|t:|1641835086
|move|p1a: Suicune|Protect|p1a: Suicune
|-singleturn|p1a: Suicune|Protect
|move|p2a: Blissey|Dazzling Gleam|p1a: Suicune
|-activate|p1a: Suicune|move: Protect
|
|upkeep
|turn|32
|
|t:|1641835092
|move|p2a: Blissey|Endure|p2a: Blissey
|-singleturn|p2a: Blissey|move: Endure
|move|p1a: Suicune|Substitute|p1a: Suicune
|-start|p1a: Suicune|Substitute
|-damage|p1a: Suicune|16/100
|
|upkeep
|turn|33
|
|t:|1641835101
|move|p2a: Blissey|Endure||[still]
|-fail|p2a: Blissey
|move|p1a: Suicune|Calm Mind|p1a: Suicune
|-boost|p1a: Suicune|spa|1
|-boost|p1a: Suicune|spd|1
|
|upkeep
|turn|34
|-message|godhome forfeited.
|
|win|ufjdghgf
|raw|ufjdghgf's rating: 1075 &rarr; <strong>1100</strong><br />(+25 for winning)
|raw|godhome's rating: 1024 &rarr; <strong>1012</strong><br />(-12 for losing)
|l|☆godhome
