|j|☆YaBoiZoot
|j|☆Valkyr999
|t:|1641741459
|gametype|singles
|player|p1|YaBoiZoot|102|1075
|player|p2|Valkyr999|steven|1109
|teamsize|p1|6
|teamsize|p2|6
|gen|8
|tier|[Gen 8] OU
|rated|
|rule|Sleep Clause Mod: Limit one foe put to sleep
|rule|Species Clause: Limit one of each Pokémon
|rule|OHKO Clause: OHKO moves are banned
|rule|Evasion Moves Clause: Evasion moves are banned
|rule|Endless Battle Clause: Forcing endless battles is banned
|rule|HP Percentage Mod: HP is shown in percentages
|rule|Dynamax Clause: You cannot dynamax
|clearpoke
|poke|p1|Zapdos-Galar|
|poke|p1|Urshifu-*, M|
|poke|p1|Tapu Fini|
|poke|p1|Blacephalon|
|poke|p1|Regieleki|
|poke|p1|Regirock|
|poke|p2|Audino, F|
|poke|p2|Mesprit|
|poke|p2|Quagsire, F|
|poke|p2|Weezing, M|
|poke|p2|Avalugg, M|
|poke|p2|Corsola-Galar, M|
|teampreview
|
|t:|1641741478
|start
|switch|p1a: Ün Ün Ün|Regirock|100/100
|switch|p2a: Andav-13|Quagsire, F|100/100
|turn|1
|
|t:|1641741483
|move|p1a: Ün Ün Ün|Stealth Rock|p2a: Andav-13
|-sidestart|p2: Valkyr999|move: Stealth Rock
|move|p2a: Andav-13|Scald|p1a: Ün Ün Ün
|-supereffective|p1a: Ün Ün Ün
|-damage|p1a: Ün Ün Ün|65/100
|
|upkeep
|turn|2
|
|t:|1641741494
|move|p1a: Ün Ün Ün|Body Press|p2a: Andav-13
|-damage|p2a: Andav-13|78/100
|move|p2a: Andav-13|Scald|p1a: Ün Ün Ün
|-supereffective|p1a: Ün Ün Ün
|-damage|p1a: Ün Ün Ün|30/100
|
|-heal|p2a: Andav-13|84/100|[from] item: Leftovers
|upkeep
|turn|3
|
|t:|1641741507
|switch|p1a: Nightwing|Tapu Fini, shiny|100/100
|move|p2a: Andav-13|Toxic|p1a: Nightwing
|-status|p1a: Nightwing|tox
|
|-heal|p2a: Andav-13|90/100|[from] item: Leftovers
|-damage|p1a: Nightwing|94/100 tox|[from] psn
|upkeep
|turn|4
|
|t:|1641741522
|switch|p2a: Panp|Weezing, M|100/100
|-damage|p2a: Panp|88/100|[from] Stealth Rock
|move|p1a: Nightwing|Toxic|p2a: Panp
|-immune|p2a: Panp
|
|-heal|p1a: Nightwing|100/100 tox|[from] item: Leftovers
|-damage|p1a: Nightwing|88/100 tox|[from] psn
|upkeep
|turn|5
|
|t:|1641741539
|switch|p1a: Big Balls John|Blacephalon, shiny|100/100
|move|p2a: Panp|Toxic Spikes|p1a: Big Balls John
|-sidestart|p1: YaBoiZoot|move: Toxic Spikes
|
|upkeep
|turn|6
|
|t:|1641741552
|move|p1a: Big Balls John|Psychic|p2a: Panp
|-supereffective|p2a: Panp
|-damage|p2a: Panp|0 fnt
|faint|p2a: Panp
|-ability|p1a: Big Balls John|Beast Boost|boost
|-boost|p1a: Big Balls John|spa|1
|
|upkeep
|
|t:|1641741564
|switch|p2a: Lylou|Audino, F|100/100
|-damage|p2a: Lylou|88/100|[from] Stealth Rock
|turn|7
|
|t:|1641741569
|move|p1a: Big Balls John|Psychic|p2a: Lylou
|-damage|p2a: Lylou|35/100
|move|p2a: Lylou|Knock Off|p1a: Big Balls John
|-supereffective|p1a: Big Balls John
|-damage|p1a: Big Balls John|27/100
|-enditem|p1a: Big Balls John|Choice Specs|[from] move: Knock Off|[of] p2a: Lylou
|
|-heal|p2a: Lylou|41/100|[from] item: Leftovers
|upkeep
|turn|8
|
|t:|1641741580
|move|p1a: Big Balls John|Flamethrower|p2a: Lylou
|-damage|p2a: Lylou|0 fnt
|faint|p2a: Lylou
|-ability|p1a: Big Balls John|Beast Boost|boost
|-boost|p1a: Big Balls John|spa|1
|
|upkeep
|
|t:|1641741586
|switch|p2a: Nono|Mesprit|100/100
|-damage|p2a: Nono|88/100|[from] Stealth Rock
|turn|9
|
|t:|1641741592
|move|p2a: Nono|Psychic|p1a: Big Balls John
|-damage|p1a: Big Balls John|0 fnt
|faint|p1a: Big Balls John
|
|upkeep
|
|t:|1641741606
|switch|p1a: Nightwing|Tapu Fini, shiny|88/100 tox
|turn|10
|
|t:|1641741614
|switch|p2a: Dastan|Corsola-Galar, M, shiny|100/100
|-damage|p2a: Dastan|88/100|[from] Stealth Rock
|move|p1a: Nightwing|Toxic|p2a: Dastan
|-status|p2a: Dastan|tox
|
|-heal|p1a: Nightwing|94/100 tox|[from] item: Leftovers
|-damage|p1a: Nightwing|88/100 tox|[from] psn
|-damage|p2a: Dastan|82/100 tox|[from] psn
|upkeep
|turn|11
|
|t:|1641741625
|move|p1a: Nightwing|Defog|p2a: Dastan
|-unboost|p2a: Dastan|evasion|1
|-sideend|p2: Valkyr999|Stealth Rock|[from] move: Defog|[of] p1a: Nightwing
|-sideend|p1: YaBoiZoot|Toxic Spikes|[from] move: Defog|[of] p1a: Nightwing
|move|p2a: Dastan|Whirlpool|p1a: Nightwing
|-resisted|p1a: Nightwing
|-damage|p1a: Nightwing|86/100 tox
|-activate|p1a: Nightwing|move: Whirlpool|[of] p2a: Dastan
|
|-heal|p1a: Nightwing|92/100 tox|[from] item: Leftovers
|-damage|p1a: Nightwing|80/100 tox|[from] psn
|-damage|p2a: Dastan|70/100 tox|[from] psn
|-damage|p1a: Nightwing|68/100 tox|[from] move: Whirlpool|[partiallytrapped]
|upkeep
|turn|12
|
|t:|1641741637
|move|p1a: Nightwing|Moonblast|p2a: Dastan
|-damage|p2a: Dastan|41/100 tox
|-unboost|p2a: Dastan|spa|1
|-start|p1a: Nightwing|Disable|Moonblast|[from] ability: Cursed Body|[of] p2a: Dastan
|move|p2a: Dastan|Stealth Rock|p1a: Nightwing
|-sidestart|p1: YaBoiZoot|move: Stealth Rock
|
|-heal|p1a: Nightwing|74/100 tox|[from] item: Leftovers
|-damage|p1a: Nightwing|56/100 tox|[from] psn
|-damage|p2a: Dastan|22/100 tox|[from] psn
|-damage|p1a: Nightwing|43/100 tox|[from] move: Whirlpool|[partiallytrapped]
|upkeep
|turn|13
|
|t:|1641741649
|move|p1a: Nightwing|Defog|p2a: Dastan
|-unboost|p2a: Dastan|evasion|1
|-sideend|p1: YaBoiZoot|Stealth Rock|[from] move: Defog|[of] p1a: Nightwing
|move|p2a: Dastan|Strength Sap|p1a: Nightwing
|-unboost|p1a: Nightwing|atk|1
|-heal|p2a: Dastan|65/100 tox
|
|-heal|p1a: Nightwing|50/100 tox|[from] item: Leftovers
|-damage|p1a: Nightwing|25/100 tox|[from] psn
|-damage|p2a: Dastan|41/100 tox|[from] psn
|-damage|p1a: Nightwing|13/100 tox|[from] move: Whirlpool|[partiallytrapped]
|upkeep
|turn|14
|
|t:|1641741672
|move|p1a: Nightwing|Protect|p1a: Nightwing
|-singleturn|p1a: Nightwing|Protect
|move|p2a: Dastan|Strength Sap|p1a: Nightwing
|-activate|p1a: Nightwing|move: Protect
|
|-heal|p1a: Nightwing|19/100 tox|[from] item: Leftovers
|-damage|p1a: Nightwing|0 fnt|[from] psn
|faint|p1a: Nightwing
|-damage|p2a: Dastan|10/100 tox|[from] psn
|upkeep
|
|t:|1641741684
|switch|p1a: Loski|Regieleki|100/100
|turn|15
|
|t:|1641741702
|switch|p1a: Freddy|Urshifu-Rapid-Strike, M|100/100
|move|p2a: Dastan|Strength Sap|p1a: Freddy
|-unboost|p1a: Freddy|atk|1
|-heal|p2a: Dastan|100/100 tox
|
|-damage|p2a: Dastan|63/100 tox|[from] psn
|upkeep
|turn|16
|
|t:|1641741716
|switch|p2a: Andav-13|Quagsire, F|90/100
|move|p1a: Freddy|Waterfall|p2a: Andav-13
|-heal|p2a: Andav-13|100/100|[from] ability: Water Absorb|[of] p1a: Freddy
|
|upkeep
|turn|17
|
|t:|1641741725
|switch|p1a: Sweet Dee|Zapdos-Galar|100/100
|move|p2a: Andav-13|Toxic|p1a: Sweet Dee
|-status|p1a: Sweet Dee|tox
|
|-damage|p1a: Sweet Dee|94/100 tox|[from] psn
|upkeep
|turn|18
|
|t:|1641741750
|move|p1a: Sweet Dee|Thunderous Kick|p2a: Andav-13
|-damage|p2a: Andav-13|44/100
|-unboost|p2a: Andav-13|def|1
|move|p2a: Andav-13|Scald|p1a: Sweet Dee
|-crit|p1a: Sweet Dee
|-damage|p1a: Sweet Dee|62/100 tox
|
|-heal|p2a: Andav-13|50/100|[from] item: Leftovers
|-damage|p1a: Sweet Dee|50/100 tox|[from] psn
|upkeep
|turn|19
|
|t:|1641741763
|switch|p2a: Dudu|Avalugg, M|100/100
|move|p1a: Sweet Dee|Thunderous Kick|p2a: Dudu
|-supereffective|p2a: Dudu
|-crit|p2a: Dudu
|-damage|p2a: Dudu|15/100
|-unboost|p2a: Dudu|def|1
|
|-damage|p1a: Sweet Dee|31/100 tox|[from] psn
|upkeep
|turn|20
|
|t:|1641741790
|move|p1a: Sweet Dee|Thunderous Kick|p2a: Dudu
|-supereffective|p2a: Dudu
|-damage|p2a: Dudu|0 fnt
|faint|p2a: Dudu
|
|-damage|p1a: Sweet Dee|6/100 tox|[from] psn
|upkeep
|
|t:|1641741797
|switch|p2a: Nono|Mesprit|88/100
|turn|21
|
|t:|1641741801
|move|p2a: Nono|Psychic|p1a: Sweet Dee
|-supereffective|p1a: Sweet Dee
|-damage|p1a: Sweet Dee|0 fnt
|faint|p1a: Sweet Dee
|
|upkeep
|
|t:|1641741807
|switch|p1a: Loski|Regieleki|100/100
|turn|22
|
|t:|1641741815
|switch|p2a: Andav-13|Quagsire, F|50/100
|move|p1a: Loski|Thunderbolt|p2a: Andav-13
|-immune|p2a: Andav-13
|
|-heal|p2a: Andav-13|56/100|[from] item: Leftovers
|upkeep
|turn|23
|
|t:|1641741822
|switch|p1a: Freddy|Urshifu-Rapid-Strike, M|100/100
|move|p2a: Andav-13|Toxic|p1a: Freddy
|-status|p1a: Freddy|tox
|
|-heal|p2a: Andav-13|62/100|[from] item: Leftovers
|-damage|p1a: Freddy|94/100 tox|[from] psn
|upkeep
|turn|24
|
|t:|1641741835
|move|p1a: Freddy|Waterfall|p2a: Andav-13
|-heal|p2a: Andav-13|87/100|[from] ability: Water Absorb|[of] p1a: Freddy
|move|p2a: Andav-13|Recover|p2a: Andav-13
|-heal|p2a: Andav-13|100/100
|
|-damage|p1a: Freddy|82/100 tox|[from] psn
|upkeep
|turn|25
|
|t:|1641741842
|move|p1a: Freddy|Ice Punch|p2a: Andav-13
|-damage|p2a: Andav-13|73/100
|-damage|p1a: Freddy|72/100 tox|[from] item: Life Orb
|move|p2a: Andav-13|Earthquake|p1a: Freddy
|-crit|p1a: Freddy
|-damage|p1a: Freddy|29/100 tox
|
|-heal|p2a: Andav-13|79/100|[from] item: Leftovers
|-damage|p1a: Freddy|10/100 tox|[from] psn
|upkeep
|turn|26
|
|t:|1641741851
|move|p1a: Freddy|Close Combat|p2a: Andav-13
|-damage|p2a: Andav-13|13/100
|-unboost|p1a: Freddy|def|1
|-unboost|p1a: Freddy|spd|1
|-damage|p1a: Freddy|0 fnt|[from] item: Life Orb
|faint|p1a: Freddy
|move|p2a: Andav-13|Recover|p2a: Andav-13
|-heal|p2a: Andav-13|63/100
|
|-heal|p2a: Andav-13|69/100|[from] item: Leftovers
|upkeep
|
|t:|1641741861
|switch|p1a: Ün Ün Ün|Regirock|30/100
|turn|27
|
|t:|1641741868
|move|p1a: Ün Ün Ün|Explosion|p2a: Andav-13
|-enditem|p1a: Ün Ün Ün|Normal Gem|[from] gem
|-damage|p2a: Andav-13|5/100
|faint|p1a: Ün Ün Ün
|move|p2a: Andav-13|Scald|p1: Ün Ün Ün|[notarget]
|-fail|p2a: Andav-13
|
|-heal|p2a: Andav-13|11/100|[from] item: Leftovers
|upkeep
|
|t:|1641741875
|switch|p1a: Loski|Regieleki|100/100
|turn|28
|
|t:|1641741878
|move|p1a: Loski|Ancient Power|p2a: Andav-13
|-resisted|p2a: Andav-13
|-damage|p2a: Andav-13|0 fnt
|faint|p2a: Andav-13
|
|upkeep
|
|t:|1641741882
|switch|p2a: Dastan|Corsola-Galar, M, shiny|63/100 tox
|turn|29
|
|t:|1641741886
|move|p1a: Loski|Ancient Power|p2a: Dastan
|-damage|p2a: Dastan|44/100 tox
|move|p2a: Dastan|Strength Sap|p1a: Loski
|-unboost|p1a: Loski|atk|1
|-heal|p2a: Dastan|100/100 tox
|
|-damage|p2a: Dastan|94/100 tox|[from] psn
|upkeep
|turn|30
|
|t:|1641741894
|move|p1a: Loski|Ancient Power|p2a: Dastan
|-damage|p2a: Dastan|75/100 tox
|move|p2a: Dastan|Whirlpool|p1a: Loski
|-damage|p1a: Loski|92/100
|-activate|p1a: Loski|move: Whirlpool|[of] p2a: Dastan
|
|-damage|p2a: Dastan|63/100 tox|[from] psn
|-damage|p1a: Loski|80/100|[from] move: Whirlpool|[partiallytrapped]
|upkeep
|turn|31
|
|t:|1641741902
|move|p1a: Loski|Ancient Power|p2a: Dastan
|-damage|p2a: Dastan|42/100 tox
|move|p2a: Dastan|Night Shade|p1a: Loski
|-damage|p1a: Loski|52/100
|
|-damage|p2a: Dastan|23/100 tox|[from] psn
|-damage|p1a: Loski|40/100|[from] move: Whirlpool|[partiallytrapped]
|upkeep
|turn|32
|
|t:|1641741910
|move|p1a: Loski|Ancient Power|p2a: Dastan
|-damage|p2a: Dastan|3/100 tox
|-start|p1a: Loski|Disable|Ancient Power|[from] ability: Cursed Body|[of] p2a: Dastan
|move|p2a: Dastan|Night Shade|p1a: Loski
|-damage|p1a: Loski|12/100
|
|-damage|p2a: Dastan|0 fnt|[from] psn
|faint|p2a: Dastan
|-end|p1a: Loski|Whirlpool|[partiallytrapped]|[silent]
|upkeep
|
|t:|1641741918
|switch|p2a: Nono|Mesprit|88/100
|turn|33
|
|t:|1641741922
|-activate|p1a: Loski|move: Struggle
|move|p1a: Loski|Struggle|p2a: Nono
|-damage|p2a: Nono|82/100
|-damage|p1a: Loski|0 fnt|[from] recoil
|faint|p1a: Loski
|
|win|Valkyr999
|raw|YaBoiZoot's rating: 1075 &rarr; <strong>1056</strong><br />(-19 for losing)
|raw|Valkyr999's rating: 1109 &rarr; <strong>1132</strong><br />(+23 for winning)
|l|☆YaBoiZoot
