|j|☆Lucwasz
|j|☆Ghidx
|t:|1641764204
|gametype|singles
|player|p1|Lucwasz|265|1440
|player|p2|Ghidx|lucas|1410
|teamsize|p1|6
|teamsize|p2|6
|gen|8
|tier|[Gen 8] OU
|rated|
|rule|Sleep Clause Mod: Limit one foe put to sleep
|rule|Species Clause: Limit one of each Pokémon
|rule|OHKO Clause: OHKO moves are banned
|rule|Evasion Moves Clause: Evasion moves are banned
|rule|Endless Battle Clause: Forcing endless battles is banned
|rule|HP Percentage Mod: HP is shown in percentages
|rule|Dynamax Clause: You cannot dynamax
|clearpoke
|poke|p1|Clefable, F|
|poke|p1|Toxapex, F|
|poke|p1|Ferrothorn, F|
|poke|p1|Blissey, F|
|poke|p1|Corviknight, F|
|poke|p1|Hippowdon, F|
|poke|p2|Froslass, F|
|poke|p2|Bisharp, F|
|poke|p2|Landorus-Therian, M|
|poke|p2|Zapdos-Galar|
|poke|p2|Dragapult, F|
|poke|p2|Heatran, M|
|teampreview
|inactive|Battle timer is ON: inactive players will automatically lose when time's up. (requested by Ghidx)
|
|t:|1641764231
|start
|switch|p1a: Hippowdon|Hippowdon, F|100/100
|switch|p2a: Froslass|Froslass, F|100/100
|-weather|Sandstorm|[from] ability: Sand Stream|[of] p1a: Hippowdon
|turn|1
|
|t:|1641764241
|switch|p1a: Blissey|Blissey, F|100/100
|move|p2a: Froslass|Spikes|p1a: Blissey
|-sidestart|p1: Lucwasz|Spikes
|
|-weather|Sandstorm|[upkeep]
|-damage|p2a: Froslass|94/100|[from] Sandstorm
|-damage|p1a: Blissey|94/100|[from] Sandstorm
|-heal|p1a: Blissey|100/100|[from] item: Leftovers
|upkeep
|turn|2
|
|t:|1641764248
|move|p2a: Froslass|Spikes|p1a: Blissey
|-sidestart|p1: Lucwasz|Spikes
|move|p1a: Blissey|Thunder Wave|p2a: Froslass
|-status|p2a: Froslass|par
|
|-weather|Sandstorm|[upkeep]
|-damage|p2a: Froslass|88/100 par|[from] Sandstorm
|-damage|p1a: Blissey|94/100|[from] Sandstorm
|-heal|p1a: Blissey|100/100|[from] item: Leftovers
|upkeep
|turn|3
|
|t:|1641764256
|switch|p1a: Corviknight|Corviknight, F|100/100
|-ability|p1a: Corviknight|Pressure
|move|p2a: Froslass|Spikes|p1a: Corviknight
|-sidestart|p1: Lucwasz|Spikes
|
|-weather|Sandstorm|[upkeep]
|-damage|p2a: Froslass|82/100 par|[from] Sandstorm
|upkeep
|turn|4
|
|t:|1641764263
|switch|p2a: Heatran|Heatran, M|100/100
|move|p1a: Corviknight|Defog|p2a: Heatran
|-unboost|p2a: Heatran|evasion|1
|-sideend|p1: Lucwasz|Spikes|[from] move: Defog|[of] p1a: Corviknight
|
|-weather|Sandstorm|[upkeep]
|upkeep
|turn|5
|
|t:|1641764273
|switch|p1a: Clefable|Clefable, F, shiny|100/100
|move|p2a: Heatran|Magma Storm|p1a: Clefable|[miss]
|-miss|p2a: Heatran|p1a: Clefable
|
|-weather|none
|upkeep
|turn|6
|
|t:|1641764279
|move|p2a: Heatran|Magma Storm|p1a: Clefable
|-damage|p1a: Clefable|61/100
|-activate|p1a: Clefable|move: Magma Storm|[of] p2a: Heatran
|move|p1a: Clefable|Moonblast|p2a: Heatran
|-resisted|p2a: Heatran
|-damage|p2a: Heatran|96/100
|
|-heal|p2a: Heatran|100/100|[from] item: Leftovers
|-heal|p1a: Clefable|67/100|[from] item: Leftovers
|upkeep
|turn|7
|
|t:|1641764288
|move|p1a: Clefable|Protect|p1a: Clefable
|-singleturn|p1a: Clefable|Protect
|move|p2a: Heatran|Taunt|p1a: Clefable
|-activate|p1a: Clefable|move: Protect
|
|-heal|p1a: Clefable|73/100|[from] item: Leftovers
|upkeep
|turn|8
|
|t:|1641764294
|move|p2a: Heatran|Taunt|p1a: Clefable
|-start|p1a: Clefable|move: Taunt
|move|p1a: Clefable|Moonblast|p2a: Heatran
|-resisted|p2a: Heatran
|-damage|p2a: Heatran|96/100
|
|-heal|p2a: Heatran|100/100|[from] item: Leftovers
|-heal|p1a: Clefable|79/100|[from] item: Leftovers
|upkeep
|turn|9
|
|t:|1641764302
|move|p2a: Heatran|Magma Storm|p1a: Clefable
|-damage|p1a: Clefable|42/100
|move|p1a: Clefable|Moonblast|p2a: Heatran
|-resisted|p2a: Heatran
|-damage|p2a: Heatran|96/100
|
|-heal|p2a: Heatran|100/100|[from] item: Leftovers
|-heal|p1a: Clefable|48/100|[from] item: Leftovers
|upkeep
|turn|10
|
|t:|1641764311
|move|p2a: Heatran|Magma Storm|p1a: Clefable
|-damage|p1a: Clefable|10/100
|move|p1a: Clefable|Moonblast|p2a: Heatran
|-resisted|p2a: Heatran
|-damage|p2a: Heatran|96/100
|
|-heal|p2a: Heatran|100/100|[from] item: Leftovers
|-heal|p1a: Clefable|16/100|[from] item: Leftovers
|-end|p1a: Clefable|move: Taunt
|upkeep
|turn|11
|
|t:|1641764320
|move|p1a: Clefable|Protect|p1a: Clefable
|-singleturn|p1a: Clefable|Protect
|move|p2a: Heatran|Earth Power|p1a: Clefable
|-activate|p1a: Clefable|move: Protect
|
|-heal|p1a: Clefable|23/100|[from] item: Leftovers
|-end|p1a: Clefable|Magma Storm|[partiallytrapped]
|upkeep
|turn|12
|
|t:|1641764327
|switch|p1a: Hippowdon|Hippowdon, F|100/100
|-weather|Sandstorm|[from] ability: Sand Stream|[of] p1a: Hippowdon
|move|p2a: Heatran|Taunt|p1a: Hippowdon
|-start|p1a: Hippowdon|move: Taunt
|
|-weather|Sandstorm|[upkeep]
|upkeep
|turn|13
|
|t:|1641764335
|switch|p2a: Landorus|Landorus-Therian, M|100/100
|-ability|p2a: Landorus|Intimidate|boost
|-unboost|p1a: Hippowdon|atk|1
|move|p1a: Hippowdon|Earthquake|p2a: Landorus
|-immune|p2a: Landorus
|
|-weather|Sandstorm|[upkeep]
|upkeep
|turn|14
|
|t:|1641764342
|switch|p1a: Ferrothorn|Ferrothorn, F|100/100
|move|p2a: Landorus|U-turn|p1a: Ferrothorn
|-damage|p1a: Ferrothorn|85/100
|-damage|p2a: Landorus|88/100|[from] ability: Iron Barbs|[of] p1a: Ferrothorn
|
|t:|1641764344
|switch|p2a: Heatran|Heatran, M|100/100|[from]move: U-turn
|
|-weather|Sandstorm|[upkeep]
|-heal|p1a: Ferrothorn|91/100|[from] item: Leftovers
|upkeep
|turn|15
|
|t:|1641764352
|switch|p1a: Hippowdon|Hippowdon, F|100/100
|move|p2a: Heatran|Magma Storm|p1a: Hippowdon
|-damage|p1a: Hippowdon|63/100
|-activate|p1a: Hippowdon|move: Magma Storm|[of] p2a: Heatran
|
|-weather|Sandstorm|[upkeep]
|-heal|p1a: Hippowdon|69/100|[from] item: Leftovers
|-damage|p1a: Hippowdon|57/100|[from] move: Magma Storm|[partiallytrapped]
|upkeep
|turn|16
|
|t:|1641764370
|switch|p2a: Landorus|Landorus-Therian, M|88/100
|-ability|p2a: Landorus|Intimidate|boost
|-unboost|p1a: Hippowdon|atk|1
|move|p1a: Hippowdon|Slack Off|p1a: Hippowdon
|-heal|p1a: Hippowdon|100/100
|
|-weather|none
|-heal|p2a: Landorus|94/100|[from] item: Leftovers
|-end|p1a: Hippowdon|Magma Storm|[partiallytrapped]|[silent]
|upkeep
|turn|17
|
|t:|1641764382
|switch|p1a: Ferrothorn|Ferrothorn, F|91/100
|move|p2a: Landorus|Toxic|p1a: Ferrothorn
|-immune|p1a: Ferrothorn
|
|-heal|p2a: Landorus|99/100|[from] item: Leftovers
|-heal|p1a: Ferrothorn|97/100|[from] item: Leftovers
|upkeep
|turn|18
|
|t:|1641764389
|move|p2a: Landorus|Earthquake|p1a: Ferrothorn
|-damage|p1a: Ferrothorn|68/100
|move|p1a: Ferrothorn|Leech Seed|p2a: Landorus
|-start|p2a: Landorus|move: Leech Seed
|
|-heal|p2a: Landorus|100/100|[from] item: Leftovers
|-heal|p1a: Ferrothorn|74/100|[from] item: Leftovers
|-damage|p2a: Landorus|88/100|[from] Leech Seed|[of] p1a: Ferrothorn
|-heal|p1a: Ferrothorn|87/100|[silent]
|upkeep
|turn|19
|
|t:|1641764397
|move|p2a: Landorus|U-turn|p1a: Ferrothorn
|-damage|p1a: Ferrothorn|73/100
|-damage|p2a: Landorus|76/100|[from] ability: Iron Barbs|[of] p1a: Ferrothorn
|
|t:|1641764402
|switch|p2a: Zapdos|Zapdos-Galar|100/100|[from]move: U-turn
|move|p1a: Ferrothorn|Knock Off|p2a: Zapdos
|-resisted|p2a: Zapdos
|-damage|p2a: Zapdos|87/100
|-enditem|p2a: Zapdos|Choice Scarf|[from] move: Knock Off|[of] p1a: Ferrothorn
|
|-heal|p1a: Ferrothorn|79/100|[from] item: Leftovers
|upkeep
|turn|20
|
|t:|1641764411
|switch|p1a: Toxapex|Toxapex, F|100/100
|move|p2a: Zapdos|Thunderous Kick|p1a: Toxapex
|-resisted|p1a: Toxapex
|-damage|p1a: Toxapex|87/100
|-unboost|p1a: Toxapex|def|1
|
|-heal|p1a: Toxapex|94/100|[from] item: Black Sludge
|upkeep
|turn|21
|
|t:|1641764420
|move|p2a: Zapdos|U-turn|p1a: Toxapex
|-resisted|p1a: Toxapex
|-damage|p1a: Toxapex|83/100
|
|t:|1641764422
|switch|p2a: Heatran|Heatran, M|100/100|[from]move: U-turn
|move|p1a: Toxapex|Toxic|p2a: Heatran
|-immune|p2a: Heatran
|
|-heal|p1a: Toxapex|89/100|[from] item: Black Sludge
|upkeep
|turn|22
|
|t:|1641764430
|switch|p1a: Hippowdon|Hippowdon, F|100/100
|-weather|Sandstorm|[from] ability: Sand Stream|[of] p1a: Hippowdon
|move|p2a: Heatran|Stealth Rock|p1a: Hippowdon
|-sidestart|p1: Lucwasz|move: Stealth Rock
|
|-weather|Sandstorm|[upkeep]
|upkeep
|turn|23
|
|t:|1641764439
|switch|p2a: Landorus|Landorus-Therian, M|76/100
|-ability|p2a: Landorus|Intimidate|boost
|-unboost|p1a: Hippowdon|atk|1
|move|p1a: Hippowdon|Stealth Rock|p2a: Landorus
|-sidestart|p2: Ghidx|move: Stealth Rock
|
|-weather|Sandstorm|[upkeep]
|-heal|p2a: Landorus|82/100|[from] item: Leftovers
|upkeep
|turn|24
|
|t:|1641764446
|move|p2a: Landorus|U-turn|p1a: Hippowdon
|-damage|p1a: Hippowdon|87/100
|
|t:|1641764450
|switch|p2a: Zapdos|Zapdos-Galar|87/100|[from]move: U-turn
|-damage|p2a: Zapdos|75/100|[from] Stealth Rock
|move|p1a: Hippowdon|Toxic|p2a: Zapdos
|-status|p2a: Zapdos|tox
|
|-weather|Sandstorm|[upkeep]
|-damage|p2a: Zapdos|69/100 tox|[from] Sandstorm
|-heal|p1a: Hippowdon|93/100|[from] item: Leftovers
|-damage|p2a: Zapdos|62/100 tox|[from] psn
|upkeep
|turn|25
|
|t:|1641764461
|switch|p1a: Toxapex|Toxapex, F|100/100
|-damage|p1a: Toxapex|88/100|[from] Stealth Rock
|move|p2a: Zapdos|U-turn|p1a: Toxapex
|-resisted|p1a: Toxapex
|-damage|p1a: Toxapex|81/100
|
|t:|1641764466
|switch|p2a: Heatran|Heatran, M|100/100|[from]move: U-turn
|-damage|p2a: Heatran|88/100|[from] Stealth Rock
|
|-weather|Sandstorm|[upkeep]
|-damage|p1a: Toxapex|75/100|[from] Sandstorm
|-heal|p2a: Heatran|94/100|[from] item: Leftovers
|-heal|p1a: Toxapex|81/100|[from] item: Black Sludge
|upkeep
|turn|26
|
|t:|1641764474
|move|p2a: Heatran|Earth Power|p1a: Toxapex
|-supereffective|p1a: Toxapex
|-damage|p1a: Toxapex|41/100
|move|p1a: Toxapex|Scald|p2a: Heatran
|-supereffective|p2a: Heatran
|-crit|p2a: Heatran
|-damage|p2a: Heatran|66/100
|
|-weather|none
|-heal|p2a: Heatran|72/100|[from] item: Leftovers
|-heal|p1a: Toxapex|47/100|[from] item: Black Sludge
|upkeep
|turn|27
|
|t:|1641764484
|switch|p1a: Hippowdon|Hippowdon, F|93/100
|-damage|p1a: Hippowdon|87/100|[from] Stealth Rock
|-weather|Sandstorm|[from] ability: Sand Stream|[of] p1a: Hippowdon
|move|p2a: Heatran|Magma Storm|p1a: Hippowdon
|-damage|p1a: Hippowdon|52/100
|-activate|p1a: Hippowdon|move: Magma Storm|[of] p2a: Heatran
|
|-weather|Sandstorm|[upkeep]
|-heal|p2a: Heatran|78/100|[from] item: Leftovers
|-heal|p1a: Hippowdon|58/100|[from] item: Leftovers
|-damage|p1a: Hippowdon|46/100|[from] move: Magma Storm|[partiallytrapped]
|upkeep
|turn|28
|
|t:|1641764499
|switch|p2a: Dragapult|Dragapult, F|100/100
|-damage|p2a: Dragapult|88/100|[from] Stealth Rock
|move|p1a: Hippowdon|Earthquake|p2a: Dragapult
|-damage|p2a: Dragapult|36/100
|
|-weather|Sandstorm|[upkeep]
|-damage|p2a: Dragapult|30/100|[from] Sandstorm
|-heal|p1a: Hippowdon|52/100|[from] item: Leftovers
|-end|p1a: Hippowdon|Magma Storm|[partiallytrapped]|[silent]
|upkeep
|turn|29
|
|t:|1641764510
|switch|p1a: Corviknight|Corviknight, F|100/100
|-damage|p1a: Corviknight|88/100|[from] Stealth Rock
|-ability|p1a: Corviknight|Pressure
|move|p2a: Dragapult|U-turn|p1a: Corviknight
|-resisted|p1a: Corviknight
|-damage|p1a: Corviknight|86/100
|
|t:|1641764515
|switch|p2a: Landorus|Landorus-Therian, M|82/100|[from]move: U-turn
|-damage|p2a: Landorus|70/100|[from] Stealth Rock
|-ability|p2a: Landorus|Intimidate|boost
|-unboost|p1a: Corviknight|atk|1
|
|-weather|Sandstorm|[upkeep]
|-heal|p2a: Landorus|76/100|[from] item: Leftovers
|-heal|p1a: Corviknight|92/100|[from] item: Leftovers
|upkeep
|turn|30
|
|t:|1641764524
|switch|p2a: Bisharp|Bisharp, F|100/100
|-damage|p2a: Bisharp|95/100|[from] Stealth Rock
|move|p1a: Corviknight|Brave Bird|p2a: Bisharp
|-resisted|p2a: Bisharp
|-damage|p2a: Bisharp|81/100
|-damage|p1a: Corviknight|89/100|[from] Recoil
|
|-weather|Sandstorm|[upkeep]
|-heal|p1a: Corviknight|95/100|[from] item: Leftovers
|upkeep
|turn|31
|
|t:|1641764533
|move|p2a: Bisharp|Swords Dance|p2a: Bisharp
|-boost|p2a: Bisharp|atk|2
|move|p1a: Corviknight|U-turn|p2a: Bisharp
|-damage|p2a: Bisharp|68/100
|
|t:|1641764539
|switch|p1a: Toxapex|Toxapex, F|80/100|[from]move: U-turn
|-damage|p1a: Toxapex|68/100|[from] Stealth Rock
|
|-weather|none
|-heal|p1a: Toxapex|74/100|[from] item: Black Sludge
|upkeep
|turn|32
|
|t:|1641764547
|move|p2a: Bisharp|Knock Off|p1a: Toxapex
|-damage|p1a: Toxapex|0 fnt
|-enditem|p1a: Toxapex|Black Sludge|[from] move: Knock Off|[of] p2a: Bisharp
|faint|p1a: Toxapex
|
|upkeep
|
|t:|1641764561
|switch|p1a: Ferrothorn|Ferrothorn, F|79/100
|-damage|p1a: Ferrothorn|73/100|[from] Stealth Rock
|turn|33
|
|t:|1641764566
|switch|p2a: Heatran|Heatran, M|78/100
|-damage|p2a: Heatran|66/100|[from] Stealth Rock
|move|p1a: Ferrothorn|Leech Seed|p2a: Heatran
|-start|p2a: Heatran|move: Leech Seed
|
|-heal|p2a: Heatran|72/100|[from] item: Leftovers
|-heal|p1a: Ferrothorn|79/100|[from] item: Leftovers
|-damage|p2a: Heatran|59/100|[from] Leech Seed|[of] p1a: Ferrothorn
|-heal|p1a: Ferrothorn|93/100|[silent]
|upkeep
|turn|34
|
|t:|1641764575
|switch|p2a: Landorus|Landorus-Therian, M|76/100
|-damage|p2a: Landorus|63/100|[from] Stealth Rock
|-ability|p2a: Landorus|Intimidate|boost
|-unboost|p1a: Ferrothorn|atk|1
|move|p1a: Ferrothorn|Protect||[still]
|-fail|p1a: Ferrothorn
|
|-heal|p2a: Landorus|69/100|[from] item: Leftovers
|-heal|p1a: Ferrothorn|99/100|[from] item: Leftovers
|upkeep
|turn|35
|
|t:|1641764585
|move|p2a: Landorus|Earthquake|p1a: Ferrothorn
|-damage|p1a: Ferrothorn|66/100
|move|p1a: Ferrothorn|Leech Seed|p2a: Landorus
|-start|p2a: Landorus|move: Leech Seed
|
|-heal|p2a: Landorus|75/100|[from] item: Leftovers
|-heal|p1a: Ferrothorn|72/100|[from] item: Leftovers
|-damage|p2a: Landorus|63/100|[from] Leech Seed|[of] p1a: Ferrothorn
|-heal|p1a: Ferrothorn|85/100|[silent]
|upkeep
|turn|36
|
|t:|1641764593
|move|p2a: Landorus|U-turn|p1a: Ferrothorn
|-damage|p1a: Ferrothorn|70/100
|-damage|p2a: Landorus|51/100|[from] ability: Iron Barbs|[of] p1a: Ferrothorn
|
|t:|1641764595
|switch|p2a: Zapdos|Zapdos-Galar|62/100 tox|[from]move: U-turn
|-damage|p2a: Zapdos|50/100 tox|[from] Stealth Rock
|move|p1a: Ferrothorn|Leech Seed|p2a: Zapdos
|-start|p2a: Zapdos|move: Leech Seed
|
|-heal|p1a: Ferrothorn|77/100|[from] item: Leftovers
|-damage|p2a: Zapdos|38/100 tox|[from] Leech Seed|[of] p1a: Ferrothorn
|-heal|p1a: Ferrothorn|88/100|[silent]
|-damage|p2a: Zapdos|31/100 tox|[from] psn
|upkeep
|turn|37
|
|t:|1641764605
|move|p1a: Ferrothorn|Protect|p1a: Ferrothorn
|-singleturn|p1a: Ferrothorn|Protect
|move|p2a: Zapdos|Thunderous Kick|p1a: Ferrothorn
|-activate|p1a: Ferrothorn|move: Protect
|
|-heal|p1a: Ferrothorn|94/100|[from] item: Leftovers
|-damage|p2a: Zapdos|19/100 tox|[from] Leech Seed|[of] p1a: Ferrothorn
|-heal|p1a: Ferrothorn|100/100|[silent]
|-damage|p2a: Zapdos|6/100 tox|[from] psn
|upkeep
|turn|38
|
|t:|1641764620
|switch|p1a: Corviknight|Corviknight, F|95/100
|-damage|p1a: Corviknight|82/100|[from] Stealth Rock
|-ability|p1a: Corviknight|Pressure
|move|p2a: Zapdos|Close Combat|p1a: Corviknight
|-damage|p1a: Corviknight|46/100
|-unboost|p2a: Zapdos|def|1
|-unboost|p2a: Zapdos|spd|1
|
|-heal|p1a: Corviknight|52/100|[from] item: Leftovers
|-damage|p2a: Zapdos|0 fnt|[from] Leech Seed|[of] p1a: Corviknight
|-heal|p1a: Corviknight|57/100|[silent]
|faint|p2a: Zapdos
|upkeep
|
|t:|1641764626
|switch|p2a: Bisharp|Bisharp, F|68/100
|-damage|p2a: Bisharp|62/100|[from] Stealth Rock
|turn|39
|
|t:|1641764636
|move|p2a: Bisharp|Swords Dance|p2a: Bisharp
|-boost|p2a: Bisharp|atk|2
|move|p1a: Corviknight|U-turn|p2a: Bisharp
|-damage|p2a: Bisharp|42/100
|
|t:|1641764641
|switch|p1a: Ferrothorn|Ferrothorn, F|100/100|[from]move: U-turn
|-damage|p1a: Ferrothorn|94/100|[from] Stealth Rock
|
|-heal|p1a: Ferrothorn|100/100|[from] item: Leftovers
|upkeep
|turn|40
|
|t:|1641764648
|move|p2a: Bisharp|Knock Off|p1a: Ferrothorn
|-damage|p1a: Ferrothorn|16/100
|-damage|p2a: Bisharp|30/100|[from] ability: Iron Barbs|[of] p1a: Ferrothorn
|-enditem|p1a: Ferrothorn|Leftovers|[from] move: Knock Off|[of] p2a: Bisharp
|move|p1a: Ferrothorn|Leech Seed|p2a: Bisharp
|-start|p2a: Bisharp|move: Leech Seed
|
|-damage|p2a: Bisharp|18/100|[from] Leech Seed|[of] p1a: Ferrothorn
|-heal|p1a: Ferrothorn|25/100|[silent]
|upkeep
|turn|41
|
|t:|1641764656
|switch|p2a: Heatran|Heatran, M|59/100
|-damage|p2a: Heatran|47/100|[from] Stealth Rock
|move|p1a: Ferrothorn|Protect||[still]
|-fail|p1a: Ferrothorn
|
|-heal|p2a: Heatran|53/100|[from] item: Leftovers
|upkeep
|turn|42
|
|t:|1641764666
|switch|p1a: Blissey|Blissey, F|100/100
|-damage|p1a: Blissey|88/100|[from] Stealth Rock
|move|p2a: Heatran|Magma Storm|p1a: Blissey
|-damage|p1a: Blissey|77/100
|-activate|p1a: Blissey|move: Magma Storm|[of] p2a: Heatran
|
|-heal|p2a: Heatran|59/100|[from] item: Leftovers
|-heal|p1a: Blissey|83/100|[from] item: Leftovers
|-damage|p1a: Blissey|71/100|[from] move: Magma Storm|[partiallytrapped]
|upkeep
|turn|43
|
|t:|1641764676
|move|p2a: Heatran|Taunt|p1a: Blissey
|-start|p1a: Blissey|move: Taunt
|move|p1a: Blissey|Seismic Toss|p2a: Heatran
|-damage|p2a: Heatran|33/100
|
|-heal|p2a: Heatran|39/100|[from] item: Leftovers
|-heal|p1a: Blissey|77/100|[from] item: Leftovers
|-damage|p1a: Blissey|64/100|[from] move: Magma Storm|[partiallytrapped]
|upkeep
|turn|44
|
|t:|1641764692
|move|p2a: Heatran|Earth Power|p1a: Blissey
|-damage|p1a: Blissey|57/100
|move|p1a: Blissey|Seismic Toss|p2a: Heatran
|-damage|p2a: Heatran|13/100
|
|-heal|p2a: Heatran|19/100|[from] item: Leftovers
|-heal|p1a: Blissey|63/100|[from] item: Leftovers
|-damage|p1a: Blissey|50/100|[from] move: Magma Storm|[partiallytrapped]
|upkeep
|turn|45
|
|t:|1641764701
|switch|p2a: Froslass|Froslass, F|82/100 par
|-damage|p2a: Froslass|57/100 par|[from] Stealth Rock
|move|p1a: Blissey|Seismic Toss|p2a: Froslass
|-immune|p2a: Froslass
|
|-heal|p1a: Blissey|57/100|[from] item: Leftovers
|-end|p1a: Blissey|Magma Storm|[partiallytrapped]|[silent]
|-end|p1a: Blissey|move: Taunt
|upkeep
|turn|46
|
|t:|1641764710
|switch|p1a: Clefable|Clefable, F, shiny|23/100
|move|p2a: Froslass|Spikes|p1a: Clefable
|-sidestart|p1: Lucwasz|Spikes
|
|-heal|p1a: Clefable|29/100|[from] item: Leftovers
|upkeep
|turn|47
|
|t:|1641764717
|move|p2a: Froslass|Shadow Ball|p1a: Clefable
|-crit|p1a: Clefable
|-damage|p1a: Clefable|0 fnt
|faint|p1a: Clefable
|
|upkeep
|
|t:|1641764722
|switch|p1a: Ferrothorn|Ferrothorn, F|25/100
|-damage|p1a: Ferrothorn|13/100|[from] Spikes
|-damage|p1a: Ferrothorn|6/100|[from] Stealth Rock
|turn|48
|-message|Lucwasz forfeited.
|
|win|Ghidx
|raw|Lucwasz's rating: 1440 &rarr; <strong>1418</strong><br />(-22 for losing)
|raw|Ghidx's rating: 1410 &rarr; <strong>1432</strong><br />(+22 for winning)
|l|☆Lucwasz
