|j|☆Genshin21
|j|☆Hhuug
|t:|1641727795
|gametype|singles
|player|p1|Genshin21|richboy-gen4|1121
|player|p2|Hhuug|266|1111
|teamsize|p1|6
|teamsize|p2|6
|gen|8
|tier|[Gen 8] OU
|rated|
|rule|Sleep Clause Mod: Limit one foe put to sleep
|rule|Species Clause: Limit one of each Pokémon
|rule|OHKO Clause: OHKO moves are banned
|rule|Evasion Moves Clause: Evasion moves are banned
|rule|Endless Battle Clause: Forcing endless battles is banned
|rule|HP Percentage Mod: HP is shown in percentages
|rule|Dynamax Clause: You cannot dynamax
|clearpoke
|poke|p1|Galvantula, M|
|poke|p1|Blastoise, M|
|poke|p1|Uxie|
|poke|p1|Slowbro, F|
|poke|p1|Volcarona, F|
|poke|p1|Excadrill, M|
|poke|p2|Ferrothorn, M|
|poke|p2|Dragonite, M|
|poke|p2|Landorus-Therian, M|
|poke|p2|Tapu Lele|
|poke|p2|Heatran, M|
|poke|p2|Corviknight, M|
|teampreview
|inactive|Battle timer is ON: inactive players will automatically lose when time's up. (requested by Genshin21)
|
|t:|1641727803
|start
|switch|p1a: Idk irooi|Uxie|100/100
|switch|p2a: Dragonite|Dragonite, M|100/100
|turn|1
|
|t:|1641727811
|move|p1a: Idk irooi|Trick|p2a: Dragonite
|-activate|p1a: Idk irooi|move: Trick|[of] p2a: Dragonite
|-item|p2a: Dragonite|Choice Scarf|[from] move: Trick
|-item|p1a: Idk irooi|Leftovers|[from] move: Trick
|move|p2a: Dragonite|Dragon Dance|p2a: Dragonite
|-boost|p2a: Dragonite|atk|1
|-boost|p2a: Dragonite|spe|1
|
|upkeep
|turn|2
|
|t:|1641727831
|switch|p2a: Ferrothorn|Ferrothorn, M|100/100
|move|p1a: Idk irooi|Thunder Wave|p2a: Ferrothorn|[miss]
|-miss|p1a: Idk irooi|p2a: Ferrothorn
|
|upkeep
|turn|3
|
|t:|1641727837
|move|p1a: Idk irooi|Thunder Wave|p2a: Ferrothorn
|-status|p2a: Ferrothorn|par
|move|p2a: Ferrothorn|Toxic|p1a: Idk irooi
|-status|p1a: Idk irooi|tox
|
|-damage|p1a: Idk irooi|94/100 tox|[from] psn
|upkeep
|turn|4
|
|t:|1641727839
|move|p1a: Idk irooi|Stealth Rock|p2a: Ferrothorn
|-sidestart|p2: Hhuug|move: Stealth Rock
|move|p2a: Ferrothorn|Stealth Rock|p1a: Idk irooi
|-sidestart|p1: Genshin21|move: Stealth Rock
|
|-heal|p1a: Idk irooi|100/100 tox|[from] item: Leftovers
|-damage|p1a: Idk irooi|88/100 tox|[from] psn
|upkeep
|turn|5
|
|t:|1641727844
|move|p1a: Idk irooi|Trick|p2a: Ferrothorn
|-activate|p1a: Idk irooi|move: Trick|[of] p2a: Ferrothorn
|-item|p2a: Ferrothorn|Leftovers|[from] move: Trick
|-item|p1a: Idk irooi|Leftovers|[from] move: Trick
|cant|p2a: Ferrothorn|par
|
|-heal|p1a: Idk irooi|94/100 tox|[from] item: Leftovers
|-damage|p1a: Idk irooi|76/100 tox|[from] psn
|upkeep
|turn|6
|
|t:|1641727848
|move|p1a: Idk irooi|Memento|p2a: Ferrothorn
|-unboost|p2a: Ferrothorn|atk|2
|-unboost|p2a: Ferrothorn|spa|2
|faint|p1a: Idk irooi
|cant|p2a: Ferrothorn|par
|
|upkeep
|
|t:|1641727859
|switch|p1a: Hell Raiser 2.0|Excadrill, M|100/100
|-damage|p1a: Hell Raiser 2.0|97/100|[from] Stealth Rock
|-ability|p1a: Hell Raiser 2.0|Mold Breaker
|turn|7
|
|t:|1641727868
|switch|p2a: Corviknight|Corviknight, M|100/100
|-damage|p2a: Corviknight|88/100|[from] Stealth Rock
|-ability|p2a: Corviknight|Pressure
|move|p1a: Hell Raiser 2.0|Rapid Spin|p2a: Corviknight
|-resisted|p2a: Corviknight
|-damage|p2a: Corviknight|82/100
|-boost|p1a: Hell Raiser 2.0|spe|1
|-sideend|p1: Genshin21|Stealth Rock|[from] move: Rapid Spin|[of] p1a: Hell Raiser 2.0
|
|-heal|p2a: Corviknight|88/100|[from] item: Leftovers
|upkeep
|turn|8
|
|t:|1641727879
|switch|p1a: Wha............t|Slowbro, F|100/100
|move|p2a: Corviknight|Defog|p1a: Wha............t
|-unboost|p1a: Wha............t|evasion|1
|-sideend|p2: Hhuug|Stealth Rock|[from] move: Defog|[of] p2a: Corviknight
|
|-heal|p2a: Corviknight|94/100|[from] item: Leftovers
|upkeep
|turn|9
|
|t:|1641727887
|move|p2a: Corviknight|Body Press|p1a: Wha............t
|-resisted|p1a: Wha............t
|-damage|p1a: Wha............t|91/100
|move|p1a: Wha............t|Scald|p2a: Corviknight
|-damage|p2a: Corviknight|63/100
|
|-heal|p2a: Corviknight|70/100|[from] item: Leftovers
|-heal|p1a: Wha............t|97/100|[from] item: Leftovers
|upkeep
|turn|10
|
|t:|1641727891
|move|p2a: Corviknight|Roost|p2a: Corviknight
|-heal|p2a: Corviknight|100/100
|-singleturn|p2a: Corviknight|move: Roost
|move|p1a: Wha............t|Thunder Wave|p2a: Corviknight
|-status|p2a: Corviknight|par
|
|-heal|p1a: Wha............t|100/100|[from] item: Leftovers
|upkeep
|turn|11
|
|t:|1641727898
|move|p1a: Wha............t|Scald|p2a: Corviknight
|-damage|p2a: Corviknight|68/100 par
|move|p2a: Corviknight|U-turn|p1a: Wha............t
|-supereffective|p1a: Wha............t
|-damage|p1a: Wha............t|78/100
|
|t:|1641727905
|switch|p2a: Landorus|Landorus-Therian, M|100/100|[from]move: U-turn
|-ability|p2a: Landorus|Intimidate|boost
|-unboost|p1a: Wha............t|atk|1
|
|-heal|p1a: Wha............t|84/100|[from] item: Leftovers
|upkeep
|turn|12
|
|t:|1641727921
|move|p2a: Landorus|U-turn|p1a: Wha............t
|-supereffective|p1a: Wha............t
|-damage|p1a: Wha............t|48/100
|
|t:|1641727924
|switch|p2a: Ferrothorn|Ferrothorn, M|100/100 par|[from]move: U-turn
|move|p1a: Wha............t|Scald|p2a: Ferrothorn
|-resisted|p2a: Ferrothorn
|-damage|p2a: Ferrothorn|86/100 par
|
|-heal|p1a: Wha............t|54/100|[from] item: Leftovers
|-heal|p2a: Ferrothorn|92/100 par|[from] item: Leftovers
|upkeep
|turn|13
|
|t:|1641727935
|switch|p1a: Hell Raiser 2.0|Excadrill, M|97/100
|-ability|p1a: Hell Raiser 2.0|Mold Breaker
|move|p2a: Ferrothorn|Toxic|p1a: Hell Raiser 2.0
|-immune|p1a: Hell Raiser 2.0
|
|-heal|p2a: Ferrothorn|98/100 par|[from] item: Leftovers
|upkeep
|turn|14
|
|t:|1641727941
|move|p1a: Hell Raiser 2.0|Earthquake|p2a: Ferrothorn
|-damage|p2a: Ferrothorn|56/100 par
|cant|p2a: Ferrothorn|par
|
|-heal|p2a: Ferrothorn|62/100 par|[from] item: Leftovers
|upkeep
|turn|15
|
|t:|1641727946
|move|p1a: Hell Raiser 2.0|Earthquake|p2a: Ferrothorn
|-damage|p2a: Ferrothorn|22/100 par
|cant|p2a: Ferrothorn|par
|
|-heal|p2a: Ferrothorn|28/100 par|[from] item: Leftovers
|upkeep
|turn|16
|
|t:|1641727954
|switch|p2a: Landorus|Landorus-Therian, M|100/100
|-ability|p2a: Landorus|Intimidate|boost
|-unboost|p1a: Hell Raiser 2.0|atk|1
|move|p1a: Hell Raiser 2.0|Rock Slide|p2a: Landorus
|-damage|p2a: Landorus|81/100
|
|upkeep
|turn|17
|
|t:|1641727965
|switch|p1a: Bugsy|Galvantula, M, shiny|100/100
|move|p2a: Landorus|Earthquake|p1a: Bugsy
|-enditem|p1a: Bugsy|Focus Sash
|-damage|p1a: Bugsy|1/100
|
|upkeep
|turn|18
|
|t:|1641727970
|move|p2a: Landorus|Earthquake|p1a: Bugsy
|-damage|p1a: Bugsy|0 fnt
|faint|p1a: Bugsy
|
|upkeep
|
|t:|1641727971
|switch|p1a: Wha............t|Slowbro, F|87/100
|turn|19
|
|t:|1641727978
|switch|p2a: Ferrothorn|Ferrothorn, M|28/100 par
|move|p1a: Wha............t|Scald|p2a: Ferrothorn
|-resisted|p2a: Ferrothorn
|-crit|p2a: Ferrothorn
|-damage|p2a: Ferrothorn|8/100 par
|
|-heal|p1a: Wha............t|93/100|[from] item: Leftovers
|-heal|p2a: Ferrothorn|14/100 par|[from] item: Leftovers
|upkeep
|turn|20
|
|t:|1641727981
|move|p1a: Wha............t|Scald|p2a: Ferrothorn
|-resisted|p2a: Ferrothorn
|-damage|p2a: Ferrothorn|2/100 par
|move|p2a: Ferrothorn|Leech Seed|p1a: Wha............t
|-start|p1a: Wha............t|move: Leech Seed
|
|-heal|p1a: Wha............t|99/100|[from] item: Leftovers
|-heal|p2a: Ferrothorn|8/100 par|[from] item: Leftovers
|-damage|p1a: Wha............t|87/100|[from] Leech Seed|[of] p2a: Ferrothorn
|-heal|p2a: Ferrothorn|22/100 par|[silent]
|upkeep
|turn|21
|
|t:|1641727985
|move|p2a: Ferrothorn|Protect|p2a: Ferrothorn
|-singleturn|p2a: Ferrothorn|Protect
|move|p1a: Wha............t|Scald|p2a: Ferrothorn
|-activate|p2a: Ferrothorn|move: Protect
|
|-heal|p1a: Wha............t|93/100|[from] item: Leftovers
|-heal|p2a: Ferrothorn|28/100 par|[from] item: Leftovers
|-damage|p1a: Wha............t|81/100|[from] Leech Seed|[of] p2a: Ferrothorn
|-heal|p2a: Ferrothorn|42/100 par|[silent]
|upkeep
|turn|22
|
|t:|1641727990
|switch|p1a: Dbb|Volcarona, F|100/100
|cant|p2a: Ferrothorn|par
|
|-heal|p2a: Ferrothorn|48/100 par|[from] item: Leftovers
|upkeep
|turn|23
|
|t:|1641727994
|switch|p2a: Heatran|Heatran, M|100/100
|move|p1a: Dbb|Fiery Dance|p2a: Heatran
|-start|p2a: Heatran|ability: Flash Fire
|
|upkeep
|turn|24
|
|t:|1641727999
|switch|p1a: Wha............t|Slowbro, F|100/100
|move|p2a: Heatran|Eruption|p1a: Wha............t
|-resisted|p1a: Wha............t
|-damage|p1a: Wha............t|0 fnt
|faint|p1a: Wha............t
|
|upkeep
|
|t:|1641728001
|switch|p1a: Gary|Blastoise, M, shiny|100/100
|turn|25
|
|t:|1641728006
|-end|p2a: Heatran|ability: Flash Fire|[silent]
|switch|p2a: Dragonite|Dragonite, M|100/100
|move|p1a: Gary|Shell Smash|p1a: Gary
|-unboost|p1a: Gary|def|1
|-unboost|p1a: Gary|spd|1
|-boost|p1a: Gary|atk|2
|-boost|p1a: Gary|spa|2
|-boost|p1a: Gary|spe|2
|-enditem|p1a: Gary|White Herb
|-clearnegativeboost|p1a: Gary|[silent]
|
|upkeep
|turn|26
|
|t:|1641728011
|move|p1a: Gary|Ice Beam|p2a: Dragonite
|-supereffective|p2a: Dragonite
|-damage|p2a: Dragonite|0 fnt
|faint|p2a: Dragonite
|
|upkeep
|
|t:|1641728017
|switch|p2a: Landorus|Landorus-Therian, M|81/100
|-ability|p2a: Landorus|Intimidate|boost
|-unboost|p1a: Gary|atk|1
|turn|27
|
|t:|1641728023
|move|p1a: Gary|Surf|p2a: Landorus
|-supereffective|p2a: Landorus
|-damage|p2a: Landorus|0 fnt
|faint|p2a: Landorus
|
|upkeep
|
|t:|1641728026
|switch|p2a: Tapu Lele|Tapu Lele|100/100
|-fieldstart|move: Psychic Terrain|[from] ability: Psychic Surge|[of] p2a: Tapu Lele
|turn|28
|
|t:|1641728031
|move|p1a: Gary|Surf|p2a: Tapu Lele
|-damage|p2a: Tapu Lele|28/100
|move|p2a: Tapu Lele|Thunder|p1a: Gary
|-supereffective|p1a: Gary
|-damage|p1a: Gary|0 fnt
|faint|p1a: Gary
|
|upkeep
|
|t:|1641728034
|switch|p1a: Hell Raiser 2.0|Excadrill, M|97/100
|-ability|p1a: Hell Raiser 2.0|Mold Breaker
|turn|29
|
|t:|1641728040
|switch|p2a: Ferrothorn|Ferrothorn, M|48/100 par
|move|p1a: Hell Raiser 2.0|Iron Head|p2a: Ferrothorn
|-resisted|p2a: Ferrothorn
|-damage|p2a: Ferrothorn|32/100 par
|-damage|p1a: Hell Raiser 2.0|85/100|[from] ability: Iron Barbs|[of] p2a: Ferrothorn
|
|-heal|p2a: Ferrothorn|38/100 par|[from] item: Leftovers
|upkeep
|turn|30
|
|t:|1641728043
|move|p1a: Hell Raiser 2.0|Earthquake|p2a: Ferrothorn
|-crit|p2a: Ferrothorn
|-damage|p2a: Ferrothorn|0 fnt
|faint|p2a: Ferrothorn
|
|upkeep
|
|t:|1641728045
|switch|p2a: Heatran|Heatran, M|100/100
|turn|31
|
|t:|1641728068
|move|p1a: Hell Raiser 2.0|Earthquake|p2a: Heatran
|-supereffective|p2a: Heatran
|-damage|p2a: Heatran|0 fnt
|faint|p2a: Heatran
|
|upkeep
|
|t:|1641728075
|switch|p2a: Tapu Lele|Tapu Lele|28/100
|turn|32
|
|t:|1641728079
|move|p1a: Hell Raiser 2.0|Iron Head|p2a: Tapu Lele
|-supereffective|p2a: Tapu Lele
|-damage|p2a: Tapu Lele|0 fnt
|faint|p2a: Tapu Lele
|
|-fieldend|move: Psychic Terrain
|upkeep
|
|t:|1641728081
|switch|p2a: Corviknight|Corviknight, M|68/100 par
|-ability|p2a: Corviknight|Pressure
|turn|33
|
|t:|1641728084
|move|p1a: Hell Raiser 2.0|Rock Slide|p2a: Corviknight
|-damage|p2a: Corviknight|48/100 par
|cant|p2a: Corviknight|par
|
|-heal|p2a: Corviknight|55/100 par|[from] item: Leftovers
|upkeep
|turn|34
|-message|Hhuug forfeited.
|
|win|Genshin21
|raw|Genshin21's rating: 1121 &rarr; <strong>1145</strong><br />(+24 for winning)
|raw|Hhuug's rating: 1111 &rarr; <strong>1087</strong><br />(-24 for losing)
|l|☆Hhuug
