|j|☆Bao Zhilan
|j|☆nobnob333
|t:|1641797025
|gametype|singles
|player|p1|Bao Zhilan|wattson|1137
|player|p2|nobnob333|101|1085
|teamsize|p1|6
|teamsize|p2|6
|gen|8
|tier|[Gen 8] OU
|rated|
|rule|Sleep Clause Mod: Limit one foe put to sleep
|rule|Species Clause: Limit one of each Pokémon
|rule|OHKO Clause: OHKO moves are banned
|rule|Evasion Moves Clause: Evasion moves are banned
|rule|Endless Battle Clause: Forcing endless battles is banned
|rule|HP Percentage Mod: HP is shown in percentages
|rule|Dynamax Clause: You cannot dynamax
|clearpoke
|poke|p1|Mamoswine, M|
|poke|p1|Blacephalon|
|poke|p1|Melmetal|
|poke|p1|Garchomp, M|
|poke|p1|Latias, F|
|poke|p1|Moltres-Galar|
|poke|p2|Ferrothorn, M|
|poke|p2|Mew|
|poke|p2|Celebi|
|poke|p2|Toxapex, F|
|poke|p2|Weezing-Galar, F|
|poke|p2|Aegislash, M|
|teampreview
|inactive|Battle timer is ON: inactive players will automatically lose when time's up. (requested by nobnob333)
|
|t:|1641797037
|start
|switch|p1a: Latias|Latias, F|100/100
|switch|p2a: Celebi|Celebi|100/100
|turn|1
|
|t:|1641797045
|move|p2a: Celebi|Stealth Rock|p1a: Latias
|-sidestart|p1: Bao Zhilan|move: Stealth Rock
|move|p1a: Latias|Calm Mind|p1a: Latias
|-boost|p1a: Latias|spa|1
|-boost|p1a: Latias|spd|1
|
|upkeep
|turn|2
|
|t:|1641797052
|move|p2a: Celebi|Leech Seed|p1a: Latias
|-start|p1a: Latias|move: Leech Seed
|move|p1a: Latias|Dragon Pulse|p2a: Celebi
|-damage|p2a: Celebi|57/100
|
|-heal|p2a: Celebi|64/100|[from] item: Leftovers
|-damage|p1a: Latias|88/100|[from] Leech Seed|[of] p2a: Celebi
|-heal|p2a: Celebi|75/100|[silent]
|upkeep
|turn|3
|
|t:|1641797061
|move|p2a: Celebi|Protect|p2a: Celebi
|-singleturn|p2a: Celebi|Protect
|move|p1a: Latias|Calm Mind|p1a: Latias
|-boost|p1a: Latias|spa|1
|-boost|p1a: Latias|spd|1
|
|-heal|p2a: Celebi|81/100|[from] item: Leftovers
|-heal|p1a: Latias|94/100|[from] item: Leftovers
|-damage|p1a: Latias|82/100|[from] Leech Seed|[of] p2a: Celebi
|-heal|p2a: Celebi|92/100|[silent]
|upkeep
|turn|4
|
|t:|1641797071
|move|p2a: Celebi|Seed Bomb|p1a: Latias
|-resisted|p1a: Latias
|-damage|p1a: Latias|71/100
|move|p1a: Latias|Dragon Pulse|p2a: Celebi
|-damage|p2a: Celebi|37/100
|
|-heal|p2a: Celebi|43/100|[from] item: Leftovers
|-heal|p1a: Latias|77/100|[from] item: Leftovers
|-damage|p1a: Latias|65/100|[from] Leech Seed|[of] p2a: Celebi
|-heal|p2a: Celebi|54/100|[silent]
|upkeep
|turn|5
|
|t:|1641797081
|move|p2a: Celebi|Protect|p2a: Celebi
|-singleturn|p2a: Celebi|Protect
|move|p1a: Latias|Dragon Pulse|p2a: Celebi
|-activate|p2a: Celebi|move: Protect
|
|-heal|p2a: Celebi|61/100|[from] item: Leftovers
|-heal|p1a: Latias|71/100|[from] item: Leftovers
|-damage|p1a: Latias|58/100|[from] Leech Seed|[of] p2a: Celebi
|-heal|p2a: Celebi|72/100|[silent]
|upkeep
|turn|6
|
|t:|1641797093
|switch|p2a: Aegislash|Aegislash, M|100/100
|move|p1a: Latias|Dragon Pulse|p2a: Aegislash
|-resisted|p2a: Aegislash
|-damage|p2a: Aegislash|73/100
|
|-heal|p1a: Latias|65/100|[from] item: Leftovers
|-heal|p2a: Aegislash|79/100|[from] item: Leftovers
|-damage|p1a: Latias|52/100|[from] Leech Seed|[of] p2a: Aegislash
|-heal|p2a: Aegislash|96/100|[silent]
|upkeep
|turn|7
|
|t:|1641797103
|move|p1a: Latias|Mystical Fire|p2a: Aegislash
|-supereffective|p2a: Aegislash
|-damage|p2a: Aegislash|37/100
|-unboost|p2a: Aegislash|spa|1
|move|p2a: Aegislash|Substitute|p2a: Aegislash
|-start|p2a: Aegislash|Substitute
|-damage|p2a: Aegislash|12/100
|
|-heal|p1a: Latias|58/100|[from] item: Leftovers
|-heal|p2a: Aegislash|19/100|[from] item: Leftovers
|-damage|p1a: Latias|46/100|[from] Leech Seed|[of] p2a: Aegislash
|-heal|p2a: Aegislash|36/100|[silent]
|upkeep
|turn|8
|
|t:|1641797128
|switch|p1a: Garchomp|Garchomp, M|100/100
|-damage|p1a: Garchomp|94/100|[from] Stealth Rock
|move|p2a: Aegislash|King's Shield||[still]
|-fail|p2a: Aegislash
|
|-heal|p2a: Aegislash|42/100|[from] item: Leftovers
|upkeep
|turn|9
|
|t:|1641797136
|move|p1a: Garchomp|Earthquake|p2a: Aegislash
|-supereffective|p2a: Aegislash
|-end|p2a: Aegislash|Substitute
|move|p2a: Aegislash|Toxic|p1a: Garchomp
|-status|p1a: Garchomp|tox
|
|-heal|p2a: Aegislash|48/100|[from] item: Leftovers
|-damage|p1a: Garchomp|88/100 tox|[from] psn
|upkeep
|turn|10
|
|t:|1641797145
|move|p2a: Aegislash|King's Shield|p2a: Aegislash
|-singleturn|p2a: Aegislash|Protect
|move|p1a: Garchomp|Earthquake|p2a: Aegislash
|-activate|p2a: Aegislash|move: Protect
|
|-heal|p2a: Aegislash|54/100|[from] item: Leftovers
|-damage|p1a: Garchomp|76/100 tox|[from] psn
|upkeep
|turn|11
|
|t:|1641797153
|switch|p2a: Weezing|Weezing-Galar, F|100/100
|-ability|p2a: Weezing|Neutralizing Gas
|-item|p2a: Weezing|Air Balloon
|move|p1a: Garchomp|Earthquake|p2a: Weezing
|-immune|p2a: Weezing
|
|-damage|p1a: Garchomp|57/100 tox|[from] psn
|upkeep
|turn|12
|
|t:|1641797164
|switch|p1a: Melmetal|Melmetal|100/100
|-damage|p1a: Melmetal|94/100|[from] Stealth Rock
|move|p2a: Weezing|Protect||[still]
|-fail|p2a: Weezing
|
|upkeep
|turn|13
|
|t:|1641797179
|switch|p1a: Latias|Latias, F|46/100
|-damage|p1a: Latias|33/100|[from] Stealth Rock
|move|p2a: Weezing|Flamethrower|p1a: Latias
|-resisted|p1a: Latias
|-damage|p1a: Latias|27/100
|
|-heal|p1a: Latias|33/100|[from] item: Leftovers
|upkeep
|turn|14
|
|t:|1641797192
|move|p1a: Latias|Psyshock|p2a: Weezing
|-supereffective|p2a: Weezing
|-damage|p2a: Weezing|50/100
|-enditem|p2a: Weezing|Air Balloon
|move|p2a: Weezing|Toxic|p1a: Latias
|-status|p1a: Latias|tox
|
|-heal|p1a: Latias|39/100 tox|[from] item: Leftovers
|-damage|p1a: Latias|33/100 tox|[from] psn
|upkeep
|turn|15
|
|t:|1641797208
|-end|p2a: Weezing|ability: Neutralizing Gas
|switch|p2a: Celebi|Celebi|72/100
|move|p1a: Latias|Calm Mind|p1a: Latias
|-boost|p1a: Latias|spa|1
|-boost|p1a: Latias|spd|1
|
|-heal|p2a: Celebi|78/100|[from] item: Leftovers
|-heal|p1a: Latias|39/100 tox|[from] item: Leftovers
|-damage|p1a: Latias|27/100 tox|[from] psn
|upkeep
|turn|16
|
|t:|1641797218
|move|p2a: Celebi|Protect|p2a: Celebi
|-singleturn|p2a: Celebi|Protect
|move|p1a: Latias|Mystical Fire|p2a: Celebi
|-activate|p2a: Celebi|move: Protect
|
|-heal|p2a: Celebi|84/100|[from] item: Leftovers
|-heal|p1a: Latias|33/100 tox|[from] item: Leftovers
|-damage|p1a: Latias|15/100 tox|[from] psn
|upkeep
|turn|17
|
|t:|1641797231
|move|p2a: Celebi|Seed Bomb|p1a: Latias
|-resisted|p1a: Latias
|-damage|p1a: Latias|5/100 tox
|move|p1a: Latias|Dragon Pulse|p2a: Celebi
|-damage|p2a: Celebi|44/100
|
|-heal|p2a: Celebi|50/100|[from] item: Leftovers
|-heal|p1a: Latias|11/100 tox|[from] item: Leftovers
|-damage|p1a: Latias|0 fnt|[from] psn
|faint|p1a: Latias
|upkeep
|
|t:|1641797254
|switch|p1a: Blacephalon|Blacephalon|100/100
|-damage|p1a: Blacephalon|76/100|[from] Stealth Rock
|turn|18
|
|t:|1641797261
|move|p1a: Blacephalon|Shadow Ball|p2a: Celebi
|-supereffective|p2a: Celebi
|-damage|p2a: Celebi|0 fnt
|faint|p2a: Celebi
|-ability|p1a: Blacephalon|Beast Boost|boost
|-boost|p1a: Blacephalon|spa|1
|
|upkeep
|
|t:|1641797269
|switch|p2a: Toxapex|Toxapex, F|100/100
|turn|19
|
|t:|1641797273
|move|p1a: Blacephalon|Shadow Ball|p2a: Toxapex
|-damage|p2a: Toxapex|20/100
|move|p2a: Toxapex|Infestation|p1a: Blacephalon
|-resisted|p1a: Blacephalon
|-damage|p1a: Blacephalon|75/100
|-activate|p1a: Blacephalon|move: Infestation|[of] p2a: Toxapex
|
|-damage|p1a: Blacephalon|58/100|[from] move: Infestation|[partiallytrapped]
|upkeep
|turn|20
|
|t:|1641797281
|move|p2a: Toxapex|Baneful Bunker|p2a: Toxapex
|-singleturn|p2a: Toxapex|move: Protect
|move|p1a: Blacephalon|Shadow Ball|p2a: Toxapex
|-activate|p2a: Toxapex|move: Protect
|
|-damage|p1a: Blacephalon|41/100|[from] move: Infestation|[partiallytrapped]
|upkeep
|turn|21
|
|t:|1641797295
|switch|p2a: Ferrothorn|Ferrothorn, M|100/100
|move|p1a: Blacephalon|Shadow Ball|p2a: Ferrothorn
|-damage|p2a: Ferrothorn|21/100
|-unboost|p2a: Ferrothorn|spd|1
|
|-end|p1a: Blacephalon|Infestation|[partiallytrapped]|[silent]
|upkeep
|turn|22
|
|t:|1641797302
|move|p2a: Ferrothorn|Protect|p2a: Ferrothorn
|-singleturn|p2a: Ferrothorn|Protect
|move|p1a: Blacephalon|Shadow Ball|p2a: Ferrothorn
|-activate|p2a: Ferrothorn|move: Protect
|
|upkeep
|turn|23
|
|t:|1641797309
|move|p1a: Blacephalon|Shadow Ball|p2a: Ferrothorn
|-damage|p2a: Ferrothorn|0 fnt
|faint|p2a: Ferrothorn
|-ability|p1a: Blacephalon|Beast Boost|boost
|-boost|p1a: Blacephalon|spa|1
|
|upkeep
|
|t:|1641797317
|switch|p2a: Toxapex|Toxapex, F|53/100
|turn|24
|
|t:|1641797322
|move|p1a: Blacephalon|Shadow Ball|p2a: Toxapex
|-damage|p2a: Toxapex|0 fnt
|faint|p2a: Toxapex
|-ability|p1a: Blacephalon|Beast Boost|boost
|-boost|p1a: Blacephalon|spa|1
|
|upkeep
|
|t:|1641797334
|switch|p2a: Mew|Mew|100/100
|turn|25
|
|t:|1641797337
|move|p1a: Blacephalon|Shadow Ball|p2a: Mew
|-supereffective|p2a: Mew
|-damage|p2a: Mew|0 fnt
|faint|p2a: Mew
|-ability|p1a: Blacephalon|Beast Boost|boost
|-boost|p1a: Blacephalon|spa|1
|
|upkeep
|
|t:|1641797344
|switch|p2a: Aegislash|Aegislash, M|54/100
|turn|26
|
|t:|1641797346
|move|p1a: Blacephalon|Shadow Ball|p2a: Aegislash
|-supereffective|p2a: Aegislash
|-damage|p2a: Aegislash|0 fnt
|faint|p2a: Aegislash
|-ability|p1a: Blacephalon|Beast Boost|boost
|-boost|p1a: Blacephalon|spa|1
|
|upkeep
|
|t:|1641797352
|switch|p2a: Weezing|Weezing-Galar, F|50/100
|-ability|p2a: Weezing|Neutralizing Gas
|turn|27
|c|☆nobnob333|brutal
|
|t:|1641797358
|move|p1a: Blacephalon|Shadow Ball|p2a: Weezing
|-damage|p2a: Weezing|0 fnt
|faint|p2a: Weezing
|-end|p2a: Weezing|ability: Neutralizing Gas
|
|win|Bao Zhilan
|raw|Bao Zhilan's rating: 1137 &rarr; <strong>1158</strong><br />(+21 for winning)
|raw|nobnob333's rating: 1085 &rarr; <strong>1066</strong><br />(-19 for losing)
