|j|☆123cyh
|j|☆Zephyr1517
|t:|1641888133
|gametype|singles
|player|p1|123cyh|supernerd|1222
|player|p2|Zephyr1517|elio|1230
|teamsize|p1|6
|teamsize|p2|6
|gen|8
|tier|[Gen 8] OU
|rated|
|rule|Sleep Clause Mod: Limit one foe put to sleep
|rule|Species Clause: Limit one of each Pokémon
|rule|OHKO Clause: OHKO moves are banned
|rule|Evasion Moves Clause: Evasion moves are banned
|rule|Endless Battle Clause: Forcing endless battles is banned
|rule|HP Percentage Mod: HP is shown in percentages
|rule|Dynamax Clause: You cannot dynamax
|clearpoke
|poke|p1|Snorlax, F|
|poke|p1|Hatterene, F|
|poke|p1|Melmetal|
|poke|p1|Cresselia, F|
|poke|p1|Uxie|
|poke|p1|Marowak-Alola, M|
|poke|p2|Nihilego|
|poke|p2|Zapdos-Galar|
|poke|p2|Kartana|
|poke|p2|Celesteela|
|poke|p2|Garchomp, F|
|poke|p2|Tapu Fini|
|teampreview
|inactive|Battle timer is ON: inactive players will automatically lose when time's up. (requested by 123cyh)
|
|t:|1641888154
|start
|switch|p1a: Uxie|Uxie, shiny|100/100
|switch|p2a: Garchomp|Garchomp, F|100/100
|turn|1
|
|t:|1641888159
|move|p2a: Garchomp|Toxic|p1a: Uxie
|-status|p1a: Uxie|tox
|move|p1a: Uxie|Stealth Rock|p2a: Garchomp
|-sidestart|p2: Zephyr1517|move: Stealth Rock
|
|-damage|p1a: Uxie|94/100 tox|[from] psn
|upkeep
|turn|2
|
|t:|1641888165
|move|p2a: Garchomp|Stealth Rock|p1a: Uxie
|-sidestart|p1: 123cyh|move: Stealth Rock
|move|p1a: Uxie|Trick Room|p1a: Uxie
|-fieldstart|move: Trick Room|[of] p1a: Uxie
|
|-damage|p1a: Uxie|82/100 tox|[from] psn
|upkeep
|turn|3
|
|t:|1641888176
|switch|p1a: Melmetal|Melmetal|100/100
|-damage|p1a: Melmetal|94/100|[from] Stealth Rock
|move|p2a: Garchomp|Protect||[still]
|-fail|p2a: Garchomp
|
|upkeep
|turn|4
|
|t:|1641888182
|move|p1a: Melmetal|Ice Punch|p2a: Garchomp
|-supereffective|p2a: Garchomp
|-damage|p2a: Garchomp|7/100
|-damage|p1a: Melmetal|82/100|[from] ability: Rough Skin|[of] p2a: Garchomp
|-damage|p1a: Melmetal|66/100|[from] item: Rocky Helmet|[of] p2a: Garchomp
|move|p2a: Garchomp|Earthquake|p1a: Melmetal
|-supereffective|p1a: Melmetal
|-damage|p1a: Melmetal|14/100
|
|upkeep
|turn|5
|
|t:|1641888192
|move|p1a: Melmetal|Double Iron Bash|p2a: Garchomp
|-damage|p2a: Garchomp|0 fnt
|-damage|p1a: Melmetal|1/100|[from] ability: Rough Skin|[of] p2a: Garchomp
|-damage|p1a: Melmetal|0 fnt|[from] item: Rocky Helmet|[of] p2a: Garchomp
|faint|p2a: Garchomp
|faint|p1a: Melmetal
|-hitcount|p2: Garchomp|1
|
|upkeep
|
|t:|1641888213
|switch|p1a: Uxie|Uxie, shiny|82/100 tox
|switch|p2a: Zapdos|Zapdos-Galar|100/100
|-damage|p1a: Uxie|69/100 tox|[from] Stealth Rock
|-damage|p2a: Zapdos|88/100|[from] Stealth Rock
|turn|6
|
|t:|1641888221
|move|p1a: Uxie|Memento|p2a: Zapdos
|-unboost|p2a: Zapdos|atk|2
|-ability|p2a: Zapdos|Defiant
|-boost|p2a: Zapdos|atk|2
|-unboost|p2a: Zapdos|spa|2
|-ability|p2a: Zapdos|Defiant
|-boost|p2a: Zapdos|atk|2
|faint|p1a: Uxie
|move|p2a: Zapdos|Brave Bird|p1: Uxie|[notarget]
|-fail|p2a: Zapdos
|
|-fieldend|move: Trick Room
|upkeep
|
|t:|1641888232
|switch|p1a: Hatterene|Hatterene, F|100/100
|-damage|p1a: Hatterene|88/100|[from] Stealth Rock
|turn|7
|
|t:|1641888235
|move|p2a: Zapdos|Brave Bird|p1a: Hatterene
|-damage|p1a: Hatterene|0 fnt
|faint|p1a: Hatterene
|-damage|p2a: Zapdos|59/100|[from] Recoil
|
|upkeep
|
|t:|1641888237
|switch|p1a: Cresselia|Cresselia, F, shiny|100/100
|-damage|p1a: Cresselia|88/100|[from] Stealth Rock
|turn|8
|
|t:|1641888242
|move|p2a: Zapdos|Brave Bird|p1a: Cresselia
|-damage|p1a: Cresselia|0 fnt
|-damage|p2a: Zapdos|43/100|[from] item: Rocky Helmet|[of] p1a: Cresselia
|faint|p1a: Cresselia
|-damage|p2a: Zapdos|3/100|[from] Recoil
|
|upkeep
|-message|123cyh forfeited.
|
|win|Zephyr1517
|raw|123cyh's rating: 1222 &rarr; <strong>1198</strong><br />(-24 for losing)
|raw|Zephyr1517's rating: 1230 &rarr; <strong>1254</strong><br />(+24 for winning)
|l|☆123cyh
