|j|☆FoxSenpaiMagic
|j|☆LowSpecGuy
|t:|1641870281
|gametype|singles
|player|p1|FoxSenpaiMagic|harlequin|1206
|player|p2|LowSpecGuy|burgh|1295
|teamsize|p1|6
|teamsize|p2|6
|gen|8
|tier|[Gen 8] OU
|rated|
|rule|Sleep Clause Mod: Limit one foe put to sleep
|rule|Species Clause: Limit one of each Pokémon
|rule|OHKO Clause: OHKO moves are banned
|rule|Evasion Moves Clause: Evasion moves are banned
|rule|Endless Battle Clause: Forcing endless battles is banned
|rule|HP Percentage Mod: HP is shown in percentages
|rule|Dynamax Clause: You cannot dynamax
|clearpoke
|poke|p1|Hatterene, F|
|poke|p1|Marowak-Alola, M|
|poke|p1|Melmetal|
|poke|p1|Reuniclus, M|
|poke|p1|Stakataka|
|poke|p1|Slowbro-Galar, M|
|poke|p2|Blissey, F|
|poke|p2|Clefable, F|
|poke|p2|Ferrothorn, F|
|poke|p2|Corsola-Galar, M|
|poke|p2|Avalugg, M|
|poke|p2|Slowbro, M|
|teampreview
|inactive|Battle timer is ON: inactive players will automatically lose when time's up. (requested by LowSpecGuy)
|
|t:|1641870300
|start
|switch|p1a: Marowak|Marowak-Alola, M|100/100
|switch|p2a: Ferrothorn|Ferrothorn, F|100/100
|turn|1
|
|t:|1641870309
|switch|p1a: Hatterene|Hatterene, F|100/100
|move|p2a: Ferrothorn|Leech Seed|p1a: Hatterene
|move|p1a: Hatterene|Leech Seed|p2a: Ferrothorn|[from]ability: Magic Bounce
|-immune|p2a: Ferrothorn
|
|upkeep
|turn|2
|
|t:|1641870324
|switch|p2a: Blissey|Blissey, F, shiny|100/100
|move|p1a: Hatterene|Trick Room|p1a: Hatterene
|-fieldstart|move: Trick Room|[of] p1a: Hatterene
|
|upkeep
|turn|3
|
|t:|1641870328
|switch|p1a: Reuniclus|Reuniclus, M|100/100
|move|p2a: Blissey|Seismic Toss|p1a: Reuniclus
|-damage|p1a: Reuniclus|77/100
|
|upkeep
|turn|4
|
|t:|1641870334
|move|p1a: Reuniclus|Psyshock|p2a: Blissey
|-damage|p2a: Blissey|7/100
|move|p2a: Blissey|Toxic|p1a: Reuniclus
|-status|p1a: Reuniclus|tox
|
|-heal|p2a: Blissey|13/100|[from] item: Leftovers
|upkeep
|turn|5
|
|t:|1641870343
|switch|p2a: Ferrothorn|Ferrothorn, F|100/100
|move|p1a: Reuniclus|Focus Blast|p2a: Ferrothorn
|-supereffective|p2a: Ferrothorn
|-damage|p2a: Ferrothorn|23/100
|
|-heal|p2a: Ferrothorn|29/100|[from] item: Leftovers
|upkeep
|turn|6
|
|t:|1641870352
|switch|p2a: Clefable|Clefable, F|100/100
|move|p1a: Reuniclus|Focus Blast|p2a: Clefable
|-resisted|p2a: Clefable
|-damage|p2a: Clefable|87/100
|
|-heal|p2a: Clefable|93/100|[from] item: Leftovers
|-fieldend|move: Trick Room
|upkeep
|turn|7
|
|t:|1641870360
|move|p2a: Clefable|Wish|p2a: Clefable
|move|p1a: Reuniclus|Trick Room|p1a: Reuniclus
|-fieldstart|move: Trick Room|[of] p1a: Reuniclus
|
|-heal|p2a: Clefable|99/100|[from] item: Leftovers
|upkeep
|turn|8
|
|t:|1641870365
|switch|p1a: Marowak|Marowak-Alola, M|100/100
|move|p2a: Clefable|Teleport|p2a: Clefable
|
|t:|1641870371
|switch|p2a: Blissey|Blissey, F, shiny|13/100|[from]move: Teleport
|
|-heal|p2a: Blissey|41/100|[from] move: Wish|[wisher] Clefable
|-heal|p2a: Blissey|47/100|[from] item: Leftovers
|upkeep
|turn|9
|
|t:|1641870395
|switch|p2a: Avalugg|Avalugg, M|100/100
|move|p1a: Marowak|Flare Blitz|p2a: Avalugg
|-supereffective|p2a: Avalugg
|-damage|p2a: Avalugg|21/100
|
|-heal|p2a: Avalugg|27/100|[from] item: Leftovers
|upkeep
|turn|10
|
|t:|1641870406
|switch|p2a: Slowbro|Slowbro, M, shiny|100/100
|move|p1a: Marowak|Shadow Bone|p2a: Slowbro
|-supereffective|p2a: Slowbro
|-damage|p2a: Slowbro|21/100
|
|upkeep
|turn|11
|
|t:|1641870413
|switch|p2a: Clefable|Clefable, F|99/100
|move|p1a: Marowak|Thunder Punch|p2a: Clefable
|-damage|p2a: Clefable|55/100
|
|-heal|p2a: Clefable|61/100|[from] item: Leftovers
|-fieldend|move: Trick Room
|upkeep
|turn|12
|
|t:|1641870421
|move|p2a: Clefable|Wish|p2a: Clefable
|move|p1a: Marowak|Flare Blitz|p2a: Clefable
|-damage|p2a: Clefable|0 fnt
|faint|p2a: Clefable
|
|upkeep
|-message|LowSpecGuy forfeited.
|
|win|FoxSenpaiMagic
|raw|FoxSenpaiMagic's rating: 1206 &rarr; <strong>1237</strong><br />(+31 for winning)
|raw|LowSpecGuy's rating: 1295 &rarr; <strong>1264</strong><br />(-31 for losing)
|l|☆LowSpecGuy
