|j|☆ZachPKM
|j|☆Jeicoco
|t:|1641778596
|gametype|singles
|player|p1|ZachPKM|170|1163
|player|p2|Jeicoco|169|1170
|teamsize|p1|6
|teamsize|p2|6
|gen|8
|tier|[Gen 8] OU
|rated|
|rule|Sleep Clause Mod: Limit one foe put to sleep
|rule|Species Clause: Limit one of each Pokémon
|rule|OHKO Clause: OHKO moves are banned
|rule|Evasion Moves Clause: Evasion moves are banned
|rule|Endless Battle Clause: Forcing endless battles is banned
|rule|HP Percentage Mod: HP is shown in percentages
|rule|Dynamax Clause: You cannot dynamax
|clearpoke
|poke|p1|Ferrothorn, M|
|poke|p1|Excadrill, M|
|poke|p1|Tyranitar, M|
|poke|p1|Rotom-Wash|
|poke|p1|Corsola-Galar, F|
|poke|p1|Dragapult, M|
|poke|p2|Landorus-Therian, M|
|poke|p2|Scizor, F|
|poke|p2|Gengar, M|
|poke|p2|Buzzwole|
|poke|p2|Mew|
|poke|p2|Volcarona, F|
|teampreview
|inactive|Battle timer is ON: inactive players will automatically lose when time's up. (requested by Jeicoco)
|
|t:|1641778603
|start
|switch|p1a: Rotom|Rotom-Wash|100/100
|switch|p2a: Mew|Mew|100/100
|turn|1
|
|t:|1641778610
|move|p1a: Rotom|Trick|p2a: Mew
|-activate|p1a: Rotom|move: Trick|[of] p2a: Mew
|-item|p2a: Mew|Choice Scarf|[from] move: Trick
|-item|p1a: Rotom|Leftovers|[from] move: Trick
|move|p2a: Mew|Transform|p1a: Rotom
|-transform|p2a: Mew|p1a: Rotom
|
|upkeep
|turn|2
|
|t:|1641778617
|move|p2a: Mew|Trick|p1a: Rotom
|-activate|p2a: Mew|move: Trick|[of] p1a: Rotom
|-item|p1a: Rotom|Choice Scarf|[from] move: Trick
|-item|p2a: Mew|Leftovers|[from] move: Trick
|move|p1a: Rotom|Volt Switch|p2a: Mew
|-damage|p2a: Mew|74/100
|c|☆Jeicoco|lol
|c|☆ZachPKM|Lmao
|inactive|ZachPKM has 120 seconds left.
|
|t:|1641778657
|switch|p1a: Tyranitar|Tyranitar, M|100/100|[from]move: Volt Switch
|-weather|Sandstorm|[from] ability: Sand Stream|[of] p1a: Tyranitar
|
|-weather|Sandstorm|[upkeep]
|-damage|p2a: Mew|68/100|[from] Sandstorm
|-heal|p2a: Mew|74/100|[from] item: Leftovers
|upkeep
|turn|3
|inactive|ZachPKM has 120 seconds left.
|
|t:|1641778670
|switch|p1a: Dragapult|Dragapult, M|100/100
|move|p2a: Mew|Will-O-Wisp|p1a: Dragapult
|-status|p1a: Dragapult|brn
|
|-weather|Sandstorm|[upkeep]
|-damage|p1a: Dragapult|95/100 brn|[from] Sandstorm
|-damage|p2a: Mew|68/100|[from] Sandstorm
|-heal|p2a: Mew|74/100|[from] item: Leftovers
|-damage|p1a: Dragapult|89/100 brn|[from] brn
|upkeep
|turn|4
|inactive|ZachPKM has 120 seconds left.
|
|t:|1641778682
|switch|p2a: Landorus|Landorus-Therian, M|100/100
|-ability|p2a: Landorus|Intimidate|boost
|-unboost|p1a: Dragapult|atk|1
|move|p1a: Dragapult|Shadow Ball|p2a: Landorus
|-damage|p2a: Landorus|55/100
|
|-weather|Sandstorm|[upkeep]
|-damage|p1a: Dragapult|83/100 brn|[from] Sandstorm
|-heal|p2a: Landorus|61/100|[from] item: Leftovers
|-damage|p1a: Dragapult|77/100 brn|[from] brn
|upkeep
|turn|5
|inactive|ZachPKM has 120 seconds left.
|
|t:|1641778692
|move|p1a: Dragapult|Shadow Ball|p2a: Landorus
|-damage|p2a: Landorus|17/100
|move|p2a: Landorus|Knock Off|p1a: Dragapult
|-supereffective|p1a: Dragapult
|-damage|p1a: Dragapult|0 fnt
|-enditem|p1a: Dragapult|Choice Specs|[from] move: Knock Off|[of] p2a: Landorus
|faint|p1a: Dragapult
|
|-weather|Sandstorm|[upkeep]
|-heal|p2a: Landorus|23/100|[from] item: Leftovers
|upkeep
|c|☆Jeicoco|lando best counter
|
|t:|1641778710
|switch|p1a: Rotom|Rotom-Wash|100/100
|turn|6
|
|t:|1641778733
|move|p1a: Rotom|Hydro Pump|p2a: Landorus
|-supereffective|p2a: Landorus
|-damage|p2a: Landorus|0 fnt
|faint|p2a: Landorus
|
|-weather|Sandstorm|[upkeep]
|-damage|p1a: Rotom|95/100|[from] Sandstorm
|upkeep
|
|t:|1641778743
|switch|p2a: Mew|Mew|74/100
|turn|7
|inactive|ZachPKM has 120 seconds left.
|
|t:|1641778768
|switch|p1a: Tyranitar|Tyranitar, M|100/100
|move|p2a: Mew|Imprison|p2a: Mew
|-start|p2a: Mew|move: Imprison
|
|-weather|Sandstorm|[upkeep]
|-damage|p2a: Mew|68/100|[from] Sandstorm
|-heal|p2a: Mew|74/100|[from] item: Leftovers
|upkeep
|turn|8
|inactive|ZachPKM has 90 seconds left.
|
|t:|1641778799
|switch|p1a: Rotom|Rotom-Wash|95/100
|move|p2a: Mew|Transform|p1a: Rotom
|-transform|p2a: Mew|p1a: Rotom
|
|-weather|Sandstorm|[upkeep]
|-damage|p1a: Rotom|89/100|[from] Sandstorm
|-damage|p2a: Mew|68/100|[from] Sandstorm
|-heal|p2a: Mew|74/100|[from] item: Leftovers
|upkeep
|turn|9
|inactive|ZachPKM has 90 seconds left.
|
|t:|1641778823
|switch|p1a: Ferrothorn|Ferrothorn, M|100/100
|move|p2a: Mew|Trick|p1a: Ferrothorn
|-activate|p2a: Mew|move: Trick|[of] p1a: Ferrothorn
|-item|p1a: Ferrothorn|Leftovers|[from] move: Trick
|-item|p2a: Mew|Leftovers|[from] move: Trick
|
|-weather|none
|-heal|p2a: Mew|80/100|[from] item: Leftovers
|upkeep
|turn|10
|inactive|ZachPKM has 90 seconds left.
|
|t:|1641778835
|move|p2a: Mew|Volt Switch|p1a: Ferrothorn
|-resisted|p1a: Ferrothorn
|-crit|p1a: Ferrothorn
|-damage|p1a: Ferrothorn|88/100
|
|t:|1641778842
|switch|p2a: Buzzwole|Buzzwole|100/100|[from]move: Volt Switch
|move|p1a: Ferrothorn|Leech Seed|p2a: Buzzwole
|-start|p2a: Buzzwole|move: Leech Seed
|
|-heal|p1a: Ferrothorn|94/100|[from] item: Leftovers
|-damage|p2a: Buzzwole|88/100|[from] Leech Seed|[of] p1a: Ferrothorn
|-heal|p1a: Ferrothorn|100/100|[silent]
|upkeep
|turn|11
|inactive|ZachPKM has 90 seconds left.
|
|t:|1641778856
|switch|p2a: Volcarona|Volcarona, F|100/100
|move|p1a: Ferrothorn|Spikes|p2a: Volcarona
|-sidestart|p2: Jeicoco|Spikes
|
|upkeep
|turn|12
|
|t:|1641778869
|switch|p2a: Buzzwole|Buzzwole|88/100
|-damage|p2a: Buzzwole|76/100|[from] Spikes
|switch|p1a: Rotom|Rotom-Wash|89/100
|
|upkeep
|turn|13
|
|t:|1641778885
|switch|p2a: Volcarona|Volcarona, F|100/100
|move|p1a: Rotom|Trick|p2a: Volcarona
|-activate|p1a: Rotom|move: Trick|[of] p2a: Volcarona
|-item|p2a: Volcarona|Choice Scarf|[from] move: Trick
|-item|p1a: Rotom|Heavy-Duty Boots|[from] move: Trick
|
|upkeep
|turn|14
|
|t:|1641778899
|move|p2a: Volcarona|Fire Blast|p1a: Rotom
|-resisted|p1a: Rotom
|-damage|p1a: Rotom|58/100
|move|p1a: Rotom|Hydro Pump|p2a: Volcarona
|-supereffective|p2a: Volcarona
|-damage|p2a: Volcarona|21/100
|
|upkeep
|turn|15
|
|t:|1641778906
|move|p2a: Volcarona|Fire Blast|p1a: Rotom
|-resisted|p1a: Rotom
|-damage|p1a: Rotom|25/100
|move|p1a: Rotom|Volt Switch|p2a: Volcarona
|-damage|p2a: Volcarona|0 fnt
|faint|p2a: Volcarona
|
|t:|1641778916
|switch|p1a: Tyranitar|Tyranitar, M|100/100|[from]move: Volt Switch
|-weather|Sandstorm|[from] ability: Sand Stream|[of] p1a: Tyranitar
|
|-weather|Sandstorm|[upkeep]
|upkeep
|
|t:|1641778925
|switch|p2a: Buzzwole|Buzzwole|76/100
|-damage|p2a: Buzzwole|63/100|[from] Spikes
|turn|16
|
|t:|1641778930
|switch|p1a: Corsola|Corsola-Galar, F|100/100
|move|p2a: Buzzwole|Bulk Up|p2a: Buzzwole
|-boost|p2a: Buzzwole|atk|1
|-boost|p2a: Buzzwole|def|1
|
|-weather|Sandstorm|[upkeep]
|-damage|p2a: Buzzwole|57/100|[from] Sandstorm
|-damage|p1a: Corsola|94/100|[from] Sandstorm
|upkeep
|turn|17
|
|t:|1641778936
|move|p2a: Buzzwole|Substitute|p2a: Buzzwole
|-start|p2a: Buzzwole|Substitute
|-damage|p2a: Buzzwole|32/100
|move|p1a: Corsola|Will-O-Wisp||[still]
|-fail|p1a: Corsola
|
|-weather|Sandstorm|[upkeep]
|-damage|p2a: Buzzwole|26/100|[from] Sandstorm
|-damage|p1a: Corsola|88/100|[from] Sandstorm
|upkeep
|turn|18
|inactive|ZachPKM has 120 seconds left.
|
|t:|1641778948
|switch|p1a: Excadrill|Excadrill, M|100/100
|move|p2a: Buzzwole|Bulk Up|p2a: Buzzwole
|-boost|p2a: Buzzwole|atk|1
|-boost|p2a: Buzzwole|def|1
|
|-weather|Sandstorm|[upkeep]
|-damage|p2a: Buzzwole|20/100|[from] Sandstorm
|-enditem|p2a: Buzzwole|Iapapa Berry|[eat]
|-heal|p2a: Buzzwole|52/100|[from] item: Iapapa Berry
|upkeep
|turn|19
|
|t:|1641778956
|move|p1a: Excadrill|Iron Head|p2a: Buzzwole
|-activate|p2a: Buzzwole|move: Substitute|[damage]
|move|p2a: Buzzwole|Leech Life|p1a: Excadrill
|-resisted|p1a: Excadrill
|-damage|p1a: Excadrill|32/100
|-heal|p2a: Buzzwole|82/100|[from] drain|[of] p1a: Excadrill
|
|-weather|Sandstorm|[upkeep]
|-damage|p2a: Buzzwole|76/100|[from] Sandstorm
|-heal|p1a: Excadrill|38/100|[from] item: Leftovers
|upkeep
|turn|20
|
|t:|1641778964
|move|p1a: Excadrill|Iron Head|p2a: Buzzwole
|-end|p2a: Buzzwole|Substitute
|move|p2a: Buzzwole|Bulk Up|p2a: Buzzwole
|-boost|p2a: Buzzwole|atk|1
|-boost|p2a: Buzzwole|def|1
|
|-weather|Sandstorm|[upkeep]
|-damage|p2a: Buzzwole|70/100|[from] Sandstorm
|-heal|p1a: Excadrill|44/100|[from] item: Leftovers
|upkeep
|turn|21
|
|t:|1641778971
|move|p1a: Excadrill|Iron Head|p2a: Buzzwole
|-damage|p2a: Buzzwole|60/100
|move|p2a: Buzzwole|Substitute|p2a: Buzzwole
|-start|p2a: Buzzwole|Substitute
|-damage|p2a: Buzzwole|35/100
|
|-weather|Sandstorm|[upkeep]
|-damage|p2a: Buzzwole|28/100|[from] Sandstorm
|-heal|p1a: Excadrill|50/100|[from] item: Leftovers
|upkeep
|turn|22
|
|t:|1641778984
|move|p1a: Excadrill|Swords Dance|p1a: Excadrill
|-boost|p1a: Excadrill|atk|2
|move|p2a: Buzzwole|Leech Life|p1a: Excadrill
|-resisted|p1a: Excadrill
|-damage|p1a: Excadrill|0 fnt
|-heal|p2a: Buzzwole|50/100|[from] drain|[of] p1a: Excadrill
|faint|p1a: Excadrill
|-ability|p2a: Buzzwole|Beast Boost|boost
|-boost|p2a: Buzzwole|atk|1
|
|-weather|none
|upkeep
|
|t:|1641778992
|switch|p1a: Rotom|Rotom-Wash|25/100
|turn|23
|c|☆Jeicoco|gg
|
|t:|1641779000
|move|p1a: Rotom|Volt Switch|p2a: Buzzwole
|-end|p2a: Buzzwole|Substitute
|
|t:|1641779011
|switch|p1a: Corsola|Corsola-Galar, F|88/100|[from]move: Volt Switch
|move|p2a: Buzzwole|Leech Life|p1a: Corsola
|-resisted|p1a: Corsola
|-damage|p1a: Corsola|55/100
|-heal|p2a: Buzzwole|63/100|[from] drain|[of] p1a: Corsola
|
|upkeep
|turn|24
|
|t:|1641779020
|move|p2a: Buzzwole|Substitute|p2a: Buzzwole
|-start|p2a: Buzzwole|Substitute
|-damage|p2a: Buzzwole|38/100
|move|p1a: Corsola|Strength Sap||[still]
|-fail|p1a: Corsola
|
|upkeep
|turn|25
|
|t:|1641779028
|move|p2a: Buzzwole|Bulk Up|p2a: Buzzwole
|-boost|p2a: Buzzwole|atk|1
|-boost|p2a: Buzzwole|def|1
|move|p1a: Corsola|Hex|p2a: Buzzwole
|-crit|p2a: Buzzwole
|-end|p2a: Buzzwole|Substitute
|
|upkeep
|turn|26
|
|t:|1641779040
|move|p2a: Buzzwole|Substitute|p2a: Buzzwole
|-start|p2a: Buzzwole|Substitute
|-damage|p2a: Buzzwole|13/100
|move|p1a: Corsola|Hex|p2a: Buzzwole
|-activate|p2a: Buzzwole|move: Substitute|[damage]
|
|upkeep
|turn|27
|
|t:|1641779045
|move|p2a: Buzzwole|Leech Life|p1a: Corsola
|-resisted|p1a: Corsola
|-damage|p1a: Corsola|13/100
|-heal|p2a: Buzzwole|29/100|[from] drain|[of] p1a: Corsola
|move|p1a: Corsola|Hex|p2a: Buzzwole
|-end|p2a: Buzzwole|Substitute
|
|upkeep
|turn|28
|
|t:|1641779056
|switch|p1a: Ferrothorn|Ferrothorn, M|100/100
|move|p2a: Buzzwole|Substitute|p2a: Buzzwole
|-start|p2a: Buzzwole|Substitute
|-damage|p2a: Buzzwole|4/100
|
|upkeep
|turn|29
|
|t:|1641779073
|move|p2a: Buzzwole|Close Combat|p1a: Ferrothorn
|-supereffective|p1a: Ferrothorn
|-damage|p1a: Ferrothorn|0 fnt
|-unboost|p2a: Buzzwole|def|1
|-unboost|p2a: Buzzwole|spd|1
|-damage|p2a: Buzzwole|0 fnt|[from] ability: Iron Barbs|[of] p1a: Ferrothorn
|faint|p1a: Ferrothorn
|faint|p2a: Buzzwole
|
|upkeep
|
|t:|1641779081
|switch|p2a: Mew|Mew|80/100
|switch|p1a: Corsola|Corsola-Galar, F|13/100
|-damage|p2a: Mew|68/100|[from] Spikes
|turn|30
|
|t:|1641779098
|move|p2a: Mew|Soft-Boiled|p2a: Mew
|-heal|p2a: Mew|100/100
|move|p1a: Corsola|Strength Sap|p2a: Mew
|-unboost|p2a: Mew|atk|1
|-heal|p1a: Corsola|70/100
|
|upkeep
|turn|31
|
|t:|1641779111
|move|p2a: Mew|Block||[still]
|-fail|p2a: Mew
|move|p1a: Corsola|Strength Sap|p2a: Mew
|-unboost|p2a: Mew|atk|1
|-heal|p1a: Corsola|100/100
|
|upkeep
|turn|32
|
|t:|1641779122
|move|p2a: Mew|Imprison|p2a: Mew
|-start|p2a: Mew|move: Imprison
|move|p1a: Corsola|Will-O-Wisp|p2a: Mew
|-status|p2a: Mew|brn
|-activate|p2a: Mew|ability: Synchronize
|-status|p1a: Corsola|brn
|
|-damage|p2a: Mew|94/100 brn|[from] brn
|-damage|p1a: Corsola|94/100 brn|[from] brn
|upkeep
|turn|33
|
|t:|1641779135
|move|p2a: Mew|Transform|p1a: Corsola
|-transform|p2a: Mew|p1a: Corsola
|cant|p1a: Corsola|move: Imprison|Hex
|
|-heal|p2a: Mew|100/100 brn|[from] item: Leftovers
|-damage|p1a: Corsola|88/100 brn|[from] brn
|-damage|p2a: Mew|94/100 brn|[from] brn
|upkeep
|turn|34
|
|t:|1641779141
|switch|p1a: Tyranitar|Tyranitar, M|100/100
|-weather|Sandstorm|[from] ability: Sand Stream|[of] p1a: Tyranitar
|move|p2a: Mew|Hex|p1a: Tyranitar
|-resisted|p1a: Tyranitar
|-damage|p1a: Tyranitar|96/100
|
|-weather|Sandstorm|[upkeep]
|-damage|p2a: Mew|88/100 brn|[from] Sandstorm
|-heal|p2a: Mew|94/100 brn|[from] item: Leftovers
|-damage|p2a: Mew|88/100 brn|[from] brn
|upkeep
|turn|35
|
|t:|1641779148
|move|p1a: Tyranitar|Crunch|p2a: Mew
|-supereffective|p2a: Mew
|-damage|p2a: Mew|24/100 brn
|move|p2a: Mew|Will-O-Wisp|p1a: Tyranitar
|-status|p1a: Tyranitar|brn
|
|-weather|Sandstorm|[upkeep]
|-damage|p2a: Mew|18/100 brn|[from] Sandstorm
|-heal|p2a: Mew|24/100 brn|[from] item: Leftovers
|-damage|p1a: Tyranitar|90/100 brn|[from] brn
|-damage|p2a: Mew|18/100 brn|[from] brn
|upkeep
|turn|36
|
|t:|1641779159
|switch|p2a: Scizor|Scizor, F|100/100
|-damage|p2a: Scizor|88/100|[from] Spikes
|move|p1a: Tyranitar|Crunch|p2a: Scizor
|-damage|p2a: Scizor|67/100
|
|-weather|Sandstorm|[upkeep]
|-heal|p2a: Scizor|73/100|[from] item: Leftovers
|-damage|p1a: Tyranitar|84/100 brn|[from] brn
|upkeep
|turn|37
|
|t:|1641779166
|move|p2a: Scizor|Swords Dance|p2a: Scizor
|-boost|p2a: Scizor|atk|2
|move|p1a: Tyranitar|Fire Blast|p2a: Scizor
|-supereffective|p2a: Scizor
|-damage|p2a: Scizor|0 fnt
|faint|p2a: Scizor
|
|-weather|Sandstorm|[upkeep]
|-damage|p1a: Tyranitar|77/100 brn|[from] brn
|upkeep
|
|t:|1641779175
|switch|p2a: Mew|Mew|18/100 brn
|-damage|p2a: Mew|6/100 brn|[from] Spikes
|turn|38
|
|t:|1641779181
|move|p2a: Mew|Soft-Boiled|p2a: Mew
|-heal|p2a: Mew|56/100 brn
|move|p1a: Tyranitar|Crunch|p2a: Mew
|-supereffective|p2a: Mew
|-damage|p2a: Mew|25/100 brn
|-unboost|p2a: Mew|def|1
|
|-weather|Sandstorm|[upkeep]
|-damage|p2a: Mew|19/100 brn|[from] Sandstorm
|-heal|p2a: Mew|25/100 brn|[from] item: Leftovers
|-damage|p2a: Mew|19/100 brn|[from] brn
|-damage|p1a: Tyranitar|71/100 brn|[from] brn
|upkeep
|turn|39
|c|☆ZachPKM|Never say gg too early, I’m still in this
|inactive|ZachPKM has 120 seconds left.
|
|t:|1641779212
|switch|p2a: Gengar|Gengar, M|100/100
|-damage|p2a: Gengar|88/100|[from] Spikes
|move|p1a: Tyranitar|Crunch|p2a: Gengar
|-supereffective|p2a: Gengar
|-damage|p2a: Gengar|34/100
|
|-weather|Sandstorm|[upkeep]
|-damage|p2a: Gengar|28/100|[from] Sandstorm
|-heal|p2a: Gengar|34/100|[from] item: Black Sludge
|-damage|p1a: Tyranitar|65/100 brn|[from] brn
|upkeep
|turn|40
|
|t:|1641779220
|move|p2a: Gengar|Disable|p1a: Tyranitar
|-start|p1a: Tyranitar|Disable|Crunch
|cant|p1a: Tyranitar|Disable|Crunch
|
|-weather|Sandstorm|[upkeep]
|-damage|p2a: Gengar|28/100|[from] Sandstorm
|-heal|p2a: Gengar|34/100|[from] item: Black Sludge
|-damage|p1a: Tyranitar|59/100 brn|[from] brn
|upkeep
|turn|41
|c|☆Jeicoco|short
|
|t:|1641779234
|move|p2a: Gengar|Encore|p1a: Tyranitar
|-start|p1a: Tyranitar|Encore
|cant|p1a: Tyranitar|Disable|Crunch
|
|-weather|none
|-heal|p2a: Gengar|41/100|[from] item: Black Sludge
|-damage|p1a: Tyranitar|53/100 brn|[from] brn
|upkeep
|turn|42
|
|t:|1641779240
|switch|p1a: Rotom|Rotom-Wash|25/100
|move|p2a: Gengar|Substitute|p2a: Gengar
|-start|p2a: Gengar|Substitute
|-damage|p2a: Gengar|16/100
|
|-heal|p2a: Gengar|22/100|[from] item: Black Sludge
|upkeep
|turn|43
|
|t:|1641779250
|move|p1a: Rotom|Volt Switch|p2a: Gengar
|-end|p2a: Gengar|Substitute
|
|t:|1641779253
|switch|p1a: Tyranitar|Tyranitar, M|53/100 brn|[from]move: Volt Switch
|-weather|Sandstorm|[from] ability: Sand Stream|[of] p1a: Tyranitar
|move|p2a: Gengar|Toxic||[still]
|-fail|p2a: Gengar
|
|-weather|Sandstorm|[upkeep]
|-damage|p2a: Gengar|16/100|[from] Sandstorm
|-heal|p2a: Gengar|22/100|[from] item: Black Sludge
|-damage|p1a: Tyranitar|47/100 brn|[from] brn
|upkeep
|turn|44
|
|t:|1641779267
|move|p2a: Gengar|Encore||[still]
|-fail|p2a: Gengar
|move|p1a: Tyranitar|Crunch|p2a: Gengar
|-supereffective|p2a: Gengar
|-damage|p2a: Gengar|0 fnt
|-start|p1a: Tyranitar|Disable|Crunch|[from] ability: Cursed Body|[of] p2a: Gengar
|faint|p2a: Gengar
|
|-weather|Sandstorm|[upkeep]
|-damage|p1a: Tyranitar|40/100 brn|[from] brn
|upkeep
|
|t:|1641779272
|switch|p2a: Mew|Mew|19/100 brn
|-damage|p2a: Mew|7/100 brn|[from] Spikes
|turn|45
|
|t:|1641779292
|move|p2a: Mew|Soft-Boiled|p2a: Mew
|-heal|p2a: Mew|57/100 brn
|move|p1a: Tyranitar|Fire Blast|p2a: Mew
|-damage|p2a: Mew|34/100 brn
|
|-weather|Sandstorm|[upkeep]
|-damage|p2a: Mew|28/100 brn|[from] Sandstorm
|-heal|p2a: Mew|34/100 brn|[from] item: Leftovers
|-damage|p2a: Mew|28/100 brn|[from] brn
|-damage|p1a: Tyranitar|34/100 brn|[from] brn
|upkeep
|turn|46
|
|t:|1641779303
|switch|p1a: Rotom|Rotom-Wash|25/100
|move|p2a: Mew|Soft-Boiled|p2a: Mew
|-heal|p2a: Mew|78/100 brn
|
|-weather|Sandstorm|[upkeep]
|-damage|p1a: Rotom|19/100|[from] Sandstorm
|-damage|p2a: Mew|72/100 brn|[from] Sandstorm
|-heal|p2a: Mew|78/100 brn|[from] item: Leftovers
|-damage|p2a: Mew|72/100 brn|[from] brn
|upkeep
|turn|47
|
|t:|1641779316
|move|p1a: Rotom|Hydro Pump|p2a: Mew
|-damage|p2a: Mew|39/100 brn
|move|p2a: Mew|Soft-Boiled|p2a: Mew
|-heal|p2a: Mew|89/100 brn
|
|-weather|Sandstorm|[upkeep]
|-damage|p1a: Rotom|13/100|[from] Sandstorm
|-damage|p2a: Mew|83/100 brn|[from] Sandstorm
|-heal|p2a: Mew|89/100 brn|[from] item: Leftovers
|-damage|p2a: Mew|83/100 brn|[from] brn
|upkeep
|turn|48
|
|t:|1641779328
|move|p1a: Rotom|Volt Switch|p2a: Mew
|-damage|p2a: Mew|60/100 brn
|
|t:|1641779330
|switch|p1a: Corsola|Corsola-Galar, F|88/100 brn|[from]move: Volt Switch
|move|p2a: Mew|Soft-Boiled|p2a: Mew
|-heal|p2a: Mew|100/100 brn
|
|-weather|Sandstorm|[upkeep]
|-damage|p2a: Mew|94/100 brn|[from] Sandstorm
|-damage|p1a: Corsola|82/100 brn|[from] Sandstorm
|-heal|p2a: Mew|100/100 brn|[from] item: Leftovers
|-damage|p2a: Mew|94/100 brn|[from] brn
|-damage|p1a: Corsola|76/100 brn|[from] brn
|upkeep
|turn|49
|
|t:|1641779337
|move|p2a: Mew|Imprison|p2a: Mew
|-start|p2a: Mew|move: Imprison
|move|p1a: Corsola|Hex|p2a: Mew
|-supereffective|p2a: Mew
|-damage|p2a: Mew|45/100 brn
|
|-weather|Sandstorm|[upkeep]
|-damage|p2a: Mew|39/100 brn|[from] Sandstorm
|-damage|p1a: Corsola|70/100 brn|[from] Sandstorm
|-heal|p2a: Mew|45/100 brn|[from] item: Leftovers
|-damage|p2a: Mew|39/100 brn|[from] brn
|-damage|p1a: Corsola|63/100 brn|[from] brn
|upkeep
|turn|50
|
|t:|1641779354
|move|p2a: Mew|Transform|p1a: Corsola
|-transform|p2a: Mew|p1a: Corsola
|cant|p1a: Corsola|move: Imprison|Hex
|
|-weather|none
|-heal|p2a: Mew|45/100 brn|[from] item: Leftovers
|-damage|p1a: Corsola|57/100 brn|[from] brn
|-damage|p2a: Mew|39/100 brn|[from] brn
|upkeep
|turn|51
|l|☆Jeicoco
|inactive|Jeicoco disconnected and has a minute to reconnect!
|player|p2|
|inactive|Jeicoco has 30 seconds to reconnect!
|j|☆Jeicoco
|inactive|Jeicoco reconnected and has 105 seconds left.
|player|p2|Jeicoco|169
|
|t:|1641779405
|switch|p1a: Tyranitar|Tyranitar, M|34/100 brn
|-weather|Sandstorm|[from] ability: Sand Stream|[of] p1a: Tyranitar
|move|p2a: Mew|Hex|p1a: Tyranitar
|-resisted|p1a: Tyranitar
|-damage|p1a: Tyranitar|25/100 brn
|
|-weather|Sandstorm|[upkeep]
|-damage|p2a: Mew|32/100 brn|[from] Sandstorm
|-heal|p2a: Mew|39/100 brn|[from] item: Leftovers
|-damage|p1a: Tyranitar|19/100 brn|[from] brn
|-damage|p2a: Mew|32/100 brn|[from] brn
|upkeep
|turn|52
|
|t:|1641779422
|move|p1a: Tyranitar|Crunch|p2a: Mew
|-supereffective|p2a: Mew
|-damage|p2a: Mew|1/100 brn
|move|p2a: Mew|Strength Sap|p1a: Tyranitar
|-unboost|p1a: Tyranitar|atk|1
|-heal|p2a: Mew|100/100 brn
|
|-weather|Sandstorm|[upkeep]
|-damage|p2a: Mew|94/100 brn|[from] Sandstorm
|-heal|p2a: Mew|100/100 brn|[from] item: Leftovers
|-damage|p1a: Tyranitar|12/100 brn|[from] brn
|-damage|p2a: Mew|94/100 brn|[from] brn
|upkeep
|turn|53
|inactive|Jeicoco has 90 seconds left.
|
|t:|1641779437
|move|p1a: Tyranitar|Crunch|p2a: Mew
|-supereffective|p2a: Mew
|-damage|p2a: Mew|72/100 brn
|-start|p1a: Tyranitar|Disable|Crunch|[from] ability: Cursed Body|[of] p2a: Mew
|move|p2a: Mew|Stealth Rock|p1a: Tyranitar
|-sidestart|p1: ZachPKM|move: Stealth Rock
|
|-weather|Sandstorm|[upkeep]
|-damage|p2a: Mew|66/100 brn|[from] Sandstorm
|-heal|p2a: Mew|72/100 brn|[from] item: Leftovers
|-damage|p1a: Tyranitar|6/100 brn|[from] brn
|-damage|p2a: Mew|66/100 brn|[from] brn
|upkeep
|turn|54
|
|t:|1641779455
|move|p1a: Tyranitar|Fire Blast|p2a: Mew
|-damage|p2a: Mew|41/100 brn
|move|p2a: Mew|Strength Sap|p1a: Tyranitar
|-unboost|p1a: Tyranitar|atk|1
|-heal|p2a: Mew|100/100 brn
|
|-weather|Sandstorm|[upkeep]
|-damage|p2a: Mew|94/100 brn|[from] Sandstorm
|-heal|p2a: Mew|100/100 brn|[from] item: Leftovers
|-damage|p1a: Tyranitar|0 fnt|[from] brn
|faint|p1a: Tyranitar
|-damage|p2a: Mew|94/100 brn|[from] brn
|upkeep
|inactive|ZachPKM has 120 seconds left.
|c|☆Jeicoco|very short
|
|t:|1641779479
|switch|p1a: Corsola|Corsola-Galar, F|57/100 brn
|-damage|p1a: Corsola|45/100 brn|[from] Stealth Rock
|turn|55
|c|☆ZachPKM|What’s short
|c|☆Jeicoco|the gale
|
|t:|1641779492
|move|p2a: Mew|Hex|p1a: Corsola
|-supereffective|p1a: Corsola
|-damage|p1a: Corsola|0 fnt
|-start|p2a: Mew|Disable|Hex|[from] ability: Cursed Body|[of] p1a: Corsola
|faint|p1a: Corsola
|
|-weather|Sandstorm|[upkeep]
|-damage|p2a: Mew|88/100 brn|[from] Sandstorm
|-heal|p2a: Mew|94/100 brn|[from] item: Leftovers
|-damage|p2a: Mew|88/100 brn|[from] brn
|upkeep
|c|☆Jeicoco|game
|
|t:|1641779495
|switch|p1a: Rotom|Rotom-Wash|13/100
|turn|56
|
|t:|1641779505
|move|p1a: Rotom|Hydro Pump|p2a: Mew|[miss]
|-miss|p1a: Rotom|p2a: Mew
|move|p2a: Mew|Will-O-Wisp|p1a: Rotom
|-status|p1a: Rotom|brn
|
|-weather|Sandstorm|[upkeep]
|-damage|p1a: Rotom|7/100 brn|[from] Sandstorm
|-damage|p2a: Mew|82/100 brn|[from] Sandstorm
|-heal|p2a: Mew|88/100 brn|[from] item: Leftovers
|-damage|p1a: Rotom|1/100 brn|[from] brn
|-damage|p2a: Mew|82/100 brn|[from] brn
|upkeep
|turn|57
|
|t:|1641779511
|move|p1a: Rotom|Hydro Pump|p2a: Mew
|-damage|p2a: Mew|40/100 brn
|move|p2a: Mew|Strength Sap|p1a: Rotom
|-unboost|p1a: Rotom|atk|1
|-heal|p2a: Mew|75/100 brn
|
|-weather|Sandstorm|[upkeep]
|-damage|p1a: Rotom|0 fnt|[from] Sandstorm
|-damage|p2a: Mew|69/100 brn|[from] Sandstorm
|faint|p1a: Rotom
|
|win|Jeicoco
|upkeep
|raw|ZachPKM's rating: 1163 &rarr; <strong>1139</strong><br />(-24 for losing)
|raw|Jeicoco's rating: 1170 &rarr; <strong>1194</strong><br />(+24 for winning)
|c|☆Jeicoco|gg
|c|☆ZachPKM|Wow
|c|☆ZachPKM|if I didn’t miss I won that
|c|☆ZachPKM|Unfortunate
|c|☆Jeicoco|one shot impossible
|c|☆ZachPKM|Ik but I two shot
|l|☆Jeicoco
|c|☆ZachPKM|i hit the first
|c|☆ZachPKM|do forty ish
