|j|☆GalarianN00b
|j|☆AgentHiei
|t:|1641826240
|gametype|singles
|player|p1|GalarianN00b|ethan|1557
|player|p2|AgentHiei|shadowtriad|1521
|teamsize|p1|6
|teamsize|p2|6
|gen|8
|tier|[Gen 8] OU
|rated|
|rule|Sleep Clause Mod: Limit one foe put to sleep
|rule|Species Clause: Limit one of each Pokémon
|rule|OHKO Clause: OHKO moves are banned
|rule|Evasion Moves Clause: Evasion moves are banned
|rule|Endless Battle Clause: Forcing endless battles is banned
|rule|HP Percentage Mod: HP is shown in percentages
|rule|Dynamax Clause: You cannot dynamax
|clearpoke
|poke|p1|Torkoal, M|
|poke|p1|Venusaur, F|
|poke|p1|Blaziken, F|
|poke|p1|Charizard, M|
|poke|p1|Landorus-Therian, M|
|poke|p1|Tapu Fini|
|poke|p2|Blacephalon|
|poke|p2|Heatran, M|
|poke|p2|Tangrowth, F|
|poke|p2|Clefable, M|
|poke|p2|Latios, M|
|poke|p2|Landorus-Therian, M|
|teampreview
|inactive|Battle timer is ON: inactive players will automatically lose when time's up. (requested by AgentHiei)
|
|t:|1641826262
|start
|switch|p1a: Torkoal|Torkoal, M|100/100
|switch|p2a: Landorus|Landorus-Therian, M|100/100
|-ability|p2a: Landorus|Intimidate|boost
|-unboost|p1a: Torkoal|atk|1
|-weather|SunnyDay|[from] ability: Drought|[of] p1a: Torkoal
|turn|1
|
|t:|1641826271
|switch|p1a: Landorus|Landorus-Therian, M|100/100
|-ability|p1a: Landorus|Intimidate|boost
|-unboost|p2a: Landorus|atk|1
|move|p2a: Landorus|Stone Edge|p1a: Landorus
|-damage|p1a: Landorus|82/100
|
|-weather|SunnyDay|[upkeep]
|-heal|p1a: Landorus|88/100|[from] item: Leftovers
|upkeep
|turn|2
|inactive|AgentHiei has 120 seconds left.
|
|t:|1641826305
|switch|p2a: Latios|Latios, M|100/100
|move|p1a: Landorus|U-turn|p2a: Latios
|-supereffective|p2a: Latios
|-damage|p2a: Latios|44/100
|
|t:|1641826319
|switch|p1a: Tapu Fini|Tapu Fini|100/100|[from]move: U-turn
|-fieldstart|move: Misty Terrain|[from] ability: Misty Surge|[of] p1a: Tapu Fini
|
|-weather|SunnyDay|[upkeep]
|upkeep
|turn|3
|
|t:|1641826328
|move|p2a: Latios|Roost|p2a: Latios
|-heal|p2a: Latios|94/100
|-singleturn|p2a: Latios|move: Roost
|move|p1a: Tapu Fini|Nature's Madness|p2a: Latios
|-damage|p2a: Latios|47/100
|
|-weather|SunnyDay|[upkeep]
|upkeep
|turn|4
|
|t:|1641826334
|move|p2a: Latios|Roost|p2a: Latios
|-heal|p2a: Latios|98/100
|-singleturn|p2a: Latios|move: Roost
|move|p1a: Tapu Fini|Moonblast|p2a: Latios
|-supereffective|p2a: Latios
|-damage|p2a: Latios|34/100
|-unboost|p2a: Latios|spa|1
|
|-weather|SunnyDay|[upkeep]
|upkeep
|turn|5
|
|t:|1641826345
|switch|p2a: Clefable|Clefable, M|100/100
|move|p1a: Tapu Fini|Moonblast|p2a: Clefable
|-damage|p2a: Clefable|75/100
|
|-weather|SunnyDay|[upkeep]
|-heal|p2a: Clefable|81/100|[from] item: Leftovers
|upkeep
|turn|6
|
|t:|1641826354
|move|p1a: Tapu Fini|Nature's Madness|p2a: Clefable|[miss]
|-miss|p1a: Tapu Fini|p2a: Clefable
|move|p2a: Clefable|Stealth Rock|p1a: Tapu Fini
|-sidestart|p1: GalarianN00b|move: Stealth Rock
|
|-weather|SunnyDay|[upkeep]
|-heal|p2a: Clefable|88/100|[from] item: Leftovers
|-fieldend|Misty Terrain
|upkeep
|turn|7
|inactive|AgentHiei has 120 seconds left.
|
|t:|1641826399
|move|p1a: Tapu Fini|Defog|p2a: Clefable
|-unboost|p2a: Clefable|evasion|1
|-sideend|p1: GalarianN00b|Stealth Rock|[from] move: Defog|[of] p1a: Tapu Fini
|move|p2a: Clefable|Stealth Rock|p1a: Tapu Fini
|-sidestart|p1: GalarianN00b|move: Stealth Rock
|
|-weather|SunnyDay|[upkeep]
|-heal|p2a: Clefable|94/100|[from] item: Leftovers
|upkeep
|turn|8
|inactive|AgentHiei has 90 seconds left.
|inactive|AgentHiei has 60 seconds left.
|
|t:|1641826462
|switch|p2a: Tangrowth|Tangrowth, F|100/100
|move|p1a: Tapu Fini|Defog|p2a: Tangrowth
|-unboost|p2a: Tangrowth|evasion|1
|-sideend|p1: GalarianN00b|Stealth Rock|[from] move: Defog|[of] p1a: Tapu Fini
|
|-weather|none
|upkeep
|turn|9
|
|t:|1641826470
|switch|p1a: Torkoal|Torkoal, M|100/100
|-weather|SunnyDay|[from] ability: Drought|[of] p1a: Torkoal
|move|p2a: Tangrowth|Power Whip|p1a: Torkoal
|-resisted|p1a: Torkoal
|-damage|p1a: Torkoal|89/100
|
|-weather|SunnyDay|[upkeep]
|upkeep
|turn|10
|inactive|AgentHiei has 60 seconds left.
|
|t:|1641826495
|switch|p2a: Latios|Latios, M|34/100
|move|p1a: Torkoal|Stealth Rock|p2a: Latios
|-sidestart|p2: AgentHiei|move: Stealth Rock
|
|-weather|SunnyDay|[upkeep]
|upkeep
|turn|11
|
|t:|1641826505
|switch|p1a: Tapu Fini|Tapu Fini|100/100
|-fieldstart|move: Misty Terrain|[from] ability: Misty Surge|[of] p1a: Tapu Fini
|move|p2a: Latios|Roost|p2a: Latios
|-heal|p2a: Latios|84/100
|-singleturn|p2a: Latios|move: Roost
|
|-weather|SunnyDay|[upkeep]
|upkeep
|turn|12
|inactive|AgentHiei has 60 seconds left.
|
|t:|1641826533
|switch|p2a: Tangrowth|Tangrowth, F|100/100
|-damage|p2a: Tangrowth|88/100|[from] Stealth Rock
|switch|p1a: Blaziken|Blaziken, F|100/100
|-item|p1a: Blaziken|Air Balloon
|
|-weather|SunnyDay|[upkeep]
|upkeep
|turn|13
|
|t:|1641826541
|move|p1a: Blaziken|Flare Blitz|p2a: Tangrowth
|-supereffective|p2a: Tangrowth
|-crit|p2a: Tangrowth
|-damage|p2a: Tangrowth|0 fnt
|-damage|p1a: Blaziken|84/100|[from] item: Rocky Helmet|[of] p2a: Tangrowth
|faint|p2a: Tangrowth
|-damage|p1a: Blaziken|45/100|[from] Recoil
|
|-weather|SunnyDay|[upkeep]
|-ability|p1a: Blaziken|Speed Boost|boost
|-boost|p1a: Blaziken|spe|1
|upkeep
|
|t:|1641826552
|switch|p2a: Landorus|Landorus-Therian, M|100/100
|-damage|p2a: Landorus|88/100|[from] Stealth Rock
|-ability|p2a: Landorus|Intimidate|boost
|-unboost|p1a: Blaziken|atk|1
|turn|14
|
|t:|1641826560
|move|p1a: Blaziken|Protect|p1a: Blaziken
|-singleturn|p1a: Blaziken|Protect
|move|p2a: Landorus|Stone Edge|p1a: Blaziken
|-activate|p1a: Blaziken|move: Protect
|
|-weather|SunnyDay|[upkeep]
|-ability|p1a: Blaziken|Speed Boost|boost
|-boost|p1a: Blaziken|spe|1
|upkeep
|turn|15
|
|t:|1641826567
|switch|p1a: Landorus|Landorus-Therian, M|88/100
|-ability|p1a: Landorus|Intimidate|boost
|-unboost|p2a: Landorus|atk|1
|move|p2a: Landorus|Stone Edge|p1a: Landorus|[miss]
|-miss|p2a: Landorus|p1a: Landorus
|
|-weather|SunnyDay|[upkeep]
|-heal|p1a: Landorus|94/100|[from] item: Leftovers
|-fieldend|Misty Terrain
|upkeep
|turn|16
|inactive|AgentHiei has 60 seconds left.
|
|t:|1641826587
|switch|p2a: Clefable|Clefable, M|94/100
|move|p1a: Landorus|Toxic|p2a: Clefable
|-status|p2a: Clefable|tox
|
|-weather|none
|-heal|p1a: Landorus|99/100|[from] item: Leftovers
|-heal|p2a: Clefable|99/100 tox|[from] item: Leftovers
|upkeep
|turn|17
|
|t:|1641826596
|move|p1a: Landorus|U-turn|p2a: Clefable
|-resisted|p2a: Clefable
|-damage|p2a: Clefable|90/100 tox
|
|t:|1641826599
|switch|p1a: Torkoal|Torkoal, M|89/100|[from]move: U-turn
|-weather|SunnyDay|[from] ability: Drought|[of] p1a: Torkoal
|move|p2a: Clefable|Stealth Rock|p1a: Torkoal
|-sidestart|p1: GalarianN00b|move: Stealth Rock
|
|-weather|SunnyDay|[upkeep]
|-heal|p2a: Clefable|96/100 tox|[from] item: Leftovers
|upkeep
|turn|18
|inactive|AgentHiei has 60 seconds left.
|
|t:|1641826619
|move|p2a: Clefable|Knock Off|p1a: Torkoal
|-damage|p1a: Torkoal|80/100
|-enditem|p1a: Torkoal|Heat Rock|[from] move: Knock Off|[of] p2a: Clefable
|move|p1a: Torkoal|Rapid Spin|p2a: Clefable
|-damage|p2a: Clefable|88/100 tox
|-boost|p1a: Torkoal|spe|1
|-sideend|p1: GalarianN00b|Stealth Rock|[from] move: Rapid Spin|[of] p1a: Torkoal
|
|-weather|SunnyDay|[upkeep]
|-heal|p2a: Clefable|94/100 tox|[from] item: Leftovers
|upkeep
|turn|19
|inactive|AgentHiei has 60 seconds left.
|
|t:|1641826648
|switch|p2a: Latios|Latios, M|84/100
|-damage|p2a: Latios|72/100|[from] Stealth Rock
|switch|p1a: Blaziken|Blaziken, F|45/100
|-item|p1a: Blaziken|Air Balloon
|
|-weather|SunnyDay|[upkeep]
|upkeep
|turn|20
|inactive|AgentHiei has 30 seconds left.
|
|t:|1641826674
|switch|p1a: Tapu Fini|Tapu Fini|100/100
|-fieldstart|move: Misty Terrain|[from] ability: Misty Surge|[of] p1a: Tapu Fini
|move|p2a: Latios|Draco Meteor|p1a: Tapu Fini
|-immune|p1a: Tapu Fini
|
|-weather|SunnyDay|[upkeep]
|upkeep
|turn|21
|inactive|AgentHiei has 30 seconds left.
|
|t:|1641826681
|switch|p2a: Clefable|Clefable, M|94/100 tox
|move|p1a: Tapu Fini|Nature's Madness|p2a: Clefable
|-damage|p2a: Clefable|47/100 tox
|
|-weather|SunnyDay|[upkeep]
|-heal|p2a: Clefable|53/100 tox|[from] item: Leftovers
|upkeep
|turn|22
|
|t:|1641826691
|switch|p1a: Blaziken|Blaziken, F|45/100
|-item|p1a: Blaziken|Air Balloon
|move|p2a: Clefable|Soft-Boiled|p2a: Clefable
|-heal|p2a: Clefable|100/100 tox
|
|-weather|SunnyDay|[upkeep]
|upkeep
|turn|23
|
|t:|1641826698
|move|p1a: Blaziken|Flare Blitz|p2a: Clefable
|-damage|p2a: Clefable|16/100 tox
|-damage|p1a: Blaziken|9/100|[from] Recoil
|move|p2a: Clefable|Knock Off|p1a: Blaziken
|-resisted|p1a: Blaziken
|-damage|p1a: Blaziken|0 fnt
|-enditem|p1a: Blaziken|Air Balloon
|faint|p1a: Blaziken
|
|-weather|SunnyDay|[upkeep]
|-heal|p2a: Clefable|23/100 tox|[from] item: Leftovers
|upkeep
|
|t:|1641826708
|switch|p1a: Venusaur|Venusaur, F|100/100
|turn|24
|
|t:|1641826738
|switch|p2a: Heatran|Heatran, M|100/100
|-damage|p2a: Heatran|88/100|[from] Stealth Rock
|move|p1a: Venusaur|Earth Power|p2a: Heatran
|-supereffective|p2a: Heatran
|-damage|p2a: Heatran|0 fnt
|faint|p2a: Heatran
|-damage|p1a: Venusaur|91/100|[from] item: Life Orb
|
|-weather|none
|-fieldend|Misty Terrain
|upkeep
|inactive|AgentHiei has 30 seconds left.
|inactive|AgentHiei has 20 seconds left.
|inactive|AgentHiei has 15 seconds left.
|inactive|AgentHiei has 10 seconds left.
|
|t:|1641826770
|switch|p2a: Blacephalon|Blacephalon|100/100
|-damage|p2a: Blacephalon|76/100|[from] Stealth Rock
|turn|25
|inactive|AgentHiei has 20 seconds left this turn.
|
|t:|1641826781
|switch|p1a: Tapu Fini|Tapu Fini|100/100
|-fieldstart|move: Misty Terrain|[from] ability: Misty Surge|[of] p1a: Tapu Fini
|move|p2a: Blacephalon|Flamethrower|p1a: Tapu Fini
|-resisted|p1a: Tapu Fini
|-damage|p1a: Tapu Fini|78/100
|
|-heal|p1a: Tapu Fini|84/100|[from] item: Leftovers
|upkeep
|turn|26
|inactive|AgentHiei has 30 seconds left this turn.
|inactive|AgentHiei has 20 seconds left.
|
|t:|1641826792
|switch|p2a: Clefable|Clefable, M|23/100 tox
|move|p1a: Tapu Fini|Moonblast|p2a: Clefable
|-damage|p2a: Clefable|0 fnt
|faint|p2a: Clefable
|
|-heal|p1a: Tapu Fini|90/100|[from] item: Leftovers
|upkeep
|inactive|AgentHiei has 25 seconds left this turn.
|inactive|AgentHiei has 20 seconds left.
|inactive|AgentHiei has 15 seconds left.
|inactive|AgentHiei has 10 seconds left.
|inactive|AgentHiei has 5 seconds left.
|
|t:|1641826813
|switch|p2a: Landorus|Landorus-Therian, M|88/100
|-damage|p2a: Landorus|76/100|[from] Stealth Rock
|-ability|p2a: Landorus|Intimidate|boost
|-unboost|p1a: Tapu Fini|atk|1
|turn|27
|inactive|AgentHiei has 15 seconds left this turn.
|
|t:|1641826818
|switch|p1a: Landorus|Landorus-Therian, M|99/100
|-ability|p1a: Landorus|Intimidate|boost
|-unboost|p2a: Landorus|atk|1
|move|p2a: Landorus|Earthquake|p1a: Landorus
|-immune|p1a: Landorus
|
|-heal|p1a: Landorus|100/100|[from] item: Leftovers
|upkeep
|turn|28
|inactive|AgentHiei has 25 seconds left this turn.
|inactive|AgentHiei has 20 seconds left.
|inactive|AgentHiei has 15 seconds left.
|
|t:|1641826829
|switch|p2a: Latios|Latios, M|72/100
|-damage|p2a: Latios|59/100|[from] Stealth Rock
|move|p1a: Landorus|U-turn|p2a: Latios
|-supereffective|p2a: Latios
|-damage|p2a: Latios|0 fnt
|faint|p2a: Latios
|inactive|AgentHiei has 20 seconds left this turn.
|
|t:|1641826848
|switch|p1a: Charizard|Charizard, M|100/100|[from]move: U-turn
|
|upkeep
|inactive|AgentHiei has 25 seconds left this turn.
|inactive|AgentHiei has 20 seconds left.
|
|t:|1641826853
|switch|p2a: Landorus|Landorus-Therian, M|76/100
|-damage|p2a: Landorus|64/100|[from] Stealth Rock
|-ability|p2a: Landorus|Intimidate|boost
|-unboost|p1a: Charizard|atk|1
|turn|29
|inactive|AgentHiei has 30 seconds left this turn.
|
|t:|1641826859
|switch|p1a: Landorus|Landorus-Therian, M|100/100
|-ability|p1a: Landorus|Intimidate|boost
|-unboost|p2a: Landorus|atk|1
|move|p2a: Landorus|Stone Edge|p1a: Landorus|[miss]
|-miss|p2a: Landorus|p1a: Landorus
|
|-fieldend|Misty Terrain
|upkeep
|turn|30
|
|t:|1641826866
|move|p2a: Landorus|Stone Edge|p1a: Landorus
|-damage|p1a: Landorus|83/100
|move|p1a: Landorus|Toxic|p2a: Landorus
|-status|p2a: Landorus|tox
|
|-heal|p1a: Landorus|89/100|[from] item: Leftovers
|-damage|p2a: Landorus|58/100 tox|[from] psn
|upkeep
|turn|31
|inactive|AgentHiei has 30 seconds left.
|-message|AgentHiei forfeited.
|
|win|GalarianN00b
|raw|GalarianN00b's rating: 1557 &rarr; <strong>1575</strong><br />(+18 for winning)
|raw|AgentHiei's rating: 1521 &rarr; <strong>1503</strong><br />(-18 for losing)
|l|☆AgentHiei
