|j|☆Rhyfinn12
|j|☆enternaam
|t:|1641795438
|gametype|singles
|player|p1|Rhyfinn12|ninjaboy|1082
|player|p2|enternaam|veteranf|1083
|teamsize|p1|6
|teamsize|p2|6
|gen|8
|tier|[Gen 8] OU
|rated|
|rule|Sleep Clause Mod: Limit one foe put to sleep
|rule|Species Clause: Limit one of each Pokémon
|rule|OHKO Clause: OHKO moves are banned
|rule|Evasion Moves Clause: Evasion moves are banned
|rule|Endless Battle Clause: Forcing endless battles is banned
|rule|HP Percentage Mod: HP is shown in percentages
|rule|Dynamax Clause: You cannot dynamax
|clearpoke
|poke|p1|Dragonite, M|
|poke|p1|Toxapex, F|
|poke|p1|Corviknight, M|
|poke|p1|Dragapult, F|
|poke|p1|Volcarona, F|
|poke|p1|Mew|
|poke|p2|Weezing, M|
|poke|p2|Mantine, F|
|poke|p2|Claydol|
|poke|p2|Scizor, M|
|poke|p2|Lickilicky, F|
|poke|p2|Dragapult, F|
|teampreview
|inactive|Battle timer is ON: inactive players will automatically lose when time's up. (requested by Rhyfinn12)
|
|t:|1641795451
|start
|switch|p1a: Corviknight|Corviknight, M|100/100
|switch|p2a: Claydol|Claydol|100/100
|-ability|p1a: Corviknight|Pressure
|turn|1
|
|t:|1641795463
|move|p2a: Claydol|Reflect|p2a: Claydol
|-sidestart|p2: enternaam|Reflect
|move|p1a: Corviknight|Taunt|p2a: Claydol
|-start|p2a: Claydol|move: Taunt
|
|upkeep
|turn|2
|
|t:|1641795476
|switch|p2a: Dragapult|Dragapult, F|100/100
|move|p1a: Corviknight|Defog|p2a: Dragapult
|-unboost|p2a: Dragapult|evasion|1
|-sideend|p2: enternaam|Reflect
|
|upkeep
|turn|3
|
|t:|1641795490
|move|p2a: Dragapult|Thunder|p1a: Corviknight
|-supereffective|p1a: Corviknight
|-damage|p1a: Corviknight|47/100
|move|p1a: Corviknight|U-turn|p2a: Dragapult
|-resisted|p2a: Dragapult
|-damage|p2a: Dragapult|90/100
|
|t:|1641795500
|switch|p1a: Dragapult|Dragapult, F|100/100|[from]move: U-turn
|
|upkeep
|turn|4
|
|t:|1641795512
|move|p1a: Dragapult|Sucker Punch|p2a: Dragapult
|-supereffective|p2a: Dragapult
|-damage|p2a: Dragapult|21/100
|move|p2a: Dragapult|Outrage|p1a: Dragapult
|-supereffective|p1a: Dragapult
|-damage|p1a: Dragapult|0 fnt
|faint|p1a: Dragapult
|
|upkeep
|
|t:|1641795523
|switch|p1a: Corviknight|Corviknight, M|47/100
|-ability|p1a: Corviknight|Pressure
|turn|5
|
|t:|1641795528
|move|p2a: Dragapult|Outrage|p1a: Corviknight|[from]lockedmove
|-resisted|p1a: Corviknight
|-damage|p1a: Corviknight|24/100
|-start|p2a: Dragapult|confusion|[fatigue]
|move|p1a: Corviknight|Roost|p1a: Corviknight
|-heal|p1a: Corviknight|74/100
|-singleturn|p1a: Corviknight|move: Roost
|
|-heal|p1a: Corviknight|80/100|[from] item: Leftovers
|upkeep
|turn|6
|inactive|Rhyfinn12 has 120 seconds left.
|inactive|enternaam has 120 seconds left.
|
|t:|1641795568
|switch|p2a: Weezing|Weezing, M|100/100
|switch|p1a: Volcarona|Volcarona, F|100/100
|
|upkeep
|turn|7
|inactive|enternaam has 120 seconds left.
|
|t:|1641795587
|switch|p2a: Mantine|Mantine, F|100/100
|move|p1a: Volcarona|Quiver Dance|p1a: Volcarona
|-boost|p1a: Volcarona|spa|1
|-boost|p1a: Volcarona|spd|1
|-boost|p1a: Volcarona|spe|1
|
|upkeep
|turn|8
|inactive|Rhyfinn12 has 120 seconds left.
|inactive|enternaam has 120 seconds left.
|
|t:|1641795599
|switch|p1a: Toxapex|Toxapex, F|100/100
|move|p2a: Mantine|Mud-Slap|p1a: Toxapex
|-supereffective|p1a: Toxapex
|-damage|p1a: Toxapex|95/100
|-unboost|p1a: Toxapex|accuracy|1
|
|-heal|p1a: Toxapex|100/100|[from] item: Black Sludge
|upkeep
|turn|9
|inactive|Rhyfinn12 has 120 seconds left.
|inactive|enternaam has 120 seconds left.
|
|t:|1641795609
|move|p2a: Mantine|Whirlpool|p1a: Toxapex
|-resisted|p1a: Toxapex
|-damage|p1a: Toxapex|97/100
|-activate|p1a: Toxapex|move: Whirlpool|[of] p2a: Mantine
|move|p1a: Toxapex|Toxic|p2a: Mantine
|-status|p2a: Mantine|tox
|
|-heal|p1a: Toxapex|100/100|[from] item: Black Sludge
|-damage|p2a: Mantine|94/100 tox|[from] psn
|-damage|p1a: Toxapex|88/100|[from] move: Whirlpool|[partiallytrapped]
|upkeep
|turn|10
|inactive|enternaam has 120 seconds left.
|
|t:|1641795626
|switch|p2a: Weezing|Weezing, M|100/100
|move|p1a: Toxapex|Baneful Bunker||[still]
|-fail|p1a: Toxapex
|
|-heal|p1a: Toxapex|94/100|[from] item: Black Sludge
|-end|p1a: Toxapex|Whirlpool|[partiallytrapped]|[silent]
|upkeep
|turn|11
|
|t:|1641795637
|switch|p1a: Volcarona|Volcarona, F|100/100
|move|p2a: Weezing|Toxic Spikes|p1a: Volcarona
|-sidestart|p1: Rhyfinn12|move: Toxic Spikes
|
|upkeep
|turn|12
|
|t:|1641795654
|move|p1a: Volcarona|Fiery Dance|p2a: Weezing
|-damage|p2a: Weezing|23/100
|-boost|p1a: Volcarona|spa|1
|move|p2a: Weezing|Smokescreen|p1a: Volcarona
|-unboost|p1a: Volcarona|accuracy|1
|
|upkeep
|turn|13
|
|t:|1641795669
|switch|p2a: Claydol|Claydol|100/100
|move|p1a: Volcarona|Fiery Dance|p2a: Claydol
|-crit|p2a: Claydol
|-damage|p2a: Claydol|1/100
|
|upkeep
|turn|14
|
|t:|1641795680
|move|p1a: Volcarona|Fiery Dance|p2a: Claydol
|-damage|p2a: Claydol|0 fnt
|-boost|p1a: Volcarona|spa|1
|faint|p2a: Claydol
|
|upkeep
|
|t:|1641795690
|switch|p2a: Dragapult|Dragapult, F|21/100
|turn|15
|
|t:|1641795704
|move|p2a: Dragapult|Outrage|p1a: Volcarona
|-damage|p1a: Volcarona|19/100
|-status|p2a: Dragapult|brn|[from] ability: Flame Body|[of] p1a: Volcarona
|move|p1a: Volcarona|Bug Buzz|p2a: Dragapult
|-resisted|p2a: Dragapult
|-damage|p2a: Dragapult|0 fnt
|faint|p2a: Dragapult
|
|-heal|p1a: Volcarona|25/100|[from] item: Leftovers
|upkeep
|
|t:|1641795718
|switch|p2a: Lickilicky|Lickilicky, F|100/100
|turn|16
|
|t:|1641795729
|move|p1a: Volcarona|Fiery Dance|p2a: Lickilicky
|-damage|p2a: Lickilicky|31/100
|move|p2a: Lickilicky|Body Slam|p1a: Volcarona
|-damage|p1a: Volcarona|0 fnt
|faint|p1a: Volcarona
|
|-heal|p2a: Lickilicky|37/100|[from] item: Leftovers
|upkeep
|
|t:|1641795741
|switch|p1a: Dragonite|Dragonite, M|100/100
|turn|17
|inactive|enternaam has 120 seconds left.
|
|t:|1641795757
|move|p1a: Dragonite|Dragon Claw|p2a: Lickilicky
|-damage|p2a: Lickilicky|4/100
|move|p2a: Lickilicky|Body Slam|p1a: Dragonite
|-damage|p1a: Dragonite|89/100
|
|-heal|p1a: Dragonite|96/100|[from] item: Leftovers
|-heal|p2a: Lickilicky|10/100|[from] item: Leftovers
|upkeep
|turn|18
|
|t:|1641795769
|switch|p2a: Scizor|Scizor, M|100/100
|move|p1a: Dragonite|Extreme Speed|p2a: Scizor
|-resisted|p2a: Scizor
|-damage|p2a: Scizor|84/100
|
|-heal|p1a: Dragonite|100/100|[from] item: Leftovers
|upkeep
|turn|19
|
|t:|1641795781
|move|p2a: Scizor|Swords Dance|p2a: Scizor
|-boost|p2a: Scizor|atk|2
|move|p1a: Dragonite|Dual Wingbeat|p2a: Scizor
|-damage|p2a: Scizor|57/100
|-damage|p2a: Scizor|29/100
|-hitcount|p2a: Scizor|2
|
|upkeep
|turn|20
|
|t:|1641795789
|move|p2a: Scizor|Bullet Punch|p1a: Dragonite
|-damage|p1a: Dragonite|73/100
|move|p1a: Dragonite|Dual Wingbeat|p2a: Scizor
|-damage|p2a: Scizor|4/100
|-enditem|p2a: Scizor|Aguav Berry|[eat]
|-heal|p2a: Scizor|37/100|[from] item: Aguav Berry
|-damage|p2a: Scizor|13/100
|-hitcount|p2a: Scizor|2
|
|-heal|p1a: Dragonite|80/100|[from] item: Leftovers
|upkeep
|turn|21
|inactive|enternaam has 120 seconds left.
|
|t:|1641795806
|move|p2a: Scizor|Bullet Punch|p1a: Dragonite
|-damage|p1a: Dragonite|25/100
|move|p1a: Dragonite|Dual Wingbeat|p2a: Scizor
|-damage|p2a: Scizor|0 fnt
|faint|p2a: Scizor
|-hitcount|p2: Scizor|1
|
|-heal|p1a: Dragonite|31/100|[from] item: Leftovers
|upkeep
|-message|enternaam forfeited.
|
|win|Rhyfinn12
|raw|Rhyfinn12's rating: 1082 &rarr; <strong>1110</strong><br />(+28 for winning)
|raw|enternaam's rating: 1083 &rarr; <strong>1060</strong><br />(-23 for losing)
