|j|☆Yo whats up yo
|j|☆Smart Falcon
|t:|1641807466
|gametype|singles
|player|p1|Yo whats up yo|101|1268
|player|p2|Smart Falcon|shauntal|1230
|teamsize|p1|6
|teamsize|p2|6
|gen|8
|tier|[Gen 8] OU
|rated|
|rule|Sleep Clause Mod: Limit one foe put to sleep
|rule|Species Clause: Limit one of each Pokémon
|rule|OHKO Clause: OHKO moves are banned
|rule|Evasion Moves Clause: Evasion moves are banned
|rule|Endless Battle Clause: Forcing endless battles is banned
|rule|HP Percentage Mod: HP is shown in percentages
|rule|Dynamax Clause: You cannot dynamax
|clearpoke
|poke|p1|Heatran, M|
|poke|p1|Krookodile, M|
|poke|p1|Dragonite, F|
|poke|p1|Volcanion|
|poke|p1|Regieleki|
|poke|p1|Rotom-Wash|
|poke|p2|Tyranitar, M|
|poke|p2|Clefable, F|
|poke|p2|Excadrill, M|
|poke|p2|Kartana|
|poke|p2|Zapdos|
|poke|p2|Cloyster, M|
|teampreview
|
|t:|1641807481
|start
|switch|p1a: Krookodile|Krookodile, M|100/100
|switch|p2a: Cloyster|Cloyster, M|100/100
|-ability|p1a: Krookodile|Intimidate|boost
|-unboost|p2a: Cloyster|atk|1
|turn|1
|
|t:|1641807495
|switch|p1a: Volcanion|Volcanion|100/100
|move|p2a: Cloyster|Surf|p1a: Volcanion
|-immune|p1a: Volcanion|[from] ability: Water Absorb
|
|upkeep
|turn|2
|
|t:|1641807502
|move|p2a: Cloyster|Shell Smash|p2a: Cloyster
|-unboost|p2a: Cloyster|def|1
|-unboost|p2a: Cloyster|spd|1
|-boost|p2a: Cloyster|atk|2
|-boost|p2a: Cloyster|spa|2
|-boost|p2a: Cloyster|spe|2
|move|p1a: Volcanion|Steam Eruption|p2a: Cloyster
|-resisted|p2a: Cloyster
|-enditem|p2a: Cloyster|Focus Sash
|-damage|p2a: Cloyster|1/100
|
|upkeep
|turn|3
|
|t:|1641807513
|move|p2a: Cloyster|Rock Blast|p1a: Volcanion
|-supereffective|p1a: Volcanion
|-damage|p1a: Volcanion|79/100
|-supereffective|p1a: Volcanion
|-damage|p1a: Volcanion|58/100
|-supereffective|p1a: Volcanion
|-damage|p1a: Volcanion|35/100
|-supereffective|p1a: Volcanion
|-damage|p1a: Volcanion|15/100
|-supereffective|p1a: Volcanion
|-damage|p1a: Volcanion|0 fnt
|faint|p1a: Volcanion
|-hitcount|p1: Volcanion|5
|
|upkeep
|
|t:|1641807529
|switch|p1a: Regieleki|Regieleki|100/100
|turn|4
|
|t:|1641807536
|switch|p2a: Excadrill|Excadrill, M|100/100
|move|p1a: Regieleki|Rapid Spin|p2a: Excadrill
|-resisted|p2a: Excadrill
|-damage|p2a: Excadrill|92/100
|-boost|p1a: Regieleki|spe|1
|
|upkeep
|turn|5
|
|t:|1641807545
|switch|p1a: Krookodile|Krookodile, M|100/100
|-ability|p1a: Krookodile|Intimidate|boost
|-unboost|p2a: Excadrill|atk|1
|move|p2a: Excadrill|Rapid Spin|p1a: Krookodile
|-damage|p1a: Krookodile|80/100
|-boost|p2a: Excadrill|spe|1
|-damage|p2a: Excadrill|82/100|[from] item: Life Orb
|
|upkeep
|turn|6
|
|t:|1641807556
|switch|p2a: Zapdos|Zapdos|100/100
|move|p1a: Krookodile|Earthquake|p2a: Zapdos
|-immune|p2a: Zapdos
|
|upkeep
|turn|7
|
|t:|1641807564
|switch|p1a: Dragonite|Dragonite, F|100/100
|move|p2a: Zapdos|Hurricane|p1a: Dragonite|[miss]
|-miss|p2a: Zapdos|p1a: Dragonite
|
|upkeep
|turn|8
|
|t:|1641807571
|move|p2a: Zapdos|Volt Switch|p1a: Dragonite
|-damage|p1a: Dragonite|89/100
|
|t:|1641807574
|switch|p2a: Cloyster|Cloyster, M|1/100|[from]move: Volt Switch
|move|p1a: Dragonite|Ice Beam|p2a: Cloyster
|-resisted|p2a: Cloyster
|-damage|p2a: Cloyster|0 fnt
|faint|p2a: Cloyster
|
|upkeep
|
|t:|1641807585
|switch|p2a: Excadrill|Excadrill, M|82/100
|turn|9
|
|t:|1641807589
|move|p2a: Excadrill|Rock Slide|p1a: Dragonite
|-supereffective|p1a: Dragonite
|-damage|p1a: Dragonite|38/100
|-damage|p2a: Excadrill|73/100|[from] item: Life Orb
|cant|p1a: Dragonite|flinch
|
|upkeep
|turn|10
|
|t:|1641807597
|switch|p1a: Krookodile|Krookodile, M|80/100
|-ability|p1a: Krookodile|Intimidate|boost
|-unboost|p2a: Excadrill|atk|1
|move|p2a: Excadrill|Iron Head|p1a: Krookodile
|-damage|p1a: Krookodile|26/100
|-damage|p2a: Excadrill|63/100|[from] item: Life Orb
|
|upkeep
|turn|11
|
|t:|1641807608
|switch|p2a: Zapdos|Zapdos|100/100
|move|p1a: Krookodile|Earthquake|p2a: Zapdos
|-immune|p2a: Zapdos
|
|upkeep
|turn|12
|
|t:|1641807617
|move|p1a: Krookodile|Earthquake|p2a: Zapdos
|-immune|p2a: Zapdos
|move|p2a: Zapdos|Hurricane|p1a: Krookodile|[miss]
|-miss|p2a: Zapdos|p1a: Krookodile
|
|upkeep
|turn|13
|-message|Yo whats up yo forfeited.
|
|win|Smart Falcon
|raw|Yo whats up yo's rating: 1268 &rarr; <strong>1242</strong><br />(-26 for losing)
|raw|Smart Falcon's rating: 1248 &rarr; <strong>1274</strong><br />(+26 for winning)
|l|☆Yo whats up yo
