|j|☆gebo
|j|☆DumbLick1337
|t:|1641833972
|gametype|singles
|player|p1|gebo|266|1378
|player|p2|DumbLick1337|102|1291
|teamsize|p1|6
|teamsize|p2|6
|gen|8
|tier|[Gen 8] OU
|rated|
|rule|Sleep Clause Mod: Limit one foe put to sleep
|rule|Species Clause: Limit one of each Pokémon
|rule|OHKO Clause: OHKO moves are banned
|rule|Evasion Moves Clause: Evasion moves are banned
|rule|Endless Battle Clause: Forcing endless battles is banned
|rule|HP Percentage Mod: HP is shown in percentages
|rule|Dynamax Clause: You cannot dynamax
|clearpoke
|poke|p1|Kommo-o, M|
|poke|p1|Mew|
|poke|p1|Kartana|
|poke|p1|Tapu Koko|
|poke|p1|Obstagoon, M|
|poke|p1|Hawlucha, F|
|poke|p2|Clefable, F|
|poke|p2|Corviknight, F|
|poke|p2|Hydreigon, F|
|poke|p2|Rotom-Wash|
|poke|p2|Hippowdon, F|
|poke|p2|Excadrill, M|
|teampreview
|
|t:|1641833975
|start
|switch|p1a: Tapu Koko|Tapu Koko, shiny|100/100
|switch|p2a: Hippowdon|Hippowdon, F|100/100
|-fieldstart|move: Electric Terrain|[from] ability: Electric Surge|[of] p1a: Tapu Koko
|-weather|Sandstorm|[from] ability: Sand Stream|[of] p2a: Hippowdon
|turn|1
|c|☆DumbLick1337|hf
|inactive|Battle timer is ON: inactive players will automatically lose when time's up. (requested by DumbLick1337)
|c|☆gebo|glhf
|
|t:|1641833985
|switch|p2a: Excadrill|Excadrill, M|100/100
|move|p1a: Tapu Koko|Reflect|p1a: Tapu Koko
|-sidestart|p1: gebo|Reflect
|
|-weather|Sandstorm|[upkeep]
|-damage|p1a: Tapu Koko|94/100|[from] Sandstorm
|upkeep
|turn|2
|
|t:|1641833989
|switch|p2a: Hippowdon|Hippowdon, F|100/100
|move|p1a: Tapu Koko|Taunt|p2a: Hippowdon
|-start|p2a: Hippowdon|move: Taunt
|
|-weather|Sandstorm|[upkeep]
|-damage|p1a: Tapu Koko|88/100|[from] Sandstorm
|upkeep
|turn|3
|
|t:|1641833991
|switch|p2a: Corviknight|Corviknight, F|100/100
|-ability|p2a: Corviknight|Pressure
|move|p1a: Tapu Koko|Light Screen|p1a: Tapu Koko
|-sidestart|p1: gebo|move: Light Screen
|
|-weather|Sandstorm|[upkeep]
|-damage|p1a: Tapu Koko|82/100|[from] Sandstorm
|upkeep
|turn|4
|
|t:|1641833995
|move|p1a: Tapu Koko|Taunt|p2a: Corviknight
|-start|p2a: Corviknight|move: Taunt
|cant|p2a: Corviknight|move: Taunt|Bulk Up
|
|-weather|Sandstorm|[upkeep]
|-damage|p1a: Tapu Koko|76/100|[from] Sandstorm
|upkeep
|turn|5
|
|t:|1641834001
|switch|p1a: Hawlucha|Hawlucha, F, shiny|100/100
|-enditem|p1a: Hawlucha|Electric Seed
|-boost|p1a: Hawlucha|def|1|[from] item: Electric Seed
|switch|p2a: Hippowdon|Hippowdon, F|100/100
|
|-weather|Sandstorm|[upkeep]
|-damage|p1a: Hawlucha|94/100|[from] Sandstorm
|-fieldend|move: Electric Terrain
|upkeep
|turn|6
|
|t:|1641834009
|move|p1a: Hawlucha|Taunt|p2a: Hippowdon
|-start|p2a: Hippowdon|move: Taunt
|cant|p2a: Hippowdon|move: Taunt|Stealth Rock
|
|-weather|Sandstorm|[upkeep]
|-damage|p1a: Hawlucha|88/100|[from] Sandstorm
|upkeep
|turn|7
|
|t:|1641834011
|switch|p2a: Corviknight|Corviknight, F|100/100
|-ability|p2a: Corviknight|Pressure
|move|p1a: Hawlucha|Swords Dance|p1a: Hawlucha
|-boost|p1a: Hawlucha|atk|2
|
|-weather|Sandstorm|[upkeep]
|-damage|p1a: Hawlucha|82/100|[from] Sandstorm
|upkeep
|turn|8
|
|t:|1641834016
|move|p1a: Hawlucha|Taunt|p2a: Corviknight
|-start|p2a: Corviknight|move: Taunt
|cant|p2a: Corviknight|move: Taunt|Roost
|
|-weather|none
|-sideend|p1: gebo|Reflect
|upkeep
|turn|9
|
|t:|1641834018
|move|p1a: Hawlucha|Swords Dance|p1a: Hawlucha
|-boost|p1a: Hawlucha|atk|2
|move|p2a: Corviknight|Brave Bird|p1a: Hawlucha
|-supereffective|p1a: Hawlucha
|-damage|p1a: Hawlucha|26/100
|-damage|p2a: Corviknight|84/100|[from] Recoil
|
|-heal|p2a: Corviknight|90/100|[from] item: Leftovers
|upkeep
|turn|10
|
|t:|1641834027
|move|p1a: Hawlucha|Close Combat|p2a: Corviknight
|-damage|p2a: Corviknight|0 fnt
|-unboost|p1a: Hawlucha|def|1
|-unboost|p1a: Hawlucha|spd|1
|faint|p2a: Corviknight
|
|-sideend|p1: gebo|move: Light Screen
|upkeep
|
|t:|1641834027
|switch|p2a: Hippowdon|Hippowdon, F|100/100
|-weather|Sandstorm|[from] ability: Sand Stream|[of] p2a: Hippowdon
|turn|11
|
|t:|1641834030
|move|p1a: Hawlucha|Acrobatics|p2a: Hippowdon
|-damage|p2a: Hippowdon|27/100
|move|p2a: Hippowdon|Whirlwind|p1a: Hawlucha
|drag|p1a: Obstagoon|Obstagoon, M, shiny|100/100
|
|-weather|Sandstorm|[upkeep]
|-damage|p1a: Obstagoon|94/100|[from] Sandstorm
|upkeep
|turn|12
|
|t:|1641834044
|move|p1a: Obstagoon|Switcheroo|p2a: Hippowdon
|-activate|p1a: Obstagoon|move: Trick|[of] p2a: Hippowdon
|-item|p2a: Hippowdon|Choice Scarf|[from] move: Switcheroo
|-item|p1a: Obstagoon|Smooth Rock|[from] move: Switcheroo
|move|p2a: Hippowdon|Slack Off|p2a: Hippowdon
|-heal|p2a: Hippowdon|77/100
|
|-weather|Sandstorm|[upkeep]
|-damage|p1a: Obstagoon|88/100|[from] Sandstorm
|upkeep
|turn|13
|
|t:|1641834056
|move|p1a: Obstagoon|Parting Shot|p2a: Hippowdon
|-unboost|p2a: Hippowdon|atk|1
|-unboost|p2a: Hippowdon|spa|1
|
|t:|1641834062
|switch|p1a: Kommo-o|Kommo-o, M|100/100|[from]move: Parting Shot
|move|p2a: Hippowdon|Slack Off|p2a: Hippowdon
|-heal|p2a: Hippowdon|100/100
|
|-weather|Sandstorm|[upkeep]
|-damage|p1a: Kommo-o|94/100|[from] Sandstorm
|upkeep
|turn|14
|
|t:|1641834064
|switch|p2a: Clefable|Clefable, F|100/100
|move|p1a: Kommo-o|Substitute|p1a: Kommo-o
|-start|p1a: Kommo-o|Substitute
|-damage|p1a: Kommo-o|69/100
|
|-weather|Sandstorm|[upkeep]
|-damage|p1a: Kommo-o|63/100|[from] Sandstorm
|upkeep
|turn|15
|
|t:|1641834067
|switch|p2a: Hippowdon|Hippowdon, F|100/100
|move|p1a: Kommo-o|Belly Drum|p1a: Kommo-o
|-damage|p1a: Kommo-o|13/100
|-setboost|p1a: Kommo-o|atk|6|[from] move: Belly Drum
|-enditem|p1a: Kommo-o|Salac Berry|[eat]
|-boost|p1a: Kommo-o|spe|1|[from] item: Salac Berry
|
|-weather|Sandstorm|[upkeep]
|-damage|p1a: Kommo-o|8/100|[from] Sandstorm
|upkeep
|turn|16
|
|t:|1641834069
|move|p1a: Kommo-o|Drain Punch|p2a: Hippowdon
|-damage|p2a: Hippowdon|33/100
|-heal|p1a: Kommo-o|54/100|[from] drain|[of] p2a: Hippowdon
|move|p2a: Hippowdon|Earthquake|p1a: Kommo-o
|-end|p1a: Kommo-o|Substitute
|
|-weather|Sandstorm|[upkeep]
|-damage|p1a: Kommo-o|48/100|[from] Sandstorm
|upkeep
|turn|17
|
|t:|1641834075
|move|p1a: Kommo-o|Drain Punch|p2a: Hippowdon
|-damage|p2a: Hippowdon|0 fnt
|-heal|p1a: Kommo-o|71/100|[from] drain|[of] p2a: Hippowdon
|faint|p2a: Hippowdon
|
|-weather|Sandstorm|[upkeep]
|-damage|p1a: Kommo-o|65/100|[from] Sandstorm
|upkeep
|
|t:|1641834075
|switch|p2a: Excadrill|Excadrill, M|100/100
|turn|18
|
|t:|1641834081
|move|p2a: Excadrill|Earthquake|p1a: Kommo-o
|-damage|p1a: Kommo-o|0 fnt
|faint|p1a: Kommo-o
|-damage|p2a: Excadrill|91/100|[from] item: Life Orb
|
|-weather|none
|upkeep
|
|t:|1641834087
|switch|p1a: Tapu Koko|Tapu Koko, shiny|76/100
|-fieldstart|move: Electric Terrain|[from] ability: Electric Surge|[of] p1a: Tapu Koko
|turn|19
|
|t:|1641834093
|switch|p2a: Hydreigon|Hydreigon, F|100/100
|move|p1a: Tapu Koko|Reflect|p1a: Tapu Koko
|-sidestart|p1: gebo|Reflect
|
|upkeep
|turn|20
|
|t:|1641834095
|move|p1a: Tapu Koko|Light Screen|p1a: Tapu Koko
|-sidestart|p1: gebo|move: Light Screen
|move|p2a: Hydreigon|Flash Cannon|p1a: Tapu Koko
|-damage|p1a: Tapu Koko|60/100
|
|upkeep
|turn|21
|
|t:|1641834107
|move|p1a: Tapu Koko|Taunt|p2a: Hydreigon
|-start|p2a: Hydreigon|move: Taunt
|move|p2a: Hydreigon|Flash Cannon|p1a: Tapu Koko
|-damage|p1a: Tapu Koko|44/100
|
|upkeep
|turn|22
|
|t:|1641834111
|move|p1a: Tapu Koko|U-turn|p2a: Hydreigon
|-supereffective|p2a: Hydreigon
|-damage|p2a: Hydreigon|59/100
|
|t:|1641834120
|switch|p1a: Mew|Mew, shiny|100/100|[from]move: U-turn
|move|p2a: Hydreigon|Flash Cannon|p1a: Mew
|-damage|p1a: Mew|89/100
|
|-heal|p1a: Mew|95/100|[from] item: Leftovers
|-heal|p2a: Hydreigon|65/100|[from] item: Leftovers
|upkeep
|turn|23
|
|t:|1641834125
|move|p1a: Mew|Cosmic Power|p1a: Mew
|-boost|p1a: Mew|def|1
|-boost|p1a: Mew|spd|1
|move|p2a: Hydreigon|Dark Pulse|p1a: Mew
|-supereffective|p1a: Mew
|-damage|p1a: Mew|72/100
|
|-heal|p1a: Mew|78/100|[from] item: Leftovers
|-heal|p2a: Hydreigon|71/100|[from] item: Leftovers
|-end|p2a: Hydreigon|move: Taunt
|-fieldend|move: Electric Terrain
|upkeep
|turn|24
|
|t:|1641834128
|move|p1a: Mew|Toxic|p2a: Hydreigon|[miss]
|-miss|p1a: Mew|p2a: Hydreigon
|move|p2a: Hydreigon|Substitute|p2a: Hydreigon
|-start|p2a: Hydreigon|Substitute
|-damage|p2a: Hydreigon|46/100
|
|-heal|p1a: Mew|85/100|[from] item: Leftovers
|-heal|p2a: Hydreigon|52/100|[from] item: Leftovers
|upkeep
|turn|25
|
|t:|1641834150
|switch|p1a: Tapu Koko|Tapu Koko, shiny|44/100
|-fieldstart|move: Electric Terrain|[from] ability: Electric Surge|[of] p1a: Tapu Koko
|move|p2a: Hydreigon|Nasty Plot|p2a: Hydreigon
|-boost|p2a: Hydreigon|spa|2
|
|-heal|p2a: Hydreigon|58/100|[from] item: Leftovers
|upkeep
|turn|26
|
|t:|1641834152
|move|p1a: Tapu Koko|U-turn|p2a: Hydreigon
|-supereffective|p2a: Hydreigon
|-end|p2a: Hydreigon|Substitute
|
|t:|1641834157
|switch|p1a: Hawlucha|Hawlucha, F, shiny|26/100|[from]move: U-turn
|move|p2a: Hydreigon|Nasty Plot|p2a: Hydreigon
|-boost|p2a: Hydreigon|spa|2
|
|-heal|p2a: Hydreigon|64/100|[from] item: Leftovers
|-sideend|p1: gebo|Reflect
|upkeep
|turn|27
|
|t:|1641834164
|move|p2a: Hydreigon|Dark Pulse|p1a: Hawlucha
|-resisted|p1a: Hawlucha
|-damage|p1a: Hawlucha|0 fnt
|faint|p1a: Hawlucha
|
|-heal|p2a: Hydreigon|71/100|[from] item: Leftovers
|-sideend|p1: gebo|move: Light Screen
|upkeep
|
|t:|1641834170
|switch|p1a: Obstagoon|Obstagoon, M, shiny|88/100
|turn|28
|
|t:|1641834179
|move|p2a: Hydreigon|Flash Cannon|p1a: Obstagoon
|-damage|p1a: Obstagoon|0 fnt
|faint|p1a: Obstagoon
|
|-heal|p2a: Hydreigon|77/100|[from] item: Leftovers
|upkeep
|
|t:|1641834183
|switch|p1a: Kartana|Kartana, shiny|100/100
|turn|29
|
|t:|1641834196
|move|p1a: Kartana|Sacred Sword|p2a: Hydreigon
|-supereffective|p2a: Hydreigon
|-damage|p2a: Hydreigon|0 fnt
|faint|p2a: Hydreigon
|-ability|p1a: Kartana|Beast Boost|boost
|-boost|p1a: Kartana|spe|1
|-damage|p1a: Kartana|91/100|[from] item: Life Orb
|
|-fieldend|move: Electric Terrain
|upkeep
|
|t:|1641834197
|switch|p2a: Clefable|Clefable, F|100/100
|turn|30
|
|t:|1641834206
|move|p1a: Kartana|Swords Dance|p1a: Kartana
|-boost|p1a: Kartana|atk|2
|move|p2a: Clefable|Flamethrower|p1a: Kartana
|-supereffective|p1a: Kartana
|-damage|p1a: Kartana|0 fnt
|faint|p1a: Kartana
|
|upkeep
|
|t:|1641834209
|switch|p1a: Mew|Mew, shiny|85/100
|turn|31
|
|t:|1641834217
|move|p1a: Mew|Cosmic Power|p1a: Mew
|-boost|p1a: Mew|def|1
|-boost|p1a: Mew|spd|1
|move|p2a: Clefable|Moonblast|p1a: Mew
|-damage|p1a: Mew|52/100
|-unboost|p1a: Mew|spa|1
|
|-heal|p1a: Mew|58/100|[from] item: Leftovers
|upkeep
|turn|32
|
|t:|1641834225
|switch|p2a: Excadrill|Excadrill, M|91/100
|move|p1a: Mew|Cosmic Power|p1a: Mew
|-boost|p1a: Mew|def|1
|-boost|p1a: Mew|spd|1
|
|-heal|p1a: Mew|64/100|[from] item: Leftovers
|upkeep
|turn|33
|
|t:|1641834230
|move|p1a: Mew|Soft-Boiled|p1a: Mew
|-heal|p1a: Mew|100/100
|move|p2a: Excadrill|Swords Dance|p2a: Excadrill
|-boost|p2a: Excadrill|atk|2
|
|upkeep
|turn|34
|
|t:|1641834233
|move|p1a: Mew|Cosmic Power|p1a: Mew
|-boost|p1a: Mew|def|1
|-boost|p1a: Mew|spd|1
|move|p2a: Excadrill|Swords Dance|p2a: Excadrill
|-boost|p2a: Excadrill|atk|2
|
|upkeep
|turn|35
|
|t:|1641834235
|move|p1a: Mew|Cosmic Power|p1a: Mew
|-boost|p1a: Mew|def|1
|-boost|p1a: Mew|spd|1
|move|p2a: Excadrill|Swords Dance|p2a: Excadrill
|-boost|p2a: Excadrill|atk|2
|
|upkeep
|turn|36
|
|t:|1641834238
|move|p1a: Mew|Cosmic Power|p1a: Mew
|-boost|p1a: Mew|def|1
|-boost|p1a: Mew|spd|1
|move|p2a: Excadrill|Earthquake|p1a: Mew
|-damage|p1a: Mew|35/100
|-damage|p2a: Excadrill|81/100|[from] item: Life Orb
|
|-heal|p1a: Mew|41/100|[from] item: Leftovers
|upkeep
|turn|37
|
|t:|1641834256
|move|p1a: Mew|Soft-Boiled|p1a: Mew
|-heal|p1a: Mew|92/100
|move|p2a: Excadrill|Earthquake|p1a: Mew
|-damage|p1a: Mew|25/100
|-damage|p2a: Excadrill|71/100|[from] item: Life Orb
|
|-heal|p1a: Mew|31/100|[from] item: Leftovers
|upkeep
|turn|38
|
|t:|1641834265
|move|p1a: Mew|Stored Power|p2a: Excadrill
|-resisted|p2a: Excadrill
|-damage|p2a: Excadrill|36/100
|move|p2a: Excadrill|Earthquake|p1a: Mew
|-damage|p1a: Mew|0 fnt
|faint|p1a: Mew
|-damage|p2a: Excadrill|26/100|[from] item: Life Orb
|
|upkeep
|
|t:|1641834267
|switch|p1a: Tapu Koko|Tapu Koko, shiny|44/100
|-fieldstart|move: Electric Terrain|[from] ability: Electric Surge|[of] p1a: Tapu Koko
|turn|39
|
|t:|1641834270
|move|p1a: Tapu Koko|U-turn|p2a: Excadrill
|-resisted|p2a: Excadrill
|-damage|p2a: Excadrill|14/100
|move|p2a: Excadrill|Earthquake|p1a: Tapu Koko
|-supereffective|p1a: Tapu Koko
|-crit|p1a: Tapu Koko
|-damage|p1a: Tapu Koko|0 fnt
|faint|p1a: Tapu Koko
|-damage|p2a: Excadrill|4/100|[from] item: Life Orb
|
|win|DumbLick1337
|raw|gebo's rating: 1378 &rarr; <strong>1353</strong><br />(-25 for losing)
|raw|DumbLick1337's rating: 1291 &rarr; <strong>1322</strong><br />(+31 for winning)
|c|☆DumbLick1337|gg
