|j|☆Saffron City Gards
|j|☆debbie upper
|t:|1641863074
|gametype|singles
|player|p1|Saffron City Gards|lucian|1308
|player|p2|debbie upper|101|1375
|teamsize|p1|6
|teamsize|p2|6
|gen|8
|tier|[Gen 8] OU
|rated|
|rule|Sleep Clause Mod: Limit one foe put to sleep
|rule|Species Clause: Limit one of each Pokémon
|rule|OHKO Clause: OHKO moves are banned
|rule|Evasion Moves Clause: Evasion moves are banned
|rule|Endless Battle Clause: Forcing endless battles is banned
|rule|HP Percentage Mod: HP is shown in percentages
|rule|Dynamax Clause: You cannot dynamax
|clearpoke
|poke|p1|Zapdos|
|poke|p1|Heatran, F|
|poke|p1|Slowbro, F|
|poke|p1|Dragapult, M|
|poke|p1|Kartana|
|poke|p1|Nidoking, M|
|poke|p2|Moltres-Galar|
|poke|p2|Zapdos-Galar|
|poke|p2|Buzzwole|
|poke|p2|Hippowdon, M|
|poke|p2|Melmetal|
|poke|p2|Clefable, F|
|teampreview
|
|t:|1641863084
|start
|switch|p1a: Big Mom Olin|Slowbro, F|100/100
|switch|p2a: Zapdos|Zapdos-Galar|100/100
|turn|1
|inactive|Battle timer is ON: inactive players will automatically lose when time's up. (requested by debbie upper)
|
|t:|1641863090
|move|p2a: Zapdos|U-turn|p1a: Big Mom Olin
|-supereffective|p1a: Big Mom Olin
|-damage|p1a: Big Mom Olin|62/100
|-damage|p2a: Zapdos|84/100|[from] item: Rocky Helmet|[of] p1a: Big Mom Olin
|
|t:|1641863095
|switch|p2a: Moltres|Moltres-Galar|100/100|[from]move: U-turn
|move|p1a: Big Mom Olin|Future Sight|p2a: Moltres
|-start|p1a: Big Mom Olin|move: Future Sight
|
|upkeep
|turn|2
|
|t:|1641863110
|switch|p1a: Marco|Zapdos|100/100
|move|p2a: Moltres|Fiery Wrath|p1a: Marco
|-damage|p1a: Marco|57/100
|
|upkeep
|turn|3
|
|t:|1641863118
|switch|p2a: Hippowdon|Hippowdon, M|100/100
|-weather|Sandstorm|[from] ability: Sand Stream|[of] p2a: Hippowdon
|move|p1a: Marco|Discharge|p2a: Hippowdon
|-immune|p2a: Hippowdon
|
|-weather|Sandstorm|[upkeep]
|-damage|p1a: Marco|51/100|[from] Sandstorm
|-end|p2a: Hippowdon|move: Future Sight
|-damage|p2a: Hippowdon|68/100
|-heal|p2a: Hippowdon|74/100|[from] item: Leftovers
|upkeep
|turn|4
|
|t:|1641863129
|move|p1a: Marco|Roost|p1a: Marco
|-heal|p1a: Marco|100/100
|-singleturn|p1a: Marco|move: Roost
|move|p2a: Hippowdon|Stealth Rock|p1a: Marco
|-sidestart|p1: Saffron City Gards|move: Stealth Rock
|
|-weather|Sandstorm|[upkeep]
|-damage|p1a: Marco|94/100|[from] Sandstorm
|-heal|p2a: Hippowdon|80/100|[from] item: Leftovers
|upkeep
|turn|5
|
|t:|1641863138
|move|p1a: Marco|Hurricane|p2a: Hippowdon|[miss]
|-miss|p1a: Marco|p2a: Hippowdon
|move|p2a: Hippowdon|Toxic|p1a: Marco|[miss]
|-miss|p2a: Hippowdon|p1a: Marco
|
|-weather|Sandstorm|[upkeep]
|-damage|p1a: Marco|88/100|[from] Sandstorm
|-heal|p2a: Hippowdon|86/100|[from] item: Leftovers
|upkeep
|turn|6
|
|t:|1641863147
|move|p1a: Marco|Defog|p2a: Hippowdon
|-unboost|p2a: Hippowdon|evasion|1
|-sideend|p1: Saffron City Gards|Stealth Rock|[from] move: Defog|[of] p1a: Marco
|move|p2a: Hippowdon|Toxic|p1a: Marco
|-status|p1a: Marco|tox
|
|-weather|Sandstorm|[upkeep]
|-damage|p1a: Marco|82/100 tox|[from] Sandstorm
|-heal|p2a: Hippowdon|92/100|[from] item: Leftovers
|-damage|p1a: Marco|76/100 tox|[from] psn
|upkeep
|turn|7
|
|t:|1641863156
|move|p1a: Marco|Hurricane|p2a: Hippowdon
|-damage|p2a: Hippowdon|55/100
|-start|p2a: Hippowdon|confusion
|-activate|p2a: Hippowdon|confusion
|move|p2a: Hippowdon|Stealth Rock|p1a: Marco
|-sidestart|p1: Saffron City Gards|move: Stealth Rock
|
|-weather|none
|-heal|p2a: Hippowdon|61/100|[from] item: Leftovers
|-damage|p1a: Marco|64/100 tox|[from] psn
|upkeep
|turn|8
|
|t:|1641863166
|move|p1a: Marco|Defog|p2a: Hippowdon
|-unboost|p2a: Hippowdon|evasion|1
|-sideend|p1: Saffron City Gards|Stealth Rock|[from] move: Defog|[of] p1a: Marco
|-end|p2a: Hippowdon|confusion
|move|p2a: Hippowdon|Slack Off|p2a: Hippowdon
|-heal|p2a: Hippowdon|100/100
|
|-damage|p1a: Marco|46/100 tox|[from] psn
|upkeep
|turn|9
|
|t:|1641863176
|switch|p1a: Nidoking|Nidoking, M|100/100
|move|p2a: Hippowdon|Stealth Rock|p1a: Nidoking
|-sidestart|p1: Saffron City Gards|move: Stealth Rock
|
|upkeep
|turn|10
|
|t:|1641863183
|switch|p2a: Zapdos|Zapdos-Galar|84/100
|move|p1a: Nidoking|Ice Beam|p2a: Zapdos
|-supereffective|p2a: Zapdos
|-damage|p2a: Zapdos|0 fnt
|faint|p2a: Zapdos
|
|upkeep
|
|t:|1641863191
|switch|p2a: Moltres|Moltres-Galar|100/100
|turn|11
|
|t:|1641863199
|move|p1a: Nidoking|Ice Beam|p2a: Moltres
|-supereffective|p2a: Moltres
|-damage|p2a: Moltres|33/100
|move|p2a: Moltres|Fiery Wrath|p1a: Nidoking
|-damage|p1a: Nidoking|39/100
|
|upkeep
|turn|12
|
|t:|1641863206
|switch|p2a: Melmetal|Melmetal|100/100
|move|p1a: Nidoking|Ice Beam|p2a: Melmetal
|-resisted|p2a: Melmetal
|-damage|p2a: Melmetal|75/100
|
|upkeep
|turn|13
|
|t:|1641863216
|move|p1a: Nidoking|Earth Power|p2a: Melmetal
|-supereffective|p2a: Melmetal
|-damage|p2a: Melmetal|0 fnt
|faint|p2a: Melmetal
|
|upkeep
|
|t:|1641863226
|switch|p2a: Buzzwole|Buzzwole|100/100
|turn|14
|
|t:|1641863232
|move|p1a: Nidoking|Flamethrower|p2a: Buzzwole
|-supereffective|p2a: Buzzwole
|-damage|p2a: Buzzwole|0 fnt
|faint|p2a: Buzzwole
|
|upkeep
|
|t:|1641863235
|switch|p2a: Clefable|Clefable, F|100/100
|turn|15
|
|t:|1641863256
|move|p1a: Nidoking|Sludge Wave|p2a: Clefable
|-supereffective|p2a: Clefable
|-crit|p2a: Clefable
|-damage|p2a: Clefable|0 fnt
|faint|p2a: Clefable
|
|upkeep
|
|t:|1641863260
|switch|p2a: Hippowdon|Hippowdon, M|100/100
|-weather|Sandstorm|[from] ability: Sand Stream|[of] p2a: Hippowdon
|turn|16
|-message|debbie upper forfeited.
|
|win|Saffron City Gards
|raw|Saffron City Gards's rating: 1308 &rarr; <strong>1332</strong><br />(+24 for winning)
|raw|debbie upper's rating: 1375 &rarr; <strong>1351</strong><br />(-24 for losing)
|l|☆debbie upper
