|j|☆Theimaginer
|j|☆VeryHotChiliSos
|t:|1641799285
|gametype|singles
|player|p1|Theimaginer|steven|1336
|player|p2|VeryHotChiliSos|101|1274
|teamsize|p1|6
|teamsize|p2|6
|gen|8
|tier|[Gen 8] OU
|rated|
|rule|Sleep Clause Mod: Limit one foe put to sleep
|rule|Species Clause: Limit one of each Pokémon
|rule|OHKO Clause: OHKO moves are banned
|rule|Evasion Moves Clause: Evasion moves are banned
|rule|Endless Battle Clause: Forcing endless battles is banned
|rule|HP Percentage Mod: HP is shown in percentages
|rule|Dynamax Clause: You cannot dynamax
|clearpoke
|poke|p1|Dragapult, M|
|poke|p1|Blacephalon|
|poke|p1|Corviknight, M|
|poke|p1|Zarude|
|poke|p1|Toxapex, M|
|poke|p1|Landorus-Therian, M|
|poke|p2|Barraskewda, F|
|poke|p2|Corviknight, M|
|poke|p2|Dragapult, F|
|poke|p2|Excadrill, M|
|poke|p2|Zapdos|
|poke|p2|Scizor, M|
|teampreview
|inactive|Battle timer is ON: inactive players will automatically lose when time's up. (requested by Theimaginer)
|
|t:|1641799298
|start
|switch|p1a: Landorus|Landorus-Therian, M|100/100
|switch|p2a: Excadrill|Excadrill, M|100/100
|-ability|p2a: Excadrill|Mold Breaker
|-ability|p1a: Landorus|Intimidate|boost
|-unboost|p2a: Excadrill|atk|1
|turn|1
|
|t:|1641799306
|move|p2a: Excadrill|Stealth Rock|p1a: Landorus
|-sidestart|p1: Theimaginer|move: Stealth Rock
|move|p1a: Landorus|Stealth Rock|p2a: Excadrill
|-sidestart|p2: VeryHotChiliSos|move: Stealth Rock
|
|upkeep
|turn|2
|
|t:|1641799316
|move|p2a: Excadrill|Rapid Spin|p1a: Landorus
|-damage|p1a: Landorus|89/100
|-boost|p2a: Excadrill|spe|1
|-sideend|p2: VeryHotChiliSos|Stealth Rock|[from] move: Rapid Spin|[of] p2a: Excadrill
|move|p1a: Landorus|Earthquake|p2a: Excadrill
|-supereffective|p2a: Excadrill
|-enditem|p2a: Excadrill|Focus Sash
|-damage|p2a: Excadrill|1/100
|
|-heal|p1a: Landorus|96/100|[from] item: Leftovers
|upkeep
|turn|3
|l|☆Theimaginer
|inactive|Theimaginer disconnected and has a minute to reconnect!
|player|p1|
|j|☆Theimaginer
|inactive|Theimaginer reconnected and has 110 seconds left.
|player|p1|Theimaginer|steven
|
|t:|1641799362
|move|p2a: Excadrill|Rock Tomb|p1a: Landorus
|-damage|p1a: Landorus|82/100
|-unboost|p1a: Landorus|spe|1
|move|p1a: Landorus|Stealth Rock|p2a: Excadrill
|-sidestart|p2: VeryHotChiliSos|move: Stealth Rock
|
|-heal|p1a: Landorus|88/100|[from] item: Leftovers
|upkeep
|turn|4
|
|t:|1641799377
|switch|p1a: Corviknight|Corviknight, M|100/100
|-damage|p1a: Corviknight|88/100|[from] Stealth Rock
|-ability|p1a: Corviknight|Pressure
|move|p2a: Excadrill|Rapid Spin|p1a: Corviknight
|-resisted|p1a: Corviknight
|-damage|p1a: Corviknight|84/100
|-boost|p2a: Excadrill|spe|1
|-damage|p2a: Excadrill|0 fnt|[from] item: Rocky Helmet|[of] p1a: Corviknight
|faint|p2a: Excadrill
|
|upkeep
|
|t:|1641799388
|switch|p2a: Zapdos|Zapdos|100/100
|turn|5
|l|☆Theimaginer
|inactive|Theimaginer disconnected and has a minute to reconnect!
|player|p1|
|inactive|Theimaginer has 30 seconds to reconnect!
|j|☆Theimaginer
|inactive|Theimaginer reconnected and has 85 seconds left.
|player|p1|Theimaginer|steven
|
|t:|1641799437
|move|p2a: Zapdos|Discharge|p1a: Corviknight
|-supereffective|p1a: Corviknight
|-damage|p1a: Corviknight|29/100
|move|p1a: Corviknight|Roost|p1a: Corviknight
|-heal|p1a: Corviknight|79/100
|-singleturn|p1a: Corviknight|move: Roost
|
|upkeep
|turn|6
|
|t:|1641799444
|switch|p1a: Landorus|Landorus-Therian, M|88/100
|-damage|p1a: Landorus|76/100|[from] Stealth Rock
|-ability|p1a: Landorus|Intimidate|boost
|-unboost|p2a: Zapdos|atk|1
|move|p2a: Zapdos|Discharge|p1a: Landorus
|-immune|p1a: Landorus
|
|-heal|p1a: Landorus|82/100|[from] item: Leftovers
|upkeep
|turn|7
|inactive|Theimaginer has 90 seconds left.
|l|☆Theimaginer
|inactive|Theimaginer disconnected and has a minute to reconnect!
|player|p1|
|j|☆Theimaginer
|inactive|Theimaginer reconnected.
|player|p1|Theimaginer|steven
|
|t:|1641799473
|switch|p2a: Barraskewda|Barraskewda, F|100/100
|-damage|p2a: Barraskewda|88/100|[from] Stealth Rock
|move|p1a: Landorus|Toxic|p2a: Barraskewda
|-status|p2a: Barraskewda|tox
|
|-heal|p1a: Landorus|88/100|[from] item: Leftovers
|-damage|p2a: Barraskewda|82/100 tox|[from] psn
|upkeep
|turn|8
|
|t:|1641799484
|switch|p1a: Toxapex|Toxapex, M|100/100
|-damage|p1a: Toxapex|88/100|[from] Stealth Rock
|move|p2a: Barraskewda|Liquidation|p1a: Toxapex
|-resisted|p1a: Toxapex
|-damage|p1a: Toxapex|64/100
|-unboost|p1a: Toxapex|def|1
|
|-damage|p2a: Barraskewda|70/100 tox|[from] psn
|upkeep
|turn|9
|
|t:|1641799494
|switch|p2a: Zapdos|Zapdos|100/100
|switch|p1a: Zarude|Zarude|100/100
|-damage|p1a: Zarude|88/100|[from] Stealth Rock
|
|-heal|p1a: Zarude|94/100|[from] item: Leftovers
|upkeep
|turn|10
|
|t:|1641799514
|switch|p1a: Landorus|Landorus-Therian, M|88/100
|-damage|p1a: Landorus|76/100|[from] Stealth Rock
|-ability|p1a: Landorus|Intimidate|boost
|-unboost|p2a: Zapdos|atk|1
|move|p2a: Zapdos|Hurricane|p1a: Landorus
|-damage|p1a: Landorus|38/100
|
|-heal|p1a: Landorus|44/100|[from] item: Leftovers
|upkeep
|turn|11
|
|t:|1641799529
|switch|p2a: Corviknight|Corviknight, M|100/100
|-damage|p2a: Corviknight|88/100|[from] Stealth Rock
|-ability|p2a: Corviknight|Pressure
|move|p1a: Landorus|U-turn|p2a: Corviknight
|-resisted|p2a: Corviknight
|-damage|p2a: Corviknight|84/100
|
|t:|1641799541
|switch|p1a: Corviknight|Corviknight, M|79/100|[from]move: U-turn
|-damage|p1a: Corviknight|66/100|[from] Stealth Rock
|-ability|p1a: Corviknight|Pressure
|
|-heal|p2a: Corviknight|91/100|[from] item: Leftovers
|upkeep
|turn|12
|
|t:|1641799552
|move|p2a: Corviknight|Body Press|p1a: Corviknight
|-damage|p1a: Corviknight|49/100
|-damage|p2a: Corviknight|74/100|[from] item: Rocky Helmet|[of] p1a: Corviknight
|move|p1a: Corviknight|Roost|p1a: Corviknight
|-heal|p1a: Corviknight|99/100
|-singleturn|p1a: Corviknight|move: Roost
|
|-heal|p2a: Corviknight|80/100|[from] item: Leftovers
|upkeep
|turn|13
|
|t:|1641799562
|move|p2a: Corviknight|Roost|p2a: Corviknight
|-heal|p2a: Corviknight|100/100
|-singleturn|p2a: Corviknight|move: Roost
|move|p1a: Corviknight|Defog|p2a: Corviknight
|-unboost|p2a: Corviknight|evasion|1
|-sideend|p2: VeryHotChiliSos|Stealth Rock|[from] move: Defog|[of] p1a: Corviknight
|-sideend|p1: Theimaginer|Stealth Rock|[from] move: Defog|[of] p1a: Corviknight
|
|upkeep
|turn|14
|inactive|Theimaginer has 120 seconds left.
|
|t:|1641799570
|move|p1a: Corviknight|U-turn|p2a: Corviknight
|-resisted|p2a: Corviknight
|-damage|p2a: Corviknight|98/100
|inactive|Theimaginer has 120 seconds left.
|
|t:|1641799575
|switch|p1a: Blacephalon|Blacephalon|100/100|[from]move: U-turn
|move|p2a: Corviknight|U-turn|p1a: Blacephalon
|-resisted|p1a: Blacephalon
|-damage|p1a: Blacephalon|93/100
|
|t:|1641799581
|switch|p2a: Barraskewda|Barraskewda, F|70/100 tox|[from]move: U-turn
|
|-damage|p2a: Barraskewda|64/100 tox|[from] psn
|upkeep
|turn|15
|
|t:|1641799590
|switch|p1a: Toxapex|Toxapex, M|98/100
|move|p2a: Barraskewda|Liquidation|p1a: Toxapex
|-resisted|p1a: Toxapex
|-damage|p1a: Toxapex|76/100
|
|-damage|p2a: Barraskewda|52/100 tox|[from] psn
|upkeep
|turn|16
|
|t:|1641799601
|switch|p2a: Zapdos|Zapdos|100/100
|move|p1a: Toxapex|Knock Off|p2a: Zapdos
|-damage|p2a: Zapdos|90/100
|-enditem|p2a: Zapdos|Heavy-Duty Boots|[from] move: Knock Off|[of] p1a: Toxapex
|
|upkeep
|turn|17
|
|t:|1641799611
|move|p2a: Zapdos|Hurricane|p1a: Toxapex|[miss]
|-miss|p2a: Zapdos|p1a: Toxapex
|move|p1a: Toxapex|Scald|p2a: Zapdos
|-damage|p2a: Zapdos|72/100
|
|upkeep
|turn|18
|
|t:|1641799617
|switch|p1a: Landorus|Landorus-Therian, M|44/100
|-ability|p1a: Landorus|Intimidate|boost
|-unboost|p2a: Zapdos|atk|1
|move|p2a: Zapdos|Discharge|p1a: Landorus
|-immune|p1a: Landorus
|
|-heal|p1a: Landorus|50/100|[from] item: Leftovers
|upkeep
|turn|19
|
|t:|1641799628
|switch|p2a: Corviknight|Corviknight, M|98/100
|-ability|p2a: Corviknight|Pressure
|move|p1a: Landorus|Stealth Rock|p2a: Corviknight
|-sidestart|p2: VeryHotChiliSos|move: Stealth Rock
|
|-heal|p1a: Landorus|56/100|[from] item: Leftovers
|-heal|p2a: Corviknight|100/100|[from] item: Leftovers
|upkeep
|turn|20
|
|t:|1641799637
|move|p1a: Landorus|U-turn|p2a: Corviknight
|-resisted|p2a: Corviknight
|-damage|p2a: Corviknight|97/100
|
|t:|1641799640
|switch|p1a: Blacephalon|Blacephalon|93/100|[from]move: U-turn
|move|p2a: Corviknight|Defog|p1a: Blacephalon
|-unboost|p1a: Blacephalon|evasion|1
|-sideend|p2: VeryHotChiliSos|Stealth Rock|[from] move: Defog|[of] p2a: Corviknight
|
|-heal|p2a: Corviknight|100/100|[from] item: Leftovers
|upkeep
|turn|21
|
|t:|1641799652
|switch|p2a: Barraskewda|Barraskewda, F|52/100 tox
|move|p1a: Blacephalon|Shadow Ball|p2a: Barraskewda
|-damage|p2a: Barraskewda|0 fnt
|faint|p2a: Barraskewda
|-ability|p1a: Blacephalon|Beast Boost|boost
|-boost|p1a: Blacephalon|spa|1
|
|upkeep
|inactive|VeryHotChiliSos has 120 seconds left.
|inactive|VeryHotChiliSos has 90 seconds left.
|
|t:|1641799712
|switch|p2a: Dragapult|Dragapult, F|100/100
|turn|22
|inactive|VeryHotChiliSos has 90 seconds left.
|l|☆Theimaginer
|inactive|Theimaginer disconnected and has a minute to reconnect!
|player|p1|
|inactive|Theimaginer has 30 seconds to reconnect!
|inactive|Theimaginer has 20 seconds to reconnect!
|j|☆Theimaginer
|inactive|Theimaginer reconnected and has 100 seconds left.
|player|p1|Theimaginer|steven
|inactive|Theimaginer has 90 seconds left.
|
|t:|1641799773
|switch|p1a: Toxapex|Toxapex, M|100/100
|move|p2a: Dragapult|Draco Meteor|p1a: Toxapex
|-damage|p1a: Toxapex|59/100
|-unboost|p2a: Dragapult|spa|2
|
|upkeep
|turn|23
|inactive|Theimaginer has 90 seconds left.
|inactive|VeryHotChiliSos has 90 seconds left.
|
|t:|1641799792
|switch|p2a: Scizor|Scizor, M|100/100
|move|p1a: Toxapex|Knock Off|p2a: Scizor
|-damage|p2a: Scizor|82/100
|-enditem|p2a: Scizor|Life Orb|[from] move: Knock Off|[of] p1a: Toxapex
|
|upkeep
|turn|24
|inactive|Theimaginer has 90 seconds left.
|inactive|VeryHotChiliSos has 90 seconds left.
|
|t:|1641799799
|move|p2a: Scizor|Swords Dance|p2a: Scizor
|-boost|p2a: Scizor|atk|2
|move|p1a: Toxapex|Recover|p1a: Toxapex
|-heal|p1a: Toxapex|100/100
|
|upkeep
|turn|25
|
|t:|1641799804
|move|p2a: Scizor|Swords Dance|p2a: Scizor
|-boost|p2a: Scizor|atk|2
|move|p1a: Toxapex|Scald|p2a: Scizor
|-damage|p2a: Scizor|59/100
|
|upkeep
|turn|26
|
|t:|1641799813
|move|p2a: Scizor|Bullet Punch|p1a: Toxapex
|-resisted|p1a: Toxapex
|-damage|p1a: Toxapex|65/100
|move|p1a: Toxapex|Scald|p2a: Scizor
|-damage|p2a: Scizor|33/100
|
|upkeep
|turn|27
|
|t:|1641799826
|move|p2a: Scizor|Swords Dance|p2a: Scizor
|-boost|p2a: Scizor|atk|2
|move|p1a: Toxapex|Scald|p2a: Scizor
|-damage|p2a: Scizor|7/100
|-status|p2a: Scizor|brn
|
|-damage|p2a: Scizor|0 fnt|[from] brn
|faint|p2a: Scizor
|upkeep
|
|t:|1641799836
|switch|p2a: Zapdos|Zapdos|72/100
|turn|28
|inactive|Theimaginer has 120 seconds left.
|
|t:|1641799848
|move|p2a: Zapdos|Hurricane|p1a: Toxapex
|-damage|p1a: Toxapex|28/100
|-start|p1a: Toxapex|confusion
|-activate|p1a: Toxapex|confusion
|move|p1a: Toxapex|Recover|p1a: Toxapex
|-heal|p1a: Toxapex|78/100
|
|upkeep
|turn|29
|
|t:|1641799855
|switch|p1a: Landorus|Landorus-Therian, M|56/100
|-ability|p1a: Landorus|Intimidate|boost
|-unboost|p2a: Zapdos|atk|1
|move|p2a: Zapdos|Hurricane|p1a: Landorus|[miss]
|-miss|p2a: Zapdos|p1a: Landorus
|
|-heal|p1a: Landorus|62/100|[from] item: Leftovers
|upkeep
|turn|30
|inactive|VeryHotChiliSos has 120 seconds left.
|
|t:|1641799867
|switch|p2a: Corviknight|Corviknight, M|100/100
|-ability|p2a: Corviknight|Pressure
|move|p1a: Landorus|Stealth Rock|p2a: Corviknight
|-sidestart|p2: VeryHotChiliSos|move: Stealth Rock
|
|-heal|p1a: Landorus|68/100|[from] item: Leftovers
|upkeep
|turn|31
|inactive|VeryHotChiliSos has 120 seconds left.
|
|t:|1641799875
|move|p1a: Landorus|U-turn|p2a: Corviknight
|-resisted|p2a: Corviknight
|-damage|p2a: Corviknight|97/100
|
|t:|1641799881
|switch|p1a: Blacephalon|Blacephalon|93/100|[from]move: U-turn
|move|p2a: Corviknight|Body Press|p1a: Blacephalon
|-immune|p1a: Blacephalon
|
|-heal|p2a: Corviknight|100/100|[from] item: Leftovers
|upkeep
|turn|32
|-message|VeryHotChiliSos forfeited.
|
|win|Theimaginer
|raw|Theimaginer's rating: 1336 &rarr; <strong>1352</strong><br />(+16 for winning)
|raw|VeryHotChiliSos's rating: 1274 &rarr; <strong>1253</strong><br />(-21 for losing)
|l|☆VeryHotChiliSos
