|j|☆Jamel Saadaoui
|j|☆CrovaxCross
|t:|1641829615
|gametype|singles
|player|p1|Jamel Saadaoui|266|1037
|player|p2|CrovaxCross|101|1103
|teamsize|p1|6
|teamsize|p2|6
|gen|8
|tier|[Gen 8] OU
|rated|
|rule|Sleep Clause Mod: Limit one foe put to sleep
|rule|Species Clause: Limit one of each Pokémon
|rule|OHKO Clause: OHKO moves are banned
|rule|Evasion Moves Clause: Evasion moves are banned
|rule|Endless Battle Clause: Forcing endless battles is banned
|rule|HP Percentage Mod: HP is shown in percentages
|rule|Dynamax Clause: You cannot dynamax
|clearpoke
|poke|p1|Slowbro, M|
|poke|p1|Melmetal|
|poke|p1|Landorus-Therian, M|
|poke|p1|Dragapult, F|
|poke|p1|Buzzwole|
|poke|p1|Tapu Fini|
|poke|p2|Skarmory, F|
|poke|p2|Azumarill, F|
|poke|p2|Dragonite, M|
|poke|p2|Clefable, M|
|poke|p2|Sigilyph, M|
|poke|p2|Excadrill, M|
|teampreview
|
|t:|1641829627
|start
|switch|p1a: Landorus|Landorus-Therian, M|100/100
|switch|p2a: Skarmory|Skarmory, F|100/100
|-ability|p1a: Landorus|Intimidate|boost
|-unboost|p2a: Skarmory|atk|1
|turn|1
|inactive|Battle timer is ON: inactive players will automatically lose when time's up. (requested by Jamel Saadaoui)
|
|t:|1641829633
|move|p1a: Landorus|Stealth Rock|p2a: Skarmory
|-sidestart|p2: CrovaxCross|move: Stealth Rock
|move|p2a: Skarmory|Stealth Rock|p1a: Landorus
|-sidestart|p1: Jamel Saadaoui|move: Stealth Rock
|
|upkeep
|turn|2
|
|t:|1641829644
|switch|p1a: Melmetal|Melmetal|100/100
|-damage|p1a: Melmetal|94/100|[from] Stealth Rock
|move|p2a: Skarmory|Toxic|p1a: Melmetal
|-immune|p1a: Melmetal
|
|upkeep
|turn|3
|
|t:|1641829651
|move|p1a: Melmetal|Thunder Punch|p2a: Skarmory
|-supereffective|p2a: Skarmory
|-damage|p2a: Skarmory|33/100
|-damage|p1a: Melmetal|78/100|[from] item: Rocky Helmet|[of] p2a: Skarmory
|move|p2a: Skarmory|Whirlwind|p1a: Melmetal
|drag|p1a: Landorus|Landorus-Therian, M|100/100
|-damage|p1a: Landorus|88/100|[from] Stealth Rock
|-ability|p1a: Landorus|Intimidate|boost
|-unboost|p2a: Skarmory|atk|1
|
|upkeep
|turn|4
|
|t:|1641829663
|switch|p1a: Melmetal|Melmetal|78/100
|-damage|p1a: Melmetal|71/100|[from] Stealth Rock
|move|p2a: Skarmory|Whirlwind|p1a: Melmetal
|drag|p1a: Landorus|Landorus-Therian, M|88/100
|-damage|p1a: Landorus|76/100|[from] Stealth Rock
|-ability|p1a: Landorus|Intimidate|boost
|-unboost|p2a: Skarmory|atk|1
|
|upkeep
|turn|5
|
|t:|1641829676
|switch|p1a: Melmetal|Melmetal|71/100
|-damage|p1a: Melmetal|65/100|[from] Stealth Rock
|move|p2a: Skarmory|Toxic|p1a: Melmetal
|-immune|p1a: Melmetal
|
|upkeep
|turn|6
|
|t:|1641829683
|move|p1a: Melmetal|Thunder Punch|p2a: Skarmory
|-supereffective|p2a: Skarmory
|-damage|p2a: Skarmory|0 fnt
|-damage|p1a: Melmetal|49/100|[from] item: Rocky Helmet|[of] p2a: Skarmory
|faint|p2a: Skarmory
|
|upkeep
|
|t:|1641829693
|switch|p2a: Excadrill|Excadrill, M|100/100
|-damage|p2a: Excadrill|97/100|[from] Stealth Rock
|-ability|p2a: Excadrill|Mold Breaker
|turn|7
|
|t:|1641829703
|switch|p1a: Buzzwole|Buzzwole|100/100
|move|p2a: Excadrill|Swords Dance|p2a: Excadrill
|-boost|p2a: Excadrill|atk|2
|
|upkeep
|turn|8
|
|t:|1641829711
|move|p2a: Excadrill|Earthquake|p1a: Buzzwole
|-resisted|p1a: Buzzwole
|-damage|p1a: Buzzwole|57/100
|-damage|p2a: Excadrill|87/100|[from] item: Life Orb
|move|p1a: Buzzwole|Close Combat|p2a: Excadrill
|-supereffective|p2a: Excadrill
|-damage|p2a: Excadrill|0 fnt
|-unboost|p1a: Buzzwole|def|1
|-unboost|p1a: Buzzwole|spd|1
|faint|p2a: Excadrill
|-ability|p1a: Buzzwole|Beast Boost|boost
|-boost|p1a: Buzzwole|atk|1
|
|upkeep
|
|t:|1641829723
|switch|p2a: Sigilyph|Sigilyph, M|100/100
|turn|9
|
|t:|1641829734
|switch|p1a: Dragapult|Dragapult, F|100/100
|move|p2a: Sigilyph|Cosmic Power|p2a: Sigilyph
|-boost|p2a: Sigilyph|def|1
|-boost|p2a: Sigilyph|spd|1
|
|-status|p2a: Sigilyph|brn|[from] item: Flame Orb
|upkeep
|turn|10
|
|t:|1641829745
|move|p1a: Dragapult|Hex|p2a: Sigilyph
|-supereffective|p2a: Sigilyph
|-crit|p2a: Sigilyph
|-damage|p2a: Sigilyph|0 fnt
|faint|p2a: Sigilyph
|
|upkeep
|
|t:|1641829751
|switch|p2a: Clefable|Clefable, M|100/100
|turn|11
|
|t:|1641829757
|move|p1a: Dragapult|U-turn|p2a: Clefable
|-resisted|p2a: Clefable
|-damage|p2a: Clefable|91/100
|
|t:|1641829763
|switch|p1a: Melmetal|Melmetal|49/100|[from]move: U-turn
|-damage|p1a: Melmetal|42/100|[from] Stealth Rock
|move|p2a: Clefable|Cosmic Power|p2a: Clefable
|-boost|p2a: Clefable|def|1
|-boost|p2a: Clefable|spd|1
|
|-heal|p2a: Clefable|97/100|[from] item: Leftovers
|upkeep
|turn|12
|
|t:|1641829774
|move|p1a: Melmetal|Double Iron Bash|p2a: Clefable
|-supereffective|p2a: Clefable
|-damage|p2a: Clefable|3/100
|-supereffective|p2a: Clefable
|-damage|p2a: Clefable|0 fnt
|faint|p2a: Clefable
|-hitcount|p2: Clefable|2
|
|upkeep
|
|t:|1641829782
|switch|p2a: Dragonite|Dragonite, M|100/100
|-damage|p2a: Dragonite|76/100|[from] Stealth Rock
|turn|13
|
|t:|1641829795
|switch|p1a: Tapu Fini|Tapu Fini|100/100
|-damage|p1a: Tapu Fini|88/100|[from] Stealth Rock
|-fieldstart|move: Misty Terrain|[from] ability: Misty Surge|[of] p1a: Tapu Fini
|move|p2a: Dragonite|Fire Blast|p1a: Tapu Fini
|-resisted|p1a: Tapu Fini
|-damage|p1a: Tapu Fini|73/100
|
|-heal|p1a: Tapu Fini|79/100|[from] item: Leftovers
|upkeep
|turn|14
|-message|CrovaxCross forfeited.
|
|win|Jamel Saadaoui
|raw|Jamel Saadaoui's rating: 1037 &rarr; <strong>1078</strong><br />(+41 for winning)
|raw|CrovaxCross's rating: 1103 &rarr; <strong>1073</strong><br />(-30 for losing)
|l|☆CrovaxCross
