|j|☆Beedrill<3Davis
|j|☆Cursivesnow5546
|t:|1641717873
|gametype|singles
|player|p1|Beedrill<3Davis|169|1076
|player|p2|Cursivesnow5546|benga|1031
|teamsize|p1|6
|teamsize|p2|6
|gen|8
|tier|[Gen 8] OU
|rated|
|rule|Sleep Clause Mod: Limit one foe put to sleep
|rule|Species Clause: Limit one of each Pokémon
|rule|OHKO Clause: OHKO moves are banned
|rule|Evasion Moves Clause: Evasion moves are banned
|rule|Endless Battle Clause: Forcing endless battles is banned
|rule|HP Percentage Mod: HP is shown in percentages
|rule|Dynamax Clause: You cannot dynamax
|clearpoke
|poke|p1|Victini|
|poke|p1|Mesprit|
|poke|p1|Accelgor, M|
|poke|p1|Vaporeon, M|
|poke|p1|Landorus-Therian, M|
|poke|p1|Blacephalon|
|poke|p2|Dragapult, M|
|poke|p2|Tapu Fini|
|poke|p2|Zeraora|
|poke|p2|Rillaboom, M|
|poke|p2|Dragonite, F|
|poke|p2|Heatran, M|
|teampreview
|inactive|Battle timer is ON: inactive players will automatically lose when time's up. (requested by Beedrill<3Davis)
|
|t:|1641717896
|start
|switch|p1a: Victini|Victini|100/100
|switch|p2a: Dragapult|Dragapult, M, shiny|100/100
|turn|1
|
|t:|1641717904
|move|p1a: Victini|U-turn|p2a: Dragapult
|-resisted|p2a: Dragapult
|-damage|p2a: Dragapult|91/100
|
|t:|1641717908
|switch|p1a: Blacephalon|Blacephalon|100/100|[from]move: U-turn
|move|p2a: Dragapult|Phantom Force||[still]
|-prepare|p2a: Dragapult|Phantom Force
|
|upkeep
|turn|2
|
|t:|1641717922
|switch|p1a: Landorus|Landorus-Therian, M|100/100
|-ability|p1a: Landorus|Intimidate|boost
|-unboost|p2a: Dragapult|atk|1
|move|p2a: Dragapult|Phantom Force|p1a: Landorus|[from]lockedmove
|-damage|p1a: Landorus|71/100
|-damage|p2a: Dragapult|81/100|[from] item: Life Orb
|
|upkeep
|turn|3
|
|t:|1641717933
|switch|p2a: Rillaboom|Rillaboom, M, shiny|100/100
|move|p1a: Landorus|Earthquake|p2a: Rillaboom
|-resisted|p2a: Rillaboom
|-damage|p2a: Rillaboom|77/100
|
|upkeep
|turn|4
|
|t:|1641717941
|switch|p1a: Blacephalon|Blacephalon|100/100
|move|p2a: Rillaboom|Drum Beating|p1a: Blacephalon
|-resisted|p1a: Blacephalon
|-damage|p1a: Blacephalon|59/100
|-unboost|p1a: Blacephalon|spe|1
|
|upkeep
|turn|5
|
|t:|1641717951
|switch|p2a: Tapu Fini|Tapu Fini, shiny|100/100
|-fieldstart|move: Misty Terrain|[from] ability: Misty Surge|[of] p2a: Tapu Fini
|move|p1a: Blacephalon|Flamethrower|p2a: Tapu Fini
|-resisted|p2a: Tapu Fini
|-damage|p2a: Tapu Fini|79/100
|
|-heal|p2a: Tapu Fini|85/100|[from] item: Leftovers
|upkeep
|turn|6
|
|t:|1641717962
|switch|p1a: Landorus|Landorus-Therian, M|71/100
|-ability|p1a: Landorus|Intimidate|boost
|-unboost|p2a: Tapu Fini|atk|1
|move|p2a: Tapu Fini|Hydro Pump|p1a: Landorus
|-supereffective|p1a: Landorus
|-damage|p1a: Landorus|0 fnt
|faint|p1a: Landorus
|
|-heal|p2a: Tapu Fini|91/100|[from] item: Leftovers
|upkeep
|
|t:|1641717970
|switch|p1a: Victini|Victini|100/100
|turn|7
|
|t:|1641717977
|move|p1a: Victini|Final Gambit|p2a: Tapu Fini
|-damage|p2a: Tapu Fini|0 fnt
|faint|p1a: Victini
|faint|p2a: Tapu Fini
|
|upkeep
|
|t:|1641717986
|switch|p1a: Mesprit|Mesprit|100/100
|switch|p2a: Zeraora|Zeraora, shiny|100/100
|turn|8
|
|t:|1641717994
|move|p1a: Mesprit|Copycat|p1a: Mesprit
|move|p1a: Mesprit|Final Gambit|p2a: Zeraora|[from]move: Copycat
|-damage|p2a: Zeraora|0 fnt
|faint|p1a: Mesprit
|faint|p2a: Zeraora
|
|upkeep
|
|t:|1641718002
|switch|p2a: Dragonite|Dragonite, F|100/100
|switch|p1a: Accelgor|Accelgor, M|100/100
|turn|9
|
|t:|1641718011
|move|p1a: Accelgor|Final Gambit|p2a: Dragonite
|-damage|p2a: Dragonite|0 fnt
|faint|p1a: Accelgor
|faint|p2a: Dragonite
|
|-fieldend|Misty Terrain
|upkeep
|
|t:|1641718019
|switch|p1a: Vaporeon|Vaporeon, M|100/100
|switch|p2a: Heatran|Heatran, M|100/100
|turn|10
|
|t:|1641718027
|switch|p2a: Rillaboom|Rillaboom, M, shiny|77/100
|move|p1a: Vaporeon|Copycat|p1a: Vaporeon
|move|p1a: Vaporeon|Final Gambit|p2a: Rillaboom|[from]move: Copycat
|-damage|p2a: Rillaboom|0 fnt
|faint|p1a: Vaporeon
|faint|p2a: Rillaboom
|
|upkeep
|
|t:|1641718037
|switch|p1a: Blacephalon|Blacephalon|59/100
|switch|p2a: Dragapult|Dragapult, M, shiny|81/100
|turn|11
|
|t:|1641718046
|move|p1a: Blacephalon|Shadow Ball|p2a: Dragapult
|-supereffective|p2a: Dragapult
|-damage|p2a: Dragapult|0 fnt
|faint|p2a: Dragapult
|-ability|p1a: Blacephalon|Beast Boost|boost
|-boost|p1a: Blacephalon|spa|1
|
|upkeep
|
|t:|1641718053
|switch|p2a: Heatran|Heatran, M|100/100
|turn|12
|
|t:|1641718059
|move|p1a: Blacephalon|Shadow Ball|p2a: Heatran
|-damage|p2a: Heatran|37/100
|move|p2a: Heatran|Eruption|p1a: Blacephalon
|-resisted|p1a: Blacephalon
|-damage|p1a: Blacephalon|33/100
|
|upkeep
|turn|13
|
|t:|1641718071
|move|p1a: Blacephalon|Shadow Ball|p2a: Heatran
|-crit|p2a: Heatran
|-damage|p2a: Heatran|0 fnt
|faint|p2a: Heatran
|
|win|Beedrill<3Davis
|raw|Beedrill&lt;3Davis's rating: 1076 &rarr; <strong>1101</strong><br />(+25 for winning)
|raw|Cursivesnow5546's rating: 1031 &rarr; <strong>1018</strong><br />(-13 for losing)
