|j|☆CmStyles
|j|☆Primer emperador
|t:|1641755658
|gametype|singles
|player|p1|CmStyles|volkner|
|player|p2|Primer emperador|lance|
|teamsize|p1|6
|teamsize|p2|6
|gen|8
|tier|[Gen 8] OU
|rule|Sleep Clause Mod: Limit one foe put to sleep
|rule|Species Clause: Limit one of each Pokémon
|rule|OHKO Clause: OHKO moves are banned
|rule|Evasion Moves Clause: Evasion moves are banned
|rule|Endless Battle Clause: Forcing endless battles is banned
|rule|HP Percentage Mod: HP is shown in percentages
|rule|Dynamax Clause: You cannot dynamax
|clearpoke
|poke|p1|Volcarona, F|
|poke|p1|Kartana|
|poke|p1|Swampert, M|
|poke|p1|Corviknight, M|
|poke|p1|Tapu Lele|
|poke|p1|Zeraora|
|poke|p2|Melmetal|
|poke|p2|Buzzwole|
|poke|p2|Rillaboom, F|
|poke|p2|Blissey, F|
|poke|p2|Blacephalon|
|poke|p2|Tapu Fini|
|teampreview
|l|☆Primer emperador
|player|p2|
|j|☆Primer emperador
|player|p2|Primer emperador|lance
|
|t:|1641755747
|start
|switch|p1a: Swampert|Swampert, M|100/100
|switch|p2a: Melmetal|Melmetal|100/100
|turn|1
|
|t:|1641755756
|switch|p2a: Tapu Fini|Tapu Fini|100/100
|-fieldstart|move: Misty Terrain|[from] ability: Misty Surge|[of] p2a: Tapu Fini
|move|p1a: Swampert|Stealth Rock|p2a: Tapu Fini
|-sidestart|p2: Primer emperador|move: Stealth Rock
|
|upkeep
|turn|2
|
|t:|1641755769
|move|p2a: Tapu Fini|Scald|p1a: Swampert
|-damage|p1a: Swampert|80/100
|move|p1a: Swampert|Flip Turn|p2a: Tapu Fini
|-resisted|p2a: Tapu Fini
|-damage|p2a: Tapu Fini|92/100
|
|t:|1641755776
|switch|p1a: Zeraora|Zeraora|100/100|[from]move: Flip Turn
|
|-heal|p2a: Tapu Fini|98/100|[from] item: Leftovers
|upkeep
|turn|3
|
|t:|1641755786
|switch|p2a: Buzzwole|Buzzwole|100/100
|-damage|p2a: Buzzwole|88/100|[from] Stealth Rock
|move|p1a: Zeraora|Volt Switch|p2a: Buzzwole
|-damage|p2a: Buzzwole|60/100
|
|t:|1641755793
|switch|p1a: Tapu Lele|Tapu Lele|100/100|[from]move: Volt Switch
|-fieldstart|move: Psychic Terrain|[from] ability: Psychic Surge|[of] p1a: Tapu Lele
|
|upkeep
|turn|4
|
|t:|1641755804
|switch|p2a: Tapu Fini|Tapu Fini|98/100
|-damage|p2a: Tapu Fini|86/100|[from] Stealth Rock
|-fieldstart|move: Misty Terrain|[from] ability: Misty Surge|[of] p2a: Tapu Fini
|move|p1a: Tapu Lele|Psyshock|p2a: Tapu Fini
|-damage|p2a: Tapu Fini|50/100
|-damage|p1a: Tapu Lele|91/100|[from] item: Life Orb
|
|-heal|p2a: Tapu Fini|56/100|[from] item: Leftovers
|upkeep
|turn|5
|
|t:|1641755816
|move|p1a: Tapu Lele|Moonblast|p2a: Tapu Fini
|-damage|p2a: Tapu Fini|6/100
|-damage|p1a: Tapu Lele|81/100|[from] item: Life Orb
|move|p2a: Tapu Fini|Draining Kiss|p1a: Tapu Lele
|-damage|p1a: Tapu Lele|61/100
|-heal|p2a: Tapu Fini|18/100|[from] drain|[of] p1a: Tapu Lele
|
|-heal|p2a: Tapu Fini|24/100|[from] item: Leftovers
|upkeep
|turn|6
|
|t:|1641755826
|move|p1a: Tapu Lele|Moonblast|p2a: Tapu Fini
|-damage|p2a: Tapu Fini|0 fnt
|faint|p2a: Tapu Fini
|-damage|p1a: Tapu Lele|51/100|[from] item: Life Orb
|
|upkeep
|
|t:|1641755831
|switch|p2a: Blacephalon|Blacephalon|100/100
|-damage|p2a: Blacephalon|76/100|[from] Stealth Rock
|turn|7
|
|t:|1641755842
|switch|p1a: Swampert|Swampert, M|80/100
|move|p2a: Blacephalon|Shadow Ball|p1a: Swampert
|-damage|p1a: Swampert|22/100
|
|-heal|p1a: Swampert|28/100|[from] item: Leftovers
|upkeep
|turn|8
|
|t:|1641755864
|move|p2a: Blacephalon|Shadow Ball|p1a: Swampert
|-damage|p1a: Swampert|0 fnt
|faint|p1a: Swampert
|-ability|p2a: Blacephalon|Beast Boost|boost
|-boost|p2a: Blacephalon|spa|1
|
|-fieldend|Misty Terrain
|upkeep
|
|t:|1641755872
|switch|p1a: Corviknight|Corviknight, M|100/100
|-ability|p1a: Corviknight|Pressure
|turn|9
|
|t:|1641755883
|move|p2a: Blacephalon|Shadow Ball|p1a: Corviknight
|-damage|p1a: Corviknight|0 fnt
|faint|p1a: Corviknight
|-ability|p2a: Blacephalon|Beast Boost|boost
|-boost|p2a: Blacephalon|spa|1
|
|upkeep
|
|t:|1641755888
|switch|p1a: Kartana|Kartana|100/100
|turn|10
|
|t:|1641755903
|switch|p2a: Rillaboom|Rillaboom, F|100/100
|-damage|p2a: Rillaboom|88/100|[from] Stealth Rock
|-fieldstart|move: Grassy Terrain|[from] ability: Grassy Surge|[of] p2a: Rillaboom
|move|p1a: Kartana|Knock Off|p2a: Rillaboom
|-damage|p2a: Rillaboom|37/100
|-enditem|p2a: Rillaboom|Focus Sash|[from] move: Knock Off|[of] p1a: Kartana
|
|-heal|p2a: Rillaboom|43/100|[from] Grassy Terrain
|upkeep
|turn|11
|
|t:|1641755918
|switch|p1a: Volcarona|Volcarona, F|100/100
|move|p2a: Rillaboom|U-turn|p1a: Volcarona
|-resisted|p1a: Volcarona
|-crit|p1a: Volcarona
|-damage|p1a: Volcarona|72/100
|-status|p2a: Rillaboom|brn|[from] ability: Flame Body|[of] p1a: Volcarona
|
|t:|1641755945
|switch|p2a: Blacephalon|Blacephalon|76/100|[from]move: U-turn
|-damage|p2a: Blacephalon|51/100|[from] Stealth Rock
|
|-heal|p2a: Blacephalon|57/100|[from] Grassy Terrain
|-heal|p1a: Volcarona|78/100|[from] Grassy Terrain
|upkeep
|turn|12
|
|t:|1641755953
|move|p2a: Blacephalon|Flamethrower|p1a: Volcarona
|-damage|p1a: Volcarona|0 fnt
|faint|p1a: Volcarona
|-ability|p2a: Blacephalon|Beast Boost|boost
|-boost|p2a: Blacephalon|spa|1
|
|-heal|p2a: Blacephalon|63/100|[from] Grassy Terrain
|upkeep
|
|t:|1641755962
|switch|p1a: Zeraora|Zeraora|100/100
|turn|13
|
|t:|1641755968
|switch|p2a: Rillaboom|Rillaboom, F|43/100 brn
|-damage|p2a: Rillaboom|31/100 brn|[from] Stealth Rock
|move|p1a: Zeraora|Knock Off|p2a: Rillaboom
|-damage|p2a: Rillaboom|0 fnt
|faint|p2a: Rillaboom
|
|upkeep
|
|t:|1641755976
|switch|p2a: Melmetal|Melmetal|100/100
|-damage|p2a: Melmetal|94/100|[from] Stealth Rock
|turn|14
|
|t:|1641755985
|switch|p1a: Tapu Lele|Tapu Lele|51/100
|-fieldstart|move: Psychic Terrain|[from] ability: Psychic Surge|[of] p1a: Tapu Lele
|move|p2a: Melmetal|Earthquake|p1a: Tapu Lele
|-damage|p1a: Tapu Lele|0 fnt
|faint|p1a: Tapu Lele
|
|upkeep
|
|t:|1641755992
|switch|p1a: Zeraora|Zeraora|100/100
|turn|15
|
|t:|1641755998
|move|p1a: Zeraora|Plasma Fists|p2a: Melmetal
|-damage|p2a: Melmetal|53/100
|-fieldactivate|move: Ion Deluge
|-hint|Normal-type moves become Electric-type after using Plasma Fists.
|move|p2a: Melmetal|Earthquake|p1a: Zeraora
|-supereffective|p1a: Zeraora
|-damage|p1a: Zeraora|0 fnt
|faint|p1a: Zeraora
|
|upkeep
|
|t:|1641756003
|switch|p1a: Kartana|Kartana|100/100
|turn|16
|
|t:|1641756014
|move|p1a: Kartana|Knock Off|p2a: Melmetal
|-damage|p2a: Melmetal|29/100
|-enditem|p2a: Melmetal|Choice Band|[from] move: Knock Off|[of] p1a: Kartana
|move|p2a: Melmetal|Earthquake|p1a: Kartana
|-damage|p1a: Kartana|60/100
|
|upkeep
|turn|17
|
|t:|1641756022
|move|p1a: Kartana|Knock Off|p2a: Melmetal
|-damage|p2a: Melmetal|13/100
|move|p2a: Melmetal|Superpower|p1a: Kartana
|-supereffective|p1a: Kartana
|-damage|p1a: Kartana|0 fnt
|-unboost|p2a: Melmetal|atk|1
|-unboost|p2a: Melmetal|def|1
|faint|p1a: Kartana
|
|win|Primer emperador
