|j|☆Elmerulia
|j|☆ilovevalorant!!!
|t:|1641837679
|gametype|singles
|player|p1|Elmerulia|jasmine|1448
|player|p2|ilovevalorant!!!|shadowtriad|1497
|teamsize|p1|6
|teamsize|p2|6
|gen|8
|tier|[Gen 8] OU
|rated|
|rule|Sleep Clause Mod: Limit one foe put to sleep
|rule|Species Clause: Limit one of each Pokémon
|rule|OHKO Clause: OHKO moves are banned
|rule|Evasion Moves Clause: Evasion moves are banned
|rule|Endless Battle Clause: Forcing endless battles is banned
|rule|HP Percentage Mod: HP is shown in percentages
|rule|Dynamax Clause: You cannot dynamax
|clearpoke
|poke|p1|Lilligant, F|
|poke|p1|Magnezone|
|poke|p1|Garchomp, F|
|poke|p1|Mandibuzz, F|
|poke|p1|Tapu Fini|
|poke|p1|Tapu Koko|
|poke|p2|Kommo-o, M|
|poke|p2|Mew|
|poke|p2|Kartana|
|poke|p2|Tapu Koko|
|poke|p2|Weavile, M|
|poke|p2|Hawlucha, M|
|teampreview
|inactive|Battle timer is ON: inactive players will automatically lose when time's up. (requested by Elmerulia)
|
|t:|1641837709
|start
|switch|p1a: Tapu Koko|Tapu Koko|100/100
|switch|p2a: Tapu Koko|Tapu Koko, shiny|100/100
|-fieldstart|move: Electric Terrain|[from] ability: Electric Surge|[of] p1a: Tapu Koko
|turn|1
|
|t:|1641837717
|move|p1a: Tapu Koko|U-turn|p2a: Tapu Koko
|-resisted|p2a: Tapu Koko
|-damage|p2a: Tapu Koko|91/100
|
|t:|1641837721
|switch|p1a: Garchomp|Garchomp, F|100/100|[from]move: U-turn
|move|p2a: Tapu Koko|Light Screen|p2a: Tapu Koko
|-sidestart|p2: ilovevalorant!!!|move: Light Screen
|
|upkeep
|turn|2
|
|t:|1641837730
|move|p2a: Tapu Koko|Reflect|p2a: Tapu Koko
|-sidestart|p2: ilovevalorant!!!|Reflect
|move|p1a: Garchomp|Earthquake|p2a: Tapu Koko
|-supereffective|p2a: Tapu Koko
|-damage|p2a: Tapu Koko|42/100
|
|upkeep
|turn|3
|
|t:|1641837738
|switch|p2a: Kartana|Kartana, shiny|100/100
|move|p1a: Garchomp|Protect||[still]
|-fail|p1a: Garchomp
|
|upkeep
|turn|4
|
|t:|1641837745
|move|p2a: Kartana|Swords Dance|p2a: Kartana
|-boost|p2a: Kartana|atk|2
|move|p1a: Garchomp|Earthquake|p2a: Kartana
|-damage|p2a: Kartana|84/100
|
|upkeep
|turn|5
|
|t:|1641837752
|move|p2a: Kartana|Swords Dance|p2a: Kartana
|-boost|p2a: Kartana|atk|2
|move|p1a: Garchomp|Earthquake|p2a: Kartana
|-damage|p2a: Kartana|66/100
|
|upkeep
|turn|6
|
|t:|1641837758
|move|p1a: Garchomp|Protect|p1a: Garchomp
|-singleturn|p1a: Garchomp|Protect
|move|p2a: Kartana|Swords Dance|p2a: Kartana
|-boost|p2a: Kartana|atk|2
|
|upkeep
|turn|7
|
|t:|1641837762
|move|p2a: Kartana|Leaf Blade|p1a: Garchomp
|-damage|p1a: Garchomp|0 fnt
|-damage|p2a: Kartana|54/100|[from] ability: Rough Skin|[of] p1a: Garchomp
|faint|p1a: Garchomp
|-ability|p2a: Kartana|Beast Boost|boost
|-boost|p2a: Kartana|spe|1
|
|upkeep
|
|t:|1641837766
|switch|p1a: Mandibuzz|Mandibuzz, F|100/100
|turn|8
|
|t:|1641837769
|move|p2a: Kartana|Sacred Sword|p1a: Mandibuzz
|-damage|p1a: Mandibuzz|28/100
|move|p1a: Mandibuzz|Foul Play|p2a: Kartana
|-damage|p2a: Kartana|0 fnt
|faint|p2a: Kartana
|
|-sideend|p2: ilovevalorant!!!|move: Light Screen
|-fieldend|move: Electric Terrain
|upkeep
|
|t:|1641837778
|switch|p2a: Kommo-o|Kommo-o, M|100/100
|turn|9
|
|t:|1641837781
|move|p2a: Kommo-o|Substitute|p2a: Kommo-o
|-start|p2a: Kommo-o|Substitute
|-damage|p2a: Kommo-o|75/100
|move|p1a: Mandibuzz|Roost|p1a: Mandibuzz
|-heal|p1a: Mandibuzz|78/100
|-singleturn|p1a: Mandibuzz|move: Roost
|
|-sideend|p2: ilovevalorant!!!|Reflect
|upkeep
|turn|10
|
|t:|1641837784
|move|p2a: Kommo-o|Belly Drum|p2a: Kommo-o
|-damage|p2a: Kommo-o|25/100
|-setboost|p2a: Kommo-o|atk|6|[from] move: Belly Drum
|-enditem|p2a: Kommo-o|Salac Berry|[eat]
|-boost|p2a: Kommo-o|spe|1|[from] item: Salac Berry
|move|p1a: Mandibuzz|Foul Play|p2a: Kommo-o
|-resisted|p2a: Kommo-o
|-end|p2a: Kommo-o|Substitute
|
|upkeep
|turn|11
|
|t:|1641837789
|move|p2a: Kommo-o|Drain Punch|p1a: Mandibuzz
|-damage|p1a: Mandibuzz|0 fnt
|-heal|p2a: Kommo-o|80/100|[from] drain|[of] p1a: Mandibuzz
|faint|p1a: Mandibuzz
|
|upkeep
|
|t:|1641837798
|switch|p1a: Tapu Fini|Tapu Fini|100/100
|-fieldstart|move: Misty Terrain|[from] ability: Misty Surge|[of] p1a: Tapu Fini
|turn|12
|
|t:|1641837803
|move|p2a: Kommo-o|Shadow Claw|p1a: Tapu Fini
|-damage|p1a: Tapu Fini|4/100
|move|p1a: Tapu Fini|Moonblast|p2a: Kommo-o
|-supereffective|p2a: Kommo-o
|-damage|p2a: Kommo-o|0 fnt
|faint|p2a: Kommo-o
|
|-heal|p1a: Tapu Fini|10/100|[from] item: Leftovers
|upkeep
|
|t:|1641837813
|switch|p2a: Mew|Mew, shiny|100/100
|turn|13
|
|t:|1641837817
|move|p2a: Mew|Cosmic Power|p2a: Mew
|-boost|p2a: Mew|def|1
|-boost|p2a: Mew|spd|1
|move|p1a: Tapu Fini|Taunt|p2a: Mew
|-start|p2a: Mew|move: Taunt
|
|-heal|p1a: Tapu Fini|17/100|[from] item: Leftovers
|upkeep
|turn|14
|
|t:|1641837821
|move|p2a: Mew|Stored Power|p1a: Tapu Fini
|-damage|p1a: Tapu Fini|0 fnt
|faint|p1a: Tapu Fini
|
|upkeep
|
|t:|1641837823
|switch|p1a: Lilligant|Lilligant, F|100/100
|turn|15
|
|t:|1641837829
|switch|p2a: Weavile|Weavile, M|100/100
|-ability|p2a: Weavile|Pressure
|move|p1a: Lilligant|Quiver Dance|p1a: Lilligant
|-boost|p1a: Lilligant|spa|1
|-boost|p1a: Lilligant|spd|1
|-boost|p1a: Lilligant|spe|1
|
|upkeep
|turn|16
|
|t:|1641837837
|move|p2a: Weavile|Ice Shard|p1a: Lilligant
|-supereffective|p1a: Lilligant
|-damage|p1a: Lilligant|39/100
|move|p1a: Lilligant|Nature Power|p2a: Weavile
|move|p1a: Lilligant|Moonblast|p2a: Weavile|[from]move: Nature Power
|-supereffective|p2a: Weavile
|-damage|p2a: Weavile|0 fnt
|faint|p2a: Weavile
|-damage|p1a: Lilligant|29/100|[from] item: Life Orb
|
|-fieldend|Misty Terrain
|upkeep
|
|t:|1641837844
|switch|p2a: Mew|Mew, shiny|100/100
|turn|17
|
|t:|1641837850
|move|p1a: Lilligant|Quiver Dance|p1a: Lilligant
|-boost|p1a: Lilligant|spa|1
|-boost|p1a: Lilligant|spd|1
|-boost|p1a: Lilligant|spe|1
|move|p2a: Mew|Taunt|p1a: Lilligant
|-start|p1a: Lilligant|move: Taunt
|
|upkeep
|turn|18
|
|t:|1641837854
|move|p1a: Lilligant|Petal Dance|p2a: Mew
|-crit|p2a: Mew
|-damage|p2a: Mew|0 fnt
|faint|p2a: Mew
|-damage|p1a: Lilligant|19/100|[from] item: Life Orb
|
|upkeep
|
|t:|1641837860
|switch|p2a: Tapu Koko|Tapu Koko, shiny|42/100
|-fieldstart|move: Electric Terrain|[from] ability: Electric Surge|[of] p2a: Tapu Koko
|turn|19
|
|t:|1641837862
|move|p1a: Lilligant|Petal Dance|p2a: Tapu Koko|[from]lockedmove
|-damage|p2a: Tapu Koko|0 fnt
|faint|p2a: Tapu Koko
|-damage|p1a: Lilligant|9/100|[from] item: Life Orb
|
|upkeep
|
|t:|1641837865
|switch|p2a: Hawlucha|Hawlucha, M, shiny|100/100
|-enditem|p2a: Hawlucha|Electric Seed
|-boost|p2a: Hawlucha|def|1|[from] item: Electric Seed
|turn|20
|
|t:|1641837869
|move|p1a: Lilligant|Petal Dance|p2a: Hawlucha
|-resisted|p2a: Hawlucha
|-damage|p2a: Hawlucha|0 fnt
|faint|p2a: Hawlucha
|-damage|p1a: Lilligant|0 fnt|[from] item: Life Orb
|faint|p1a: Lilligant
|
|win|Elmerulia
|raw|Elmerulia's rating: 1448 &rarr; <strong>1471</strong><br />(+23 for winning)
|raw|ilovevalorant!!!'s rating: 1497 &rarr; <strong>1474</strong><br />(-23 for losing)
|c|☆ilovevalorant!!!|gg
|l|☆ilovevalorant!!!
