|j|☆gigno pinguim
|j|☆DumbLick1337
|t:|1641825549
|gametype|singles
|player|p1|gigno pinguim|cynthia|1244
|player|p2|DumbLick1337|102|1264
|teamsize|p1|6
|teamsize|p2|6
|gen|8
|tier|[Gen 8] OU
|rated|
|rule|Sleep Clause Mod: Limit one foe put to sleep
|rule|Species Clause: Limit one of each Pokémon
|rule|OHKO Clause: OHKO moves are banned
|rule|Evasion Moves Clause: Evasion moves are banned
|rule|Endless Battle Clause: Forcing endless battles is banned
|rule|HP Percentage Mod: HP is shown in percentages
|rule|Dynamax Clause: You cannot dynamax
|clearpoke
|poke|p1|Mew|
|poke|p1|Blacephalon|
|poke|p1|Bisharp, M|
|poke|p1|Rillaboom, F|
|poke|p1|Hawlucha, M|
|poke|p1|Kartana|
|poke|p2|Rotom-Heat|
|poke|p2|Corviknight, M|
|poke|p2|Clefable, M|
|poke|p2|Seismitoad, F|
|poke|p2|Hydreigon, F|
|poke|p2|Gyarados, F|
|teampreview
|c|☆DumbLick1337|hf
|inactive|Battle timer is ON: inactive players will automatically lose when time's up. (requested by DumbLick1337)
|c|☆gigno pinguim|HF
|
|t:|1641825556
|start
|switch|p1a: Le Catte|Mew, shiny|100/100
|switch|p2a: Hydreigon|Hydreigon, F|100/100
|turn|1
|
|t:|1641825562
|move|p2a: Hydreigon|Dark Pulse|p1a: Le Catte
|-supereffective|p1a: Le Catte
|-damage|p1a: Le Catte|37/100
|-enditem|p1a: Le Catte|Red Card|[of] p2a: Hydreigon
|drag|p2a: Corviknight|Corviknight, M|100/100
|-ability|p2a: Corviknight|Pressure
|move|p1a: Le Catte|Stealth Rock|p2a: Corviknight
|-sidestart|p2: DumbLick1337|move: Stealth Rock
|
|upkeep
|turn|2
|
|t:|1641825565
|move|p1a: Le Catte|Soft-Boiled|p1a: Le Catte
|-heal|p1a: Le Catte|87/100
|move|p2a: Corviknight|U-turn|p1a: Le Catte
|-supereffective|p1a: Le Catte
|-damage|p1a: Le Catte|62/100
|
|t:|1641825565
|switch|p2a: Hydreigon|Hydreigon, F|100/100|[from]move: U-turn
|-damage|p2a: Hydreigon|88/100|[from] Stealth Rock
|
|upkeep
|turn|3
|
|t:|1641825577
|switch|p1a: Get Papercut lol|Kartana|100/100
|move|p2a: Hydreigon|Dark Pulse|p1a: Get Papercut lol
|-damage|p1a: Get Papercut lol|0 fnt
|faint|p1a: Get Papercut lol
|
|upkeep
|
|t:|1641825585
|switch|p1a: C'est|Bisharp, M, shiny|100/100
|turn|4
|
|t:|1641825588
|switch|p2a: Seismitoad|Seismitoad, F|100/100
|-damage|p2a: Seismitoad|94/100|[from] Stealth Rock
|move|p1a: C'est|Iron Head|p2a: Seismitoad
|-resisted|p2a: Seismitoad
|-damage|p2a: Seismitoad|72/100
|-damage|p1a: C'est|91/100|[from] item: Life Orb
|
|-heal|p2a: Seismitoad|79/100|[from] item: Leftovers
|upkeep
|turn|5
|
|t:|1641825594
|move|p1a: C'est|Swords Dance|p1a: C'est
|-boost|p1a: C'est|atk|2
|move|p2a: Seismitoad|Earthquake|p1a: C'est
|-supereffective|p1a: C'est
|-damage|p1a: C'est|0 fnt
|faint|p1a: C'est
|
|-heal|p2a: Seismitoad|85/100|[from] item: Leftovers
|upkeep
|
|t:|1641825597
|switch|p1a: REI JULIEN|Rillaboom, F|100/100
|-fieldstart|move: Grassy Terrain|[from] ability: Grassy Surge|[of] p1a: REI JULIEN
|turn|6
|
|t:|1641825599
|switch|p2a: Corviknight|Corviknight, M|100/100
|-damage|p2a: Corviknight|88/100|[from] Stealth Rock
|-ability|p2a: Corviknight|Pressure
|move|p1a: REI JULIEN|U-turn|p2a: Corviknight
|-resisted|p2a: Corviknight
|-damage|p2a: Corviknight|82/100
|
|t:|1641825602
|switch|p1a: Baller|Blacephalon, shiny|100/100|[from]move: U-turn
|
|-heal|p2a: Corviknight|88/100|[from] item: Leftovers
|upkeep
|turn|7
|
|t:|1641825603
|switch|p2a: Clefable|Clefable, M|100/100
|move|p1a: Baller|Flamethrower|p2a: Clefable
|-damage|p2a: Clefable|61/100
|
|-heal|p2a: Clefable|67/100|[from] Grassy Terrain
|-heal|p2a: Clefable|73/100|[from] item: Leftovers
|upkeep
|turn|8
|
|t:|1641825610
|switch|p1a: Le Catte|Mew, shiny|62/100
|move|p2a: Clefable|Wish|p2a: Clefable
|
|-heal|p1a: Le Catte|69/100|[from] Grassy Terrain
|-heal|p2a: Clefable|79/100|[from] Grassy Terrain
|-heal|p2a: Clefable|85/100|[from] item: Leftovers
|upkeep
|turn|9
|
|t:|1641825619
|move|p1a: Le Catte|Spikes|p2a: Clefable
|-sidestart|p2: DumbLick1337|Spikes
|move|p2a: Clefable|Thunder Wave|p1a: Le Catte
|-status|p1a: Le Catte|par
|-activate|p1a: Le Catte|ability: Synchronize
|-status|p2a: Clefable|par
|
|-heal|p2a: Clefable|100/100 par|[from] move: Wish|[wisher] Clefable
|-heal|p1a: Le Catte|75/100 par|[from] Grassy Terrain
|upkeep
|turn|10
|
|t:|1641825625
|move|p1a: Le Catte|Spikes|p2a: Clefable
|-sidestart|p2: DumbLick1337|Spikes
|move|p2a: Clefable|Moonblast|p1a: Le Catte
|-damage|p1a: Le Catte|47/100 par
|-unboost|p1a: Le Catte|spa|1
|
|-heal|p1a: Le Catte|53/100 par|[from] Grassy Terrain
|-fieldend|move: Grassy Terrain
|upkeep
|turn|11
|
|t:|1641825627
|move|p1a: Le Catte|Spikes|p2a: Clefable
|-sidestart|p2: DumbLick1337|Spikes
|move|p2a: Clefable|Moonblast|p1a: Le Catte
|-damage|p1a: Le Catte|29/100 par
|
|upkeep
|turn|12
|
|t:|1641825630
|move|p1a: Le Catte|Soft-Boiled|p1a: Le Catte
|-heal|p1a: Le Catte|79/100 par
|move|p2a: Clefable|Moonblast|p1a: Le Catte
|-damage|p1a: Le Catte|51/100 par
|
|upkeep
|turn|13
|
|t:|1641825632
|move|p1a: Le Catte|Soft-Boiled|p1a: Le Catte
|-heal|p1a: Le Catte|100/100 par
|cant|p2a: Clefable|par
|
|upkeep
|turn|14
|
|t:|1641825637
|move|p1a: Le Catte|Taunt|p2a: Clefable
|-start|p2a: Clefable|move: Taunt
|move|p2a: Clefable|Moonblast|p1a: Le Catte
|-damage|p1a: Le Catte|74/100 par
|
|upkeep
|turn|15
|
|t:|1641825643
|move|p1a: Le Catte|Soft-Boiled|p1a: Le Catte
|-heal|p1a: Le Catte|100/100 par
|move|p2a: Clefable|Moonblast|p1a: Le Catte
|-damage|p1a: Le Catte|72/100 par
|
|upkeep
|turn|16
|
|t:|1641825650
|switch|p1a: REI JULIEN|Rillaboom, F|100/100
|-fieldstart|move: Grassy Terrain|[from] ability: Grassy Surge|[of] p1a: REI JULIEN
|cant|p2a: Clefable|par
|
|-end|p2a: Clefable|move: Taunt
|upkeep
|turn|17
|
|t:|1641825653
|move|p1a: REI JULIEN|Grassy Glide|p2a: Clefable
|-damage|p2a: Clefable|27/100 par
|move|p2a: Clefable|Moonblast|p1a: REI JULIEN
|-damage|p1a: REI JULIEN|58/100
|
|-heal|p1a: REI JULIEN|64/100|[from] Grassy Terrain
|-heal|p2a: Clefable|33/100 par|[from] Grassy Terrain
|-heal|p2a: Clefable|39/100 par|[from] item: Leftovers
|upkeep
|turn|18
|
|t:|1641825656
|move|p1a: REI JULIEN|Grassy Glide|p2a: Clefable
|-damage|p2a: Clefable|0 fnt
|faint|p2a: Clefable
|
|-heal|p1a: REI JULIEN|70/100|[from] Grassy Terrain
|upkeep
|
|t:|1641825656
|switch|p2a: Corviknight|Corviknight, M|88/100
|-damage|p2a: Corviknight|76/100|[from] Stealth Rock
|-ability|p2a: Corviknight|Pressure
|turn|19
|
|t:|1641825675
|switch|p1a: Baller|Blacephalon, shiny|100/100
|move|p2a: Corviknight|Defog|p1a: Baller
|-unboost|p1a: Baller|evasion|1
|-sideend|p2: DumbLick1337|Spikes|[from] move: Defog|[of] p2a: Corviknight
|-sideend|p2: DumbLick1337|Stealth Rock|[from] move: Defog|[of] p2a: Corviknight
|-fieldend|move: Grassy Terrain
|
|-heal|p2a: Corviknight|82/100|[from] item: Leftovers
|upkeep
|turn|20
|
|t:|1641825682
|switch|p2a: Hydreigon|Hydreigon, F|88/100
|move|p1a: Baller|Flamethrower|p2a: Hydreigon
|-resisted|p2a: Hydreigon
|-damage|p2a: Hydreigon|59/100
|
|upkeep
|turn|21
|
|t:|1641825687
|switch|p1a: REI JULIEN|Rillaboom, F|70/100
|-fieldstart|move: Grassy Terrain|[from] ability: Grassy Surge|[of] p1a: REI JULIEN
|move|p2a: Hydreigon|Draco Meteor|p1a: REI JULIEN
|-damage|p1a: REI JULIEN|0 fnt
|-unboost|p2a: Hydreigon|spa|2
|faint|p1a: REI JULIEN
|
|upkeep
|
|t:|1641825689
|switch|p1a: Rillabooms bestie|Hawlucha, M|100/100
|-enditem|p1a: Rillabooms bestie|Grassy Seed
|-boost|p1a: Rillabooms bestie|def|1|[from] item: Grassy Seed
|turn|22
|
|t:|1641825690
|switch|p2a: Corviknight|Corviknight, M|82/100
|-ability|p2a: Corviknight|Pressure
|move|p1a: Rillabooms bestie|Swords Dance|p1a: Rillabooms bestie
|-boost|p1a: Rillabooms bestie|atk|2
|
|-heal|p2a: Corviknight|88/100|[from] item: Leftovers
|upkeep
|turn|23
|
|t:|1641825695
|move|p1a: Rillabooms bestie|Close Combat|p2a: Corviknight
|-damage|p2a: Corviknight|9/100
|-unboost|p1a: Rillabooms bestie|def|1
|-unboost|p1a: Rillabooms bestie|spd|1
|move|p2a: Corviknight|Brave Bird|p1a: Rillabooms bestie
|-supereffective|p1a: Rillabooms bestie
|-damage|p1a: Rillabooms bestie|0 fnt
|faint|p1a: Rillabooms bestie
|-damage|p2a: Corviknight|0 fnt|[from] Recoil
|faint|p2a: Corviknight
|
|upkeep
|
|t:|1641825701
|switch|p1a: Le Catte|Mew, shiny|72/100 par
|switch|p2a: Hydreigon|Hydreigon, F|59/100
|turn|24
|
|t:|1641825703
|move|p2a: Hydreigon|Dark Pulse|p1a: Le Catte
|-supereffective|p1a: Le Catte
|-damage|p1a: Le Catte|2/100 par
|cant|p1a: Le Catte|par
|
|-heal|p1a: Le Catte|8/100 par|[from] Grassy Terrain
|upkeep
|turn|25
|-message|gigno pinguim forfeited.
|
|win|DumbLick1337
|raw|gigno pinguim's rating: 1244 &rarr; <strong>1220</strong><br />(-24 for losing)
|raw|DumbLick1337's rating: 1264 &rarr; <strong>1288</strong><br />(+24 for winning)
|c|☆DumbLick1337|gg
|l|☆gigno pinguim
