|j|☆lapt1
|j|☆itsStalkers
|t:|1641834422
|gametype|singles
|player|p1|lapt1|red-gen7|1328
|player|p2|itsStalkers|2|1338
|teamsize|p1|6
|teamsize|p2|6
|gen|8
|tier|[Gen 8] OU
|rated|
|rule|Sleep Clause Mod: Limit one foe put to sleep
|rule|Species Clause: Limit one of each Pokémon
|rule|OHKO Clause: OHKO moves are banned
|rule|Evasion Moves Clause: Evasion moves are banned
|rule|Endless Battle Clause: Forcing endless battles is banned
|rule|HP Percentage Mod: HP is shown in percentages
|rule|Dynamax Clause: You cannot dynamax
|clearpoke
|poke|p1|Landorus-Therian, M|
|poke|p1|Urshifu-*, M|
|poke|p1|Regieleki|
|poke|p1|Corviknight, F|
|poke|p1|Slowking-Galar, M|
|poke|p1|Melmetal|
|poke|p2|Barraskewda, M|
|poke|p2|Pelipper, M|
|poke|p2|Rillaboom, M|
|poke|p2|Ferrothorn, F|
|poke|p2|Zapdos|
|poke|p2|Blissey, F|
|teampreview
|
|t:|1641834430
|start
|switch|p1a: Regieleki|Regieleki|100/100
|switch|p2a: Barraskewda|Barraskewda, M|100/100
|turn|1
|
|t:|1641834437
|switch|p2a: Blissey|Blissey, F|100/100
|move|p1a: Regieleki|Volt Switch|p2a: Blissey
|-damage|p2a: Blissey|88/100
|
|t:|1641834445
|switch|p1a: Melmetal|Melmetal|100/100|[from]move: Volt Switch
|
|upkeep
|turn|2
|
|t:|1641834450
|move|p2a: Blissey|Thunder Wave|p1a: Melmetal
|-status|p1a: Melmetal|par
|move|p1a: Melmetal|Thunder Wave|p2a: Blissey
|-status|p2a: Blissey|par
|
|upkeep
|turn|3
|
|t:|1641834457
|-curestatus|p2a: Blissey|par|[from] ability: Natural Cure
|switch|p2a: Pelipper|Pelipper, M|100/100
|-weather|RainDance|[from] ability: Drizzle|[of] p2a: Pelipper
|move|p1a: Melmetal|Double Iron Bash|p2a: Pelipper
|-resisted|p2a: Pelipper
|-damage|p2a: Pelipper|79/100
|-resisted|p2a: Pelipper
|-damage|p2a: Pelipper|55/100
|-hitcount|p2a: Pelipper|2
|
|-weather|RainDance|[upkeep]
|upkeep
|turn|4
|
|t:|1641834468
|move|p2a: Pelipper|Scald|p1a: Melmetal
|-damage|p1a: Melmetal|48/100 par
|cant|p1a: Melmetal|par
|
|-weather|RainDance|[upkeep]
|-heal|p1a: Melmetal|54/100 par|[from] item: Leftovers
|upkeep
|turn|5
|
|t:|1641834477
|switch|p1a: Slowking|Slowking-Galar, M|100/100
|move|p2a: Pelipper|Hurricane|p1a: Slowking
|-damage|p1a: Slowking|78/100
|
|-weather|RainDance|[upkeep]
|upkeep
|turn|6
|
|t:|1641834481
|switch|p2a: Blissey|Blissey, F|88/100
|move|p1a: Slowking|Future Sight|p2a: Blissey
|-start|p1a: Slowking|move: Future Sight
|
|-weather|RainDance|[upkeep]
|upkeep
|turn|7
|
|t:|1641834487
|switch|p1a: Landorus|Landorus-Therian, M|100/100
|-ability|p1a: Landorus|Intimidate|boost
|-unboost|p2a: Blissey|atk|1
|move|p2a: Blissey|Teleport|p2a: Blissey
|
|t:|1641834490
|switch|p2a: Barraskewda|Barraskewda, M|100/100|[from]move: Teleport
|
|-weather|RainDance|[upkeep]
|upkeep
|turn|8
|
|t:|1641834497
|switch|p1a: Corviknight|Corviknight, F|100/100
|-ability|p1a: Corviknight|Pressure
|move|p2a: Barraskewda|Flip Turn|p1a: Corviknight
|-damage|p1a: Corviknight|55/100
|
|t:|1641834501
|switch|p2a: Zapdos|Zapdos|100/100|[from]move: Flip Turn
|
|-weather|RainDance|[upkeep]
|-end|p2a: Zapdos|move: Future Sight
|-damage|p2a: Zapdos|39/100
|-heal|p1a: Corviknight|61/100|[from] item: Leftovers
|upkeep
|turn|9
|
|t:|1641834508
|switch|p1a: Slowking|Slowking-Galar, M|100/100
|move|p2a: Zapdos|Thunder|p1a: Slowking
|-damage|p1a: Slowking|75/100
|
|-weather|RainDance|[upkeep]
|upkeep
|turn|10
|
|t:|1641834515
|move|p2a: Zapdos|Roost|p2a: Zapdos
|-heal|p2a: Zapdos|89/100
|-singleturn|p2a: Zapdos|move: Roost
|move|p1a: Slowking|Future Sight|p2a: Zapdos
|-start|p1a: Slowking|move: Future Sight
|
|-weather|none
|upkeep
|turn|11
|
|t:|1641834523
|switch|p2a: Pelipper|Pelipper, M|55/100
|-weather|RainDance|[from] ability: Drizzle|[of] p2a: Pelipper
|switch|p1a: Landorus|Landorus-Therian, M|100/100
|-ability|p1a: Landorus|Intimidate|boost
|-unboost|p2a: Pelipper|atk|1
|
|-weather|RainDance|[upkeep]
|upkeep
|turn|12
|
|t:|1641834534
|move|p1a: Landorus|U-turn|p2a: Pelipper
|-resisted|p2a: Pelipper
|-damage|p2a: Pelipper|45/100
|
|t:|1641834538
|switch|p1a: Slowking|Slowking-Galar, M|100/100|[from]move: U-turn
|move|p2a: Pelipper|Roost|p2a: Pelipper
|-heal|p2a: Pelipper|95/100
|-singleturn|p2a: Pelipper|move: Roost
|
|-weather|RainDance|[upkeep]
|-end|p2a: Pelipper|move: Future Sight
|-damage|p2a: Pelipper|25/100
|upkeep
|turn|13
|
|t:|1641834552
|switch|p1a: Melmetal|Melmetal|54/100 par
|move|p2a: Pelipper|Roost|p2a: Pelipper
|-heal|p2a: Pelipper|75/100
|-singleturn|p2a: Pelipper|move: Roost
|
|-weather|RainDance|[upkeep]
|-heal|p1a: Melmetal|60/100 par|[from] item: Leftovers
|upkeep
|turn|14
|
|t:|1641834557
|move|p2a: Pelipper|Hurricane|p1a: Melmetal
|-resisted|p1a: Melmetal
|-damage|p1a: Melmetal|35/100 par
|move|p1a: Melmetal|Thunder Punch|p2a: Pelipper
|-supereffective|p2a: Pelipper
|-crit|p2a: Pelipper
|-damage|p2a: Pelipper|0 fnt
|faint|p2a: Pelipper
|
|-weather|RainDance|[upkeep]
|-heal|p1a: Melmetal|41/100 par|[from] item: Leftovers
|upkeep
|
|t:|1641834564
|switch|p2a: Barraskewda|Barraskewda, M|100/100
|turn|15
|
|t:|1641834572
|switch|p1a: Urshifu|Urshifu-Rapid-Strike, M|100/100
|move|p2a: Barraskewda|Close Combat|p1a: Urshifu
|-damage|p1a: Urshifu|35/100
|-unboost|p2a: Barraskewda|def|1
|-unboost|p2a: Barraskewda|spd|1
|
|-weather|RainDance|[upkeep]
|upkeep
|turn|16
|
|t:|1641834581
|switch|p1a: Landorus|Landorus-Therian, M|100/100
|-ability|p1a: Landorus|Intimidate|boost
|-unboost|p2a: Barraskewda|atk|1
|move|p2a: Barraskewda|Close Combat|p1a: Landorus
|-resisted|p1a: Landorus
|-damage|p1a: Landorus|84/100
|-unboost|p2a: Barraskewda|def|1
|-unboost|p2a: Barraskewda|spd|1
|
|-weather|RainDance|[upkeep]
|-heal|p1a: Landorus|90/100|[from] item: Leftovers
|upkeep
|turn|17
|
|t:|1641834593
|switch|p2a: Ferrothorn|Ferrothorn, F|100/100
|move|p1a: Landorus|Stealth Rock|p2a: Ferrothorn
|-sidestart|p2: itsStalkers|move: Stealth Rock
|
|-weather|RainDance|[upkeep]
|-heal|p1a: Landorus|96/100|[from] item: Leftovers
|upkeep
|turn|18
|
|t:|1641834604
|switch|p1a: Corviknight|Corviknight, F|61/100
|-ability|p1a: Corviknight|Pressure
|move|p2a: Ferrothorn|Leech Seed|p1a: Corviknight
|-start|p1a: Corviknight|move: Leech Seed
|
|-weather|none
|-heal|p1a: Corviknight|67/100|[from] item: Leftovers
|-damage|p1a: Corviknight|55/100|[from] Leech Seed|[of] p2a: Ferrothorn
|upkeep
|turn|19
|
|t:|1641834612
|move|p1a: Corviknight|Roost|p1a: Corviknight
|-heal|p1a: Corviknight|100/100
|-singleturn|p1a: Corviknight|move: Roost
|move|p2a: Ferrothorn|Body Press|p1a: Corviknight
|-supereffective|p1a: Corviknight
|-damage|p1a: Corviknight|64/100
|
|-heal|p1a: Corviknight|70/100|[from] item: Leftovers
|-damage|p1a: Corviknight|58/100|[from] Leech Seed|[of] p2a: Ferrothorn
|upkeep
|turn|20
|
|t:|1641834619
|switch|p1a: Landorus|Landorus-Therian, M|96/100
|-ability|p1a: Landorus|Intimidate|boost
|-unboost|p2a: Ferrothorn|atk|1
|move|p2a: Ferrothorn|Body Press|p1a: Landorus
|-resisted|p1a: Landorus
|-damage|p1a: Landorus|85/100
|
|-heal|p1a: Landorus|91/100|[from] item: Leftovers
|upkeep
|turn|21
|
|t:|1641834629
|switch|p1a: Slowking|Slowking-Galar, M|100/100
|move|p2a: Ferrothorn|Leech Seed|p1a: Slowking
|-start|p1a: Slowking|move: Leech Seed
|
|-damage|p1a: Slowking|88/100|[from] Leech Seed|[of] p2a: Ferrothorn
|upkeep
|turn|22
|
|t:|1641834634
|switch|p2a: Blissey|Blissey, F|88/100
|move|p1a: Slowking|Future Sight|p2a: Blissey
|-start|p1a: Slowking|move: Future Sight
|
|-damage|p1a: Slowking|76/100|[from] Leech Seed|[of] p2a: Blissey
|-heal|p2a: Blissey|95/100|[silent]
|upkeep
|turn|23
|
|t:|1641834642
|switch|p1a: Landorus|Landorus-Therian, M|91/100
|-ability|p1a: Landorus|Intimidate|boost
|-unboost|p2a: Blissey|atk|1
|move|p2a: Blissey|Thunder Wave|p1a: Landorus
|-immune|p1a: Landorus
|
|-heal|p1a: Landorus|97/100|[from] item: Leftovers
|upkeep
|turn|24
|
|t:|1641834648
|move|p1a: Landorus|Knock Off|p2a: Blissey
|-damage|p2a: Blissey|36/100
|-enditem|p2a: Blissey|Heavy-Duty Boots|[from] move: Knock Off|[of] p1a: Landorus
|move|p2a: Blissey|Soft-Boiled|p2a: Blissey
|-heal|p2a: Blissey|86/100
|
|-end|p2a: Blissey|move: Future Sight
|-damage|p2a: Blissey|71/100
|-heal|p1a: Landorus|100/100|[from] item: Leftovers
|upkeep
|turn|25
|
|t:|1641834654
|switch|p2a: Ferrothorn|Ferrothorn, F|100/100
|-damage|p2a: Ferrothorn|94/100|[from] Stealth Rock
|move|p1a: Landorus|U-turn|p2a: Ferrothorn
|-damage|p2a: Ferrothorn|82/100
|-damage|p1a: Landorus|88/100|[from] ability: Iron Barbs|[of] p2a: Ferrothorn
|
|t:|1641834658
|switch|p1a: Slowking|Slowking-Galar, M|100/100|[from]move: U-turn
|
|-heal|p2a: Ferrothorn|89/100|[from] item: Leftovers
|upkeep
|turn|26
|
|t:|1641834661
|move|p1a: Slowking|Flamethrower|p2a: Ferrothorn
|-supereffective|p2a: Ferrothorn
|-damage|p2a: Ferrothorn|7/100
|move|p2a: Ferrothorn|Knock Off|p1a: Slowking
|-supereffective|p1a: Slowking
|-damage|p1a: Slowking|60/100
|-enditem|p1a: Slowking|Assault Vest|[from] move: Knock Off|[of] p2a: Ferrothorn
|
|-heal|p2a: Ferrothorn|13/100|[from] item: Leftovers
|upkeep
|turn|27
|
|t:|1641834669
|switch|p2a: Blissey|Blissey, F|71/100
|-damage|p2a: Blissey|58/100|[from] Stealth Rock
|move|p1a: Slowking|Flamethrower|p2a: Blissey
|-damage|p2a: Blissey|52/100
|
|upkeep
|turn|28
|
|t:|1641834676
|switch|p1a: Landorus|Landorus-Therian, M|88/100
|-ability|p1a: Landorus|Intimidate|boost
|-unboost|p2a: Blissey|atk|1
|move|p2a: Blissey|Teleport|p2a: Blissey
|
|t:|1641834680
|switch|p2a: Barraskewda|Barraskewda, M|100/100|[from]move: Teleport
|-damage|p2a: Barraskewda|88/100|[from] Stealth Rock
|
|-heal|p1a: Landorus|94/100|[from] item: Leftovers
|upkeep
|turn|29
|
|t:|1641834695
|switch|p1a: Corviknight|Corviknight, F|58/100
|-ability|p1a: Corviknight|Pressure
|move|p2a: Barraskewda|Flip Turn|p1a: Corviknight
|-damage|p1a: Corviknight|26/100
|
|t:|1641834699
|switch|p2a: Rillaboom|Rillaboom, M|100/100|[from]move: Flip Turn
|-damage|p2a: Rillaboom|88/100|[from] Stealth Rock
|-fieldstart|move: Grassy Terrain|[from] ability: Grassy Surge|[of] p2a: Rillaboom
|
|-heal|p2a: Rillaboom|94/100|[from] Grassy Terrain
|-heal|p1a: Corviknight|32/100|[from] item: Leftovers
|upkeep
|turn|30
|
|t:|1641834719
|switch|p1a: Melmetal|Melmetal|41/100 par
|move|p2a: Rillaboom|Drain Punch|p1a: Melmetal
|-supereffective|p1a: Melmetal
|-damage|p1a: Melmetal|2/100 par
|-heal|p2a: Rillaboom|100/100|[from] drain|[of] p1a: Melmetal
|-damage|p2a: Rillaboom|91/100|[from] item: Life Orb
|
|-heal|p2a: Rillaboom|97/100|[from] Grassy Terrain
|-heal|p1a: Melmetal|8/100 par|[from] Grassy Terrain
|-heal|p1a: Melmetal|15/100 par|[from] item: Leftovers
|upkeep
|turn|31
|
|t:|1641834733
|switch|p1a: Landorus|Landorus-Therian, M|94/100
|-ability|p1a: Landorus|Intimidate|boost
|-unboost|p2a: Rillaboom|atk|1
|move|p2a: Rillaboom|Drain Punch|p1a: Landorus
|-resisted|p1a: Landorus
|-damage|p1a: Landorus|86/100
|-heal|p2a: Rillaboom|100/100|[from] drain|[of] p1a: Landorus
|-damage|p2a: Rillaboom|91/100|[from] item: Life Orb
|
|-heal|p2a: Rillaboom|97/100|[from] Grassy Terrain
|-heal|p1a: Landorus|92/100|[from] item: Leftovers
|upkeep
|turn|32
|
|t:|1641834752
|switch|p2a: Ferrothorn|Ferrothorn, F|13/100
|-damage|p2a: Ferrothorn|7/100|[from] Stealth Rock
|move|p1a: Landorus|Knock Off|p2a: Ferrothorn
|-damage|p2a: Ferrothorn|0 fnt
|-damage|p1a: Landorus|80/100|[from] ability: Iron Barbs|[of] p2a: Ferrothorn
|-enditem|p2a: Ferrothorn|Leftovers|[from] move: Knock Off|[of] p1a: Landorus
|faint|p2a: Ferrothorn
|
|-heal|p1a: Landorus|86/100|[from] item: Leftovers
|upkeep
|
|t:|1641834757
|switch|p2a: Rillaboom|Rillaboom, M|97/100
|-damage|p2a: Rillaboom|84/100|[from] Stealth Rock
|turn|33
|
|t:|1641834766
|switch|p1a: Corviknight|Corviknight, F|32/100
|-ability|p1a: Corviknight|Pressure
|move|p2a: Rillaboom|Swords Dance|p2a: Rillaboom
|-boost|p2a: Rillaboom|atk|2
|
|-heal|p2a: Rillaboom|91/100|[from] Grassy Terrain
|-heal|p1a: Corviknight|38/100|[from] item: Leftovers
|-fieldend|move: Grassy Terrain
|upkeep
|turn|34
|
|t:|1641834776
|switch|p1a: Landorus|Landorus-Therian, M|86/100
|-ability|p1a: Landorus|Intimidate|boost
|-unboost|p2a: Rillaboom|atk|1
|move|p2a: Rillaboom|Drain Punch|p1a: Landorus
|-resisted|p1a: Landorus
|-damage|p1a: Landorus|69/100
|-heal|p2a: Rillaboom|99/100|[from] drain|[of] p1a: Landorus
|-damage|p2a: Rillaboom|90/100|[from] item: Life Orb
|
|-heal|p1a: Landorus|75/100|[from] item: Leftovers
|upkeep
|turn|35
|
|t:|1641834790
|move|p2a: Rillaboom|Grassy Glide|p1a: Landorus
|-damage|p1a: Landorus|27/100
|-damage|p2a: Rillaboom|80/100|[from] item: Life Orb
|move|p1a: Landorus|U-turn|p2a: Rillaboom
|-supereffective|p2a: Rillaboom
|-crit|p2a: Rillaboom
|-damage|p2a: Rillaboom|4/100
|
|t:|1641834802
|switch|p1a: Regieleki|Regieleki|100/100|[from]move: U-turn
|
|upkeep
|turn|36
|
|t:|1641834809
|move|p1a: Regieleki|Volt Switch|p2a: Rillaboom
|-resisted|p2a: Rillaboom
|-damage|p2a: Rillaboom|0 fnt
|faint|p2a: Rillaboom
|
|t:|1641834820
|switch|p1a: Melmetal|Melmetal|15/100 par|[from]move: Volt Switch
|
|-heal|p1a: Melmetal|21/100 par|[from] item: Leftovers
|upkeep
|
|t:|1641834831
|switch|p2a: Barraskewda|Barraskewda, M|88/100
|-damage|p2a: Barraskewda|75/100|[from] Stealth Rock
|turn|37
|
|t:|1641834837
|move|p2a: Barraskewda|Liquidation|p1a: Melmetal
|-damage|p1a: Melmetal|0 fnt
|faint|p1a: Melmetal
|
|upkeep
|
|t:|1641834842
|switch|p1a: Regieleki|Regieleki|100/100
|turn|38
|
|t:|1641834861
|switch|p2a: Blissey|Blissey, F|52/100
|-damage|p2a: Blissey|39/100|[from] Stealth Rock
|move|p1a: Regieleki|Volt Switch|p2a: Blissey
|-damage|p2a: Blissey|26/100
|
|t:|1641834874
|switch|p1a: Urshifu|Urshifu-Rapid-Strike, M|35/100|[from]move: Volt Switch
|
|upkeep
|turn|39
|
|t:|1641834888
|move|p1a: Urshifu|Surging Strikes|p2a: Blissey
|-crit|p2a: Blissey
|-damage|p2a: Blissey|0 fnt
|faint|p2a: Blissey
|-hitcount|p2: Blissey|1
|
|upkeep
|
|t:|1641834894
|switch|p2a: Barraskewda|Barraskewda, M|75/100
|-damage|p2a: Barraskewda|63/100|[from] Stealth Rock
|turn|40
|
|t:|1641834900
|switch|p1a: Corviknight|Corviknight, F|38/100
|-ability|p1a: Corviknight|Pressure
|move|p2a: Barraskewda|Psychic Fangs|p1a: Corviknight
|-resisted|p1a: Corviknight
|-damage|p1a: Corviknight|24/100
|
|-heal|p1a: Corviknight|30/100|[from] item: Leftovers
|upkeep
|turn|41
|
|t:|1641834914
|switch|p2a: Zapdos|Zapdos|89/100
|move|p1a: Corviknight|U-turn|p2a: Zapdos
|-resisted|p2a: Zapdos
|-damage|p2a: Zapdos|80/100
|-status|p1a: Corviknight|par|[from] ability: Static|[of] p2a: Zapdos
|
|t:|1641834919
|switch|p1a: Slowking|Slowking-Galar, M|94/100|[from]move: U-turn
|
|upkeep
|turn|42
|
|t:|1641834933
|move|p2a: Zapdos|Thunder|p1a: Slowking
|-crit|p1a: Slowking
|-damage|p1a: Slowking|40/100
|move|p1a: Slowking|Future Sight|p2a: Zapdos
|-start|p1a: Slowking|move: Future Sight
|
|upkeep
|turn|43
|
|t:|1641834940
|switch|p1a: Landorus|Landorus-Therian, M|27/100
|-ability|p1a: Landorus|Intimidate|boost
|-unboost|p2a: Zapdos|atk|1
|move|p2a: Zapdos|Hurricane|p1a: Landorus
|-damage|p1a: Landorus|0 fnt
|faint|p1a: Landorus
|
|upkeep
|
|t:|1641834952
|switch|p1a: Slowking|Slowking-Galar, M|73/100
|turn|44
|
|t:|1641834977
|move|p2a: Zapdos|Thunder|p1a: Slowking
|-damage|p1a: Slowking|39/100
|move|p1a: Slowking|Sludge Bomb|p2a: Zapdos
|-damage|p2a: Zapdos|39/100
|
|-end|p2a: Zapdos|move: Future Sight
|-damage|p2a: Zapdos|0 fnt
|faint|p2a: Zapdos
|upkeep
|
|t:|1641834982
|switch|p2a: Barraskewda|Barraskewda, M|63/100
|-damage|p2a: Barraskewda|50/100|[from] Stealth Rock
|turn|45
|c|☆lapt1|wow both thunder and hurricane hit
|c|☆lapt1|twice alsi
|
|t:|1641834993
|move|p2a: Barraskewda|Psychic Fangs|p1a: Slowking
|-damage|p1a: Slowking|0 fnt
|faint|p1a: Slowking
|
|upkeep
|
|t:|1641835000
|switch|p1a: Regieleki|Regieleki|100/100
|turn|46
|
|t:|1641835024
|move|p1a: Regieleki|Volt Switch|p2a: Barraskewda
|-supereffective|p2a: Barraskewda
|-crit|p2a: Barraskewda
|-damage|p2a: Barraskewda|0 fnt
|faint|p2a: Barraskewda
|
|win|lapt1
|raw|lapt1's rating: 1328 &rarr; <strong>1349</strong><br />(+21 for winning)
|raw|itsStalkers's rating: 1338 &rarr; <strong>1317</strong><br />(-21 for losing)
|l|☆itsStalkers
||Ladder isn't responding, score probably updated but might not have (Request timeout).
