|j|☆kyysg
|j|☆Roman2112
|t:|1641814977
|gametype|singles
|player|p1|kyysg|102|1588
|player|p2|Roman2112|ethan|1776
|teamsize|p1|6
|teamsize|p2|6
|gen|8
|tier|[Gen 8] OU
|rated|
|rule|Sleep Clause Mod: Limit one foe put to sleep
|rule|Species Clause: Limit one of each Pokémon
|rule|OHKO Clause: OHKO moves are banned
|rule|Evasion Moves Clause: Evasion moves are banned
|rule|Endless Battle Clause: Forcing endless battles is banned
|rule|HP Percentage Mod: HP is shown in percentages
|rule|Dynamax Clause: You cannot dynamax
|clearpoke
|poke|p1|Mew|
|poke|p1|Kartana|
|poke|p1|Tapu Koko|
|poke|p1|Garchomp, F|
|poke|p1|Hawlucha, F|
|poke|p1|Kommo-o, M|
|poke|p2|Landorus-Therian, M|
|poke|p2|Slowbro, M|
|poke|p2|Tapu Koko|
|poke|p2|Ferrothorn, M|
|poke|p2|Latios, M|
|poke|p2|Kartana|
|teampreview
|inactive|Battle timer is ON: inactive players will automatically lose when time's up. (requested by Roman2112)
|
|t:|1641814989
|start
|switch|p1a: Garchomp|Garchomp, F|100/100
|switch|p2a: Legolas|Tapu Koko, shiny|100/100
|-fieldstart|move: Electric Terrain|[from] ability: Electric Surge|[of] p2a: Legolas
|turn|1
|
|t:|1641814999
|switch|p2a: Sam|Slowbro, M|100/100
|move|p1a: Garchomp|Earthquake|p2a: Sam
|-damage|p2a: Sam|60/100
|
|-heal|p2a: Sam|66/100|[from] item: Leftovers
|upkeep
|turn|2
|
|t:|1641815001
|move|p1a: Garchomp|Swords Dance|p1a: Garchomp
|-boost|p1a: Garchomp|atk|2
|move|p2a: Sam|Scald|p1a: Garchomp
|-damage|p1a: Garchomp|71/100
|
|-heal|p2a: Sam|72/100|[from] item: Leftovers
|upkeep
|turn|3
|
|t:|1641815004
|move|p2a: Sam|Protect|p2a: Sam
|-singleturn|p2a: Sam|Protect
|move|p1a: Garchomp|Scale Shot|p2a: Sam
|-activate|p2a: Sam|move: Protect
|
|-heal|p2a: Sam|78/100|[from] item: Leftovers
|upkeep
|turn|4
|
|t:|1641815006
|move|p1a: Garchomp|Earthquake|p2a: Sam
|-damage|p2a: Sam|0 fnt
|faint|p2a: Sam
|
|upkeep
|
|t:|1641815014
|switch|p2a: Smaug|Latios, M, shiny|100/100
|turn|5
|
|t:|1641815028
|move|p2a: Smaug|Psyshock|p1a: Garchomp
|-damage|p1a: Garchomp|13/100
|-damage|p2a: Smaug|91/100|[from] item: Life Orb
|move|p1a: Garchomp|Scale Shot|p2a: Smaug
|-supereffective|p2a: Smaug
|-damage|p2a: Smaug|25/100
|-supereffective|p2a: Smaug
|-damage|p2a: Smaug|0 fnt
|faint|p2a: Smaug
|-hitcount|p2: Smaug|2
|-unboost|p1a: Garchomp|def|1
|-boost|p1a: Garchomp|spe|1
|
|-fieldend|move: Electric Terrain
|upkeep
|-message|Roman2112 forfeited.
|
|win|kyysg
|raw|kyysg's rating: 1588 &rarr; <strong>1618</strong><br />(+30 for winning)
|raw|Roman2112's rating: 1776 &rarr; <strong>1746</strong><br />(-30 for losing)
|l|☆Roman2112
