|j|☆TestRunner619
|j|☆Luna Lana VGC
|t:|1641843896
|gametype|singles
|player|p1|TestRunner619|scientist-gen4|1506
|player|p2|Luna Lana VGC|pokekid|1520
|teamsize|p1|6
|teamsize|p2|6
|gen|8
|tier|[Gen 8] OU
|rated|
|rule|Sleep Clause Mod: Limit one foe put to sleep
|rule|Species Clause: Limit one of each Pokémon
|rule|OHKO Clause: OHKO moves are banned
|rule|Evasion Moves Clause: Evasion moves are banned
|rule|Endless Battle Clause: Forcing endless battles is banned
|rule|HP Percentage Mod: HP is shown in percentages
|rule|Dynamax Clause: You cannot dynamax
|clearpoke
|poke|p1|Tapu Lele|
|poke|p1|Dragapult, M|
|poke|p1|Landorus-Therian, M|
|poke|p1|Cloyster, M|
|poke|p1|Blacephalon|
|poke|p1|Melmetal|
|poke|p2|Tapu Koko|
|poke|p2|Kartana|
|poke|p2|Weavile, F|
|poke|p2|Moltres-Galar|
|poke|p2|Landorus-Therian, M|
|poke|p2|Hawlucha, F|
|teampreview
|inactive|Battle timer is ON: inactive players will automatically lose when time's up. (requested by TestRunner619)
|
|t:|1641843914
|start
|switch|p1a: Gigachad|Melmetal|100/100
|switch|p2a: Landorus|Landorus-Therian, M|100/100
|-ability|p2a: Landorus|Intimidate|boost
|-unboost|p1a: Gigachad|atk|1
|turn|1
|
|t:|1641843922
|move|p2a: Landorus|Stealth Rock|p1a: Gigachad
|-sidestart|p1: TestRunner619|move: Stealth Rock
|move|p1a: Gigachad|Ice Punch|p2a: Landorus
|-supereffective|p2a: Landorus
|-damage|p2a: Landorus|5/100
|
|upkeep
|turn|2
|
|t:|1641843928
|switch|p1a: Brock Lesnar|Landorus-Therian, M|100/100
|-damage|p1a: Brock Lesnar|88/100|[from] Stealth Rock
|-ability|p1a: Brock Lesnar|Intimidate|boost
|-unboost|p2a: Landorus|atk|1
|move|p2a: Landorus|Earthquake|p1a: Brock Lesnar
|-immune|p1a: Brock Lesnar
|
|upkeep
|turn|3
|
|t:|1641843936
|move|p2a: Landorus|Explosion|p1a: Brock Lesnar
|-damage|p1a: Brock Lesnar|32/100
|faint|p2a: Landorus
|move|p1a: Brock Lesnar|Smack Down|p2: Landorus|[notarget]
|-fail|p1a: Brock Lesnar
|
|upkeep
|
|t:|1641843946
|switch|p2a: Kartana|Kartana|100/100
|turn|4
|
|t:|1641843949
|move|p2a: Kartana|Knock Off|p1a: Brock Lesnar
|-damage|p1a: Brock Lesnar|0 fnt
|-damage|p2a: Kartana|84/100|[from] item: Rocky Helmet|[of] p1a: Brock Lesnar
|-enditem|p1a: Brock Lesnar|Rocky Helmet|[from] move: Knock Off|[of] p2a: Kartana
|faint|p1a: Brock Lesnar
|-ability|p2a: Kartana|Beast Boost|boost
|-boost|p2a: Kartana|atk|1
|
|upkeep
|inactive|TestRunner619 has 120 seconds left.
|
|t:|1641843995
|switch|p1a: Gigachad|Melmetal|100/100
|-damage|p1a: Gigachad|94/100|[from] Stealth Rock
|turn|5
|
|t:|1641844001
|move|p2a: Kartana|Knock Off|p1a: Gigachad
|-damage|p1a: Gigachad|46/100
|-enditem|p1a: Gigachad|Assault Vest|[from] move: Knock Off|[of] p2a: Kartana
|move|p1a: Gigachad|Body Press|p2a: Kartana
|-supereffective|p2a: Kartana
|-damage|p2a: Kartana|29/100
|
|upkeep
|turn|6
|
|t:|1641844009
|move|p2a: Kartana|Knock Off|p1a: Gigachad
|-damage|p1a: Gigachad|13/100
|move|p1a: Gigachad|Body Press|p2a: Kartana
|-supereffective|p2a: Kartana
|-damage|p2a: Kartana|0 fnt
|faint|p2a: Kartana
|
|upkeep
|
|t:|1641844019
|switch|p2a: Tapu Koko|Tapu Koko|100/100
|-fieldstart|move: Electric Terrain|[from] ability: Electric Surge|[of] p2a: Tapu Koko
|turn|7
|
|t:|1641844023
|move|p2a: Tapu Koko|Thunderbolt|p1a: Gigachad
|-damage|p1a: Gigachad|0 fnt
|faint|p1a: Gigachad
|
|upkeep
|
|t:|1641844034
|switch|p1a: SuperBass|Tapu Lele|100/100
|-damage|p1a: SuperBass|88/100|[from] Stealth Rock
|-fieldstart|move: Psychic Terrain|[from] ability: Psychic Surge|[of] p1a: SuperBass
|turn|8
|
|t:|1641844047
|move|p2a: Tapu Koko|U-turn|p1a: SuperBass
|-damage|p1a: SuperBass|65/100
|
|t:|1641844050
|switch|p2a: Hawlucha|Hawlucha, F|100/100|[from]move: U-turn
|move|p1a: SuperBass|Moonblast|p2a: Hawlucha
|-supereffective|p2a: Hawlucha
|-damage|p2a: Hawlucha|0 fnt
|faint|p2a: Hawlucha
|
|upkeep
|
|t:|1641844061
|switch|p2a: Weavile|Weavile, F|100/100
|turn|9
|
|t:|1641844071
|move|p2a: Weavile|Knock Off|p1a: SuperBass
|-damage|p1a: SuperBass|0 fnt
|-enditem|p1a: SuperBass|Choice Specs|[from] move: Knock Off|[of] p2a: Weavile
|faint|p1a: SuperBass
|
|upkeep
|
|t:|1641844076
|switch|p1a: The Clamboni|Cloyster, M|100/100
|-damage|p1a: The Clamboni|76/100|[from] Stealth Rock
|turn|10
|
|t:|1641844082
|move|p2a: Weavile|Knock Off|p1a: The Clamboni
|-damage|p1a: The Clamboni|36/100
|-enditem|p1a: The Clamboni|Focus Sash|[from] move: Knock Off|[of] p2a: Weavile
|move|p1a: The Clamboni|Shell Smash|p1a: The Clamboni
|-unboost|p1a: The Clamboni|def|1
|-unboost|p1a: The Clamboni|spd|1
|-boost|p1a: The Clamboni|atk|2
|-boost|p1a: The Clamboni|spa|2
|-boost|p1a: The Clamboni|spe|2
|
|upkeep
|turn|11
|
|t:|1641844091
|move|p2a: Weavile|Ice Shard|p1a: The Clamboni
|-activate|p1a: The Clamboni|move: Psychic Terrain
|move|p1a: The Clamboni|Rock Blast|p2a: Weavile
|-supereffective|p2a: Weavile
|-damage|p2a: Weavile|43/100
|-supereffective|p2a: Weavile
|-damage|p2a: Weavile|0 fnt
|faint|p2a: Weavile
|-hitcount|p2: Weavile|2
|
|upkeep
|c|☆Luna Lana VGC|wow I'm bad
|
|t:|1641844098
|switch|p2a: Tapu Koko|Tapu Koko|100/100
|-fieldstart|move: Electric Terrain|[from] ability: Electric Surge|[of] p2a: Tapu Koko
|turn|12
|
|t:|1641844102
|move|p1a: The Clamboni|Icicle Spear|p2a: Tapu Koko
|-damage|p2a: Tapu Koko|68/100
|-damage|p2a: Tapu Koko|38/100
|-damage|p2a: Tapu Koko|5/100
|-damage|p2a: Tapu Koko|0 fnt
|faint|p2a: Tapu Koko
|-hitcount|p2: Tapu Koko|4
|
|upkeep
|
|t:|1641844106
|switch|p2a: Moltres|Moltres-Galar|100/100
|turn|13
|c|☆Luna Lana VGC|gg
|c|☆TestRunner619|happens to the best of us
|c|☆TestRunner619|gg
|
|t:|1641844114
|move|p1a: The Clamboni|Icicle Spear|p2a: Moltres
|-supereffective|p2a: Moltres
|-damage|p2a: Moltres|50/100
|-supereffective|p2a: Moltres
|-damage|p2a: Moltres|0 fnt
|faint|p2a: Moltres
|-hitcount|p2: Moltres|2
|
|win|TestRunner619
|raw|TestRunner619's rating: 1506 &rarr; <strong>1527</strong><br />(+21 for winning)
|raw|Luna Lana VGC's rating: 1520 &rarr; <strong>1499</strong><br />(-21 for losing)
|l|☆Luna Lana VGC
||Ladder isn't responding, score probably updated but might not have (Request timeout).
