|j|☆kvrv
|j|☆Pitphoenix
|t:|1641815791
|gametype|singles
|player|p1|kvrv|ghetsis|1070
|player|p2|Pitphoenix|n|1109
|teamsize|p1|6
|teamsize|p2|6
|gen|8
|tier|[Gen 8] OU
|rated|
|rule|Sleep Clause Mod: Limit one foe put to sleep
|rule|Species Clause: Limit one of each Pokémon
|rule|OHKO Clause: OHKO moves are banned
|rule|Evasion Moves Clause: Evasion moves are banned
|rule|Endless Battle Clause: Forcing endless battles is banned
|rule|HP Percentage Mod: HP is shown in percentages
|rule|Dynamax Clause: You cannot dynamax
|clearpoke
|poke|p1|Landorus-Therian, M|
|poke|p1|Umbreon, F|
|poke|p1|Tyranitar, F|
|poke|p1|Zapdos|
|poke|p1|Slowbro, F|
|poke|p1|Kartana|
|poke|p2|Volcarona, F|
|poke|p2|Clefable, M|
|poke|p2|Seismitoad, F|
|poke|p2|Ferrothorn, F|
|poke|p2|Zapdos|
|poke|p2|Conkeldurr, M|
|teampreview
|
|t:|1641815801
|start
|switch|p1a: Landorus|Landorus-Therian, M|100/100
|switch|p2a: Seismitoad|Seismitoad, F|100/100
|-ability|p1a: Landorus|Intimidate|boost
|-unboost|p2a: Seismitoad|atk|1
|turn|1
|
|t:|1641815821
|switch|p1a: Slowbro|Slowbro, F, shiny|100/100
|move|p2a: Seismitoad|Toxic|p1a: Slowbro
|-status|p1a: Slowbro|tox
|
|-damage|p1a: Slowbro|94/100 tox|[from] psn
|upkeep
|turn|2
|
|t:|1641815829
|move|p2a: Seismitoad|Stealth Rock|p1a: Slowbro
|-sidestart|p1: kvrv|move: Stealth Rock
|move|p1a: Slowbro|Future Sight|p2a: Seismitoad
|-start|p1a: Slowbro|move: Future Sight
|
|-damage|p1a: Slowbro|82/100 tox|[from] psn
|upkeep
|turn|3
|
|t:|1641815836
|switch|p2a: Zapdos|Zapdos|100/100
|move|p1a: Slowbro|Teleport|p1a: Slowbro
|
|t:|1641815846
|switch|p1a: Tyranitar|Tyranitar, F, shiny|100/100|[from]move: Teleport
|-damage|p1a: Tyranitar|88/100|[from] Stealth Rock
|-weather|Sandstorm|[from] ability: Sand Stream|[of] p1a: Tyranitar
|
|-weather|Sandstorm|[upkeep]
|-damage|p2a: Zapdos|94/100|[from] Sandstorm
|upkeep
|turn|4
|
|t:|1641815855
|switch|p2a: Ferrothorn|Ferrothorn, F|100/100
|move|p1a: Tyranitar|Dragon Dance|p1a: Tyranitar
|-boost|p1a: Tyranitar|atk|1
|-boost|p1a: Tyranitar|spe|1
|
|-weather|Sandstorm|[upkeep]
|-end|p2a: Ferrothorn|move: Future Sight
|-resisted|p2a: Ferrothorn
|-damage|p2a: Ferrothorn|83/100
|-heal|p2a: Ferrothorn|89/100|[from] item: Leftovers
|upkeep
|turn|5
|
|t:|1641815867
|move|p1a: Tyranitar|Fire Punch|p2a: Ferrothorn
|-supereffective|p2a: Ferrothorn
|-damage|p2a: Ferrothorn|0 fnt
|-damage|p1a: Tyranitar|76/100|[from] ability: Iron Barbs|[of] p2a: Ferrothorn
|faint|p2a: Ferrothorn
|
|-weather|Sandstorm|[upkeep]
|upkeep
|
|t:|1641815873
|switch|p2a: Conkeldurr|Conkeldurr, M|100/100
|turn|6
|
|t:|1641815888
|switch|p1a: Slowbro|Slowbro, F, shiny|100/100 tox
|move|p2a: Conkeldurr|Mach Punch|p1a: Slowbro
|-resisted|p1a: Slowbro
|-damage|p1a: Slowbro|94/100 tox
|
|-weather|Sandstorm|[upkeep]
|-damage|p2a: Conkeldurr|95/100|[from] Sandstorm
|-damage|p1a: Slowbro|88/100 tox|[from] Sandstorm
|-damage|p1a: Slowbro|81/100 tox|[from] psn
|-status|p2a: Conkeldurr|brn|[from] item: Flame Orb
|upkeep
|turn|7
|
|t:|1641815903
|move|p2a: Conkeldurr|Knock Off|p1a: Slowbro
|-supereffective|p1a: Slowbro
|-damage|p1a: Slowbro|7/100 tox
|-enditem|p1a: Slowbro|Heavy-Duty Boots|[from] move: Knock Off|[of] p2a: Conkeldurr
|move|p1a: Slowbro|Future Sight|p2a: Conkeldurr
|-start|p1a: Slowbro|move: Future Sight
|
|-weather|none
|-damage|p1a: Slowbro|0 fnt|[from] psn
|faint|p1a: Slowbro
|-damage|p2a: Conkeldurr|89/100 brn|[from] brn
|upkeep
|
|t:|1641815914
|switch|p1a: Zapdos|Zapdos, shiny|100/100
|turn|8
|
|t:|1641815920
|switch|p2a: Seismitoad|Seismitoad, F|100/100
|move|p1a: Zapdos|Hurricane|p2a: Seismitoad
|-damage|p2a: Seismitoad|50/100
|
|-heal|p2a: Seismitoad|56/100|[from] item: Leftovers
|upkeep
|turn|9
|
|t:|1641815931
|move|p1a: Zapdos|Hurricane|p2a: Seismitoad
|-damage|p2a: Seismitoad|8/100
|move|p2a: Seismitoad|Toxic|p1a: Zapdos
|-status|p1a: Zapdos|tox
|
|-end|p2a: Seismitoad|move: Future Sight
|-damage|p2a: Seismitoad|0 fnt
|faint|p2a: Seismitoad
|-damage|p1a: Zapdos|94/100 tox|[from] psn
|upkeep
|
|t:|1641815946
|switch|p2a: Zapdos|Zapdos|94/100
|turn|10
|
|t:|1641815957
|switch|p1a: Tyranitar|Tyranitar, F, shiny|76/100
|-damage|p1a: Tyranitar|64/100|[from] Stealth Rock
|-weather|Sandstorm|[from] ability: Sand Stream|[of] p1a: Tyranitar
|move|p2a: Zapdos|Discharge|p1a: Tyranitar
|-damage|p1a: Tyranitar|43/100
|
|-weather|Sandstorm|[upkeep]
|-damage|p2a: Zapdos|88/100|[from] Sandstorm
|upkeep
|turn|11
|
|t:|1641815967
|switch|p2a: Conkeldurr|Conkeldurr, M|89/100 brn
|move|p1a: Tyranitar|Dragon Dance|p1a: Tyranitar
|-boost|p1a: Tyranitar|atk|1
|-boost|p1a: Tyranitar|spe|1
|
|-weather|Sandstorm|[upkeep]
|-damage|p2a: Conkeldurr|83/100 brn|[from] Sandstorm
|-damage|p2a: Conkeldurr|77/100 brn|[from] brn
|upkeep
|turn|12
|
|t:|1641815978
|move|p1a: Tyranitar|Stone Edge|p2a: Conkeldurr
|-resisted|p2a: Conkeldurr
|-damage|p2a: Conkeldurr|31/100 brn
|move|p2a: Conkeldurr|Drain Punch|p1a: Tyranitar
|-supereffective|p1a: Tyranitar
|-damage|p1a: Tyranitar|0 fnt
|-heal|p2a: Conkeldurr|52/100 brn|[from] drain|[of] p1a: Tyranitar
|faint|p1a: Tyranitar
|
|-weather|Sandstorm|[upkeep]
|-damage|p2a: Conkeldurr|46/100 brn|[from] Sandstorm
|-damage|p2a: Conkeldurr|40/100 brn|[from] brn
|upkeep
|
|t:|1641815995
|switch|p1a: Landorus|Landorus-Therian, M|100/100
|-damage|p1a: Landorus|88/100|[from] Stealth Rock
|-ability|p1a: Landorus|Intimidate|boost
|-unboost|p2a: Conkeldurr|atk|1
|turn|13
|
|t:|1641816004
|move|p1a: Landorus|Earthquake|p2a: Conkeldurr
|-damage|p2a: Conkeldurr|0 fnt
|faint|p2a: Conkeldurr
|
|-weather|Sandstorm|[upkeep]
|upkeep
|
|t:|1641816012
|switch|p2a: Volcarona|Volcarona, F|100/100
|turn|14
|
|t:|1641816020
|move|p1a: Landorus|Earthquake|p2a: Volcarona
|-damage|p2a: Volcarona|18/100
|move|p2a: Volcarona|Quiver Dance|p2a: Volcarona
|-boost|p2a: Volcarona|spa|1
|-boost|p2a: Volcarona|spd|1
|-boost|p2a: Volcarona|spe|1
|
|-weather|none
|upkeep
|turn|15
|
|t:|1641816028
|move|p2a: Volcarona|Psychic|p1a: Landorus
|-damage|p1a: Landorus|22/100
|move|p1a: Landorus|Earthquake|p2a: Volcarona
|-damage|p2a: Volcarona|0 fnt
|faint|p2a: Volcarona
|
|upkeep
|
|t:|1641816035
|switch|p2a: Clefable|Clefable, M|100/100
|turn|16
|
|t:|1641816043
|switch|p1a: Kartana|Kartana, shiny|100/100
|-damage|p1a: Kartana|94/100|[from] Stealth Rock
|move|p2a: Clefable|Moonblast|p1a: Kartana
|-resisted|p1a: Kartana
|-damage|p1a: Kartana|45/100
|
|upkeep
|turn|17
|
|t:|1641816076
|switch|p2a: Zapdos|Zapdos|88/100
|move|p1a: Kartana|Leaf Blade|p2a: Zapdos
|-resisted|p2a: Zapdos
|-damage|p2a: Zapdos|58/100
|-status|p1a: Kartana|par|[from] ability: Static|[of] p2a: Zapdos
|-damage|p1a: Kartana|35/100 par|[from] item: Life Orb
|
|upkeep
|turn|18
|
|t:|1641816087
|move|p2a: Zapdos|Heat Wave|p1a: Kartana
|-supereffective|p1a: Kartana
|-damage|p1a: Kartana|0 fnt
|faint|p1a: Kartana
|
|upkeep
|
|t:|1641816096
|switch|p1a: Landorus|Landorus-Therian, M|22/100
|-damage|p1a: Landorus|10/100|[from] Stealth Rock
|-ability|p1a: Landorus|Intimidate|boost
|-unboost|p2a: Zapdos|atk|1
|turn|19
|
|t:|1641816105
|move|p1a: Landorus|Stone Edge|p2a: Zapdos
|-supereffective|p2a: Zapdos
|-damage|p2a: Zapdos|2/100
|move|p2a: Zapdos|Roost|p2a: Zapdos
|-heal|p2a: Zapdos|52/100
|-singleturn|p2a: Zapdos|move: Roost
|
|upkeep
|turn|20
|
|t:|1641816115
|move|p1a: Landorus|Stone Edge|p2a: Zapdos
|-supereffective|p2a: Zapdos
|-damage|p2a: Zapdos|0 fnt
|faint|p2a: Zapdos
|
|upkeep
|
|t:|1641816120
|switch|p2a: Clefable|Clefable, M|100/100
|turn|21
|
|t:|1641816126
|switch|p1a: Zapdos|Zapdos, shiny|94/100 tox
|move|p2a: Clefable|Moonblast|p1a: Zapdos
|-damage|p1a: Zapdos|64/100 tox
|
|-damage|p1a: Zapdos|58/100 tox|[from] psn
|upkeep
|turn|22
|
|t:|1641816137
|move|p1a: Zapdos|Discharge|p2a: Clefable
|-damage|p2a: Clefable|67/100
|-status|p2a: Clefable|par
|move|p2a: Clefable|Trick|p1a: Zapdos
|-activate|p2a: Clefable|move: Trick|[of] p1a: Zapdos
|-item|p1a: Zapdos|Sticky Barb|[from] move: Trick
|-item|p2a: Clefable|Heavy-Duty Boots|[from] move: Trick
|
|-damage|p1a: Zapdos|46/100 tox|[from] psn
|-damage|p1a: Zapdos|33/100 tox|[from] item: Sticky Barb
|upkeep
|turn|23
|
|t:|1641816148
|move|p1a: Zapdos|Discharge|p2a: Clefable
|-damage|p2a: Clefable|34/100 par
|move|p2a: Clefable|Soft-Boiled|p2a: Clefable
|-heal|p2a: Clefable|84/100 par
|
|-damage|p1a: Zapdos|15/100 tox|[from] psn
|-damage|p1a: Zapdos|3/100 tox|[from] item: Sticky Barb
|upkeep
|turn|24
|
|t:|1641816159
|move|p1a: Zapdos|Hurricane|p2a: Clefable|[miss]
|-miss|p1a: Zapdos|p2a: Clefable
|move|p2a: Clefable|Soft-Boiled|p2a: Clefable
|-heal|p2a: Clefable|100/100 par
|
|-damage|p1a: Zapdos|0 fnt|[from] psn
|faint|p1a: Zapdos
|upkeep
|
|t:|1641816169
|switch|p1a: Landorus|Landorus-Therian, M|10/100
|-damage|p1a: Landorus|0 fnt|[from] Stealth Rock
|faint|p1a: Landorus
|
|t:|1641816174
|switch|p1a: Umbreon|Umbreon, F, shiny|100/100
|-damage|p1a: Umbreon|88/100|[from] Stealth Rock
|turn|25
|
|t:|1641816181
|move|p1a: Umbreon|Foul Play|p2a: Clefable
|-resisted|p2a: Clefable
|-damage|p2a: Clefable|93/100 par
|move|p2a: Clefable|Moonblast|p1a: Umbreon
|-supereffective|p1a: Umbreon
|-damage|p1a: Umbreon|57/100
|
|-heal|p1a: Umbreon|63/100|[from] item: Leftovers
|upkeep
|turn|26
|-message|kvrv forfeited.
|
|win|Pitphoenix
|raw|kvrv's rating: 1070 &rarr; <strong>1052</strong><br />(-18 for losing)
|raw|Pitphoenix's rating: 1109 &rarr; <strong>1131</strong><br />(+22 for winning)
|l|☆kvrv
