|j|☆VeugLaddTest
|j|☆gruji
|t:|1641813747
|gametype|singles
|player|p1|VeugLaddTest|hoopster|1046
|player|p2|gruji|fisherman|1053
|teamsize|p1|6
|teamsize|p2|6
|gen|8
|tier|[Gen 8] OU
|rated|
|rule|Sleep Clause Mod: Limit one foe put to sleep
|rule|Species Clause: Limit one of each Pokémon
|rule|OHKO Clause: OHKO moves are banned
|rule|Evasion Moves Clause: Evasion moves are banned
|rule|Endless Battle Clause: Forcing endless battles is banned
|rule|HP Percentage Mod: HP is shown in percentages
|rule|Dynamax Clause: You cannot dynamax
|clearpoke
|poke|p1|Weavile, M|
|poke|p1|Clefable, M|
|poke|p1|Aegislash, F|
|poke|p1|Heatran, M|
|poke|p1|Zapdos|
|poke|p1|Landorus-Therian, M|
|poke|p2|Silvally-*|
|poke|p2|Hippowdon, F|
|poke|p2|Urshifu-*, F|
|poke|p2|Garchomp, M|
|poke|p2|Rillaboom, F|
|poke|p2|Shuckle, F|
|teampreview
|
|t:|1641813759
|start
|switch|p1a: Clefable|Clefable, M|100/100
|switch|p2a: Shuckle|Shuckle, F|100/100
|turn|1
|
|t:|1641813767
|move|p1a: Clefable|Knock Off|p2a: Shuckle
|-damage|p2a: Shuckle|88/100
|-enditem|p2a: Shuckle|Lum Berry|[from] move: Knock Off|[of] p1a: Clefable
|move|p2a: Shuckle|Iron Defense|p2a: Shuckle
|-boost|p2a: Shuckle|def|2
|
|upkeep
|turn|2
|
|t:|1641813775
|move|p1a: Clefable|Stealth Rock|p2a: Shuckle
|-sidestart|p2: gruji|move: Stealth Rock
|move|p2a: Shuckle|Bind|p1a: Clefable
|-damage|p1a: Clefable|99/100
|-activate|p1a: Clefable|move: Bind|[of] p2a: Shuckle
|
|-heal|p1a: Clefable|100/100|[from] item: Leftovers
|upkeep
|turn|3
|
|t:|1641813790
|move|p1a: Clefable|Moonblast|p2a: Shuckle
|-damage|p2a: Shuckle|63/100
|move|p2a: Shuckle|Toxic|p1a: Clefable|[miss]
|-miss|p2a: Shuckle|p1a: Clefable
|
|upkeep
|turn|4
|
|t:|1641813802
|move|p1a: Clefable|Moonblast|p2a: Shuckle
|-damage|p2a: Shuckle|38/100
|move|p2a: Shuckle|Toxic|p1a: Clefable
|-status|p1a: Clefable|tox
|
|upkeep
|turn|5
|
|t:|1641813810
|move|p1a: Clefable|Moonblast|p2a: Shuckle
|-damage|p2a: Shuckle|11/100
|move|p2a: Shuckle|Rest|p2a: Shuckle
|-status|p2a: Shuckle|slp|[from] move: Rest
|-heal|p2a: Shuckle|100/100 slp|[silent]
|
|upkeep
|turn|6
|
|t:|1641813820
|move|p1a: Clefable|Moonblast|p2a: Shuckle
|-damage|p2a: Shuckle|72/100 slp
|cant|p2a: Shuckle|slp
|
|upkeep
|turn|7
|
|t:|1641813830
|move|p1a: Clefable|Moonblast|p2a: Shuckle
|-damage|p2a: Shuckle|45/100 slp
|cant|p2a: Shuckle|slp
|
|-end|p1a: Clefable|Bind|[partiallytrapped]
|upkeep
|turn|8
|
|t:|1641813840
|switch|p1a: Aegislash|Aegislash, F|100/100
|switch|p2a: Garchomp|Garchomp, M, shiny|100/100
|-damage|p2a: Garchomp|94/100|[from] Stealth Rock
|
|upkeep
|turn|9
|
|t:|1641813855
|switch|p1a: Zapdos|Zapdos|100/100
|move|p2a: Garchomp|Scale Shot|p1a: Zapdos
|-damage|p1a: Zapdos|91/100
|-damage|p1a: Zapdos|81/100
|-hitcount|p1a: Zapdos|2
|-unboost|p2a: Garchomp|def|1
|-boost|p2a: Garchomp|spe|1
|
|upkeep
|turn|10
|
|t:|1641813868
|move|p2a: Garchomp|Outrage|p1a: Zapdos
|-damage|p1a: Zapdos|38/100
|move|p1a: Zapdos|Hurricane|p2a: Garchomp
|-damage|p2a: Garchomp|53/100
|
|upkeep
|turn|11
|
|t:|1641813876
|switch|p1a: Clefable|Clefable, M|100/100 tox
|move|p2a: Garchomp|Outrage|p1a: Clefable|[from]lockedmove
|-immune|p1a: Clefable
|-start|p2a: Garchomp|confusion|[fatigue]
|
|upkeep
|turn|12
|
|t:|1641813894
|-activate|p2a: Garchomp|confusion
|move|p2a: Garchomp|Swords Dance|p2a: Garchomp
|-boost|p2a: Garchomp|atk|2
|move|p1a: Clefable|Knock Off|p2a: Garchomp
|-damage|p2a: Garchomp|33/100
|-activate|p2a: Garchomp|ability: Rough Skin
|-enditem|p2a: Garchomp|Rocky Helmet|[from] move: Knock Off|[of] p1a: Clefable
|
|upkeep
|turn|13
|
|t:|1641813908
|switch|p1a: Landorus|Landorus-Therian, M|100/100
|-ability|p1a: Landorus|Intimidate|boost
|-unboost|p2a: Garchomp|atk|1
|-activate|p2a: Garchomp|confusion
|move|p2a: Garchomp|Scale Shot|p1a: Landorus|[miss]
|-miss|p2a: Garchomp|p1a: Landorus
|
|upkeep
|turn|14
|
|t:|1641813917
|switch|p1a: Clefable|Clefable, M|100/100 tox
|-activate|p2a: Garchomp|confusion
|move|p2a: Garchomp|Scale Shot|p1a: Clefable
|-immune|p1a: Clefable
|
|upkeep
|turn|15
|
|t:|1641813930
|switch|p2a: Hippowdon|Hippowdon, F, shiny|100/100
|-damage|p2a: Hippowdon|94/100|[from] Stealth Rock
|-weather|Sandstorm|[from] ability: Sand Stream|[of] p2a: Hippowdon
|move|p1a: Clefable|Moonblast|p2a: Hippowdon
|-damage|p2a: Hippowdon|57/100
|
|-weather|Sandstorm|[upkeep]
|-heal|p2a: Hippowdon|63/100|[from] item: Leftovers
|upkeep
|turn|16
|
|t:|1641813943
|move|p1a: Clefable|Knock Off|p2a: Hippowdon
|-damage|p2a: Hippowdon|52/100
|-enditem|p2a: Hippowdon|Leftovers|[from] move: Knock Off|[of] p1a: Clefable
|move|p2a: Hippowdon|Stone Edge|p1a: Clefable
|-crit|p1a: Clefable
|-damage|p1a: Clefable|62/100 tox
|
|-weather|Sandstorm|[upkeep]
|-heal|p1a: Clefable|69/100 tox|[from] item: Leftovers
|upkeep
|turn|17
|
|t:|1641813972
|switch|p1a: Landorus|Landorus-Therian, M|100/100
|-ability|p1a: Landorus|Intimidate|boost
|-unboost|p2a: Hippowdon|atk|1
|move|p2a: Hippowdon|Stone Edge|p1a: Landorus
|-crit|p1a: Landorus
|-damage|p1a: Landorus|71/100
|
|-weather|Sandstorm|[upkeep]
|-heal|p1a: Landorus|77/100|[from] item: Leftovers
|upkeep
|turn|18
|
|t:|1641813983
|move|p1a: Landorus|Toxic|p2a: Hippowdon
|-status|p2a: Hippowdon|tox
|move|p2a: Hippowdon|Slack Off|p2a: Hippowdon
|-heal|p2a: Hippowdon|100/100 tox
|
|-weather|Sandstorm|[upkeep]
|-heal|p1a: Landorus|83/100|[from] item: Leftovers
|-damage|p2a: Hippowdon|94/100 tox|[from] psn
|upkeep
|turn|19
|
|t:|1641814000
|switch|p2a: Rillaboom|Rillaboom, F, shiny|100/100
|-damage|p2a: Rillaboom|88/100|[from] Stealth Rock
|-fieldstart|move: Grassy Terrain|[from] ability: Grassy Surge|[of] p2a: Rillaboom
|move|p1a: Landorus|Earthquake|p2a: Rillaboom
|-resisted|p2a: Rillaboom
|-damage|p2a: Rillaboom|77/100
|
|-weather|none
|-heal|p1a: Landorus|90/100|[from] item: Leftovers
|-heal|p2a: Rillaboom|83/100|[from] Grassy Terrain
|-heal|p2a: Rillaboom|89/100|[from] item: Leftovers
|upkeep
|turn|20
|
|t:|1641814020
|move|p2a: Rillaboom|Grassy Glide|p1a: Landorus
|-damage|p1a: Landorus|57/100
|move|p1a: Landorus|Toxic|p2a: Rillaboom|[miss]
|-miss|p1a: Landorus|p2a: Rillaboom
|
|-heal|p1a: Landorus|63/100|[from] item: Leftovers
|-heal|p2a: Rillaboom|95/100|[from] Grassy Terrain
|-heal|p2a: Rillaboom|100/100|[from] item: Leftovers
|upkeep
|turn|21
|
|t:|1641814044
|switch|p1a: Zapdos|Zapdos|38/100
|move|p2a: Rillaboom|Knock Off|p1a: Zapdos
|-damage|p1a: Zapdos|15/100
|-enditem|p1a: Zapdos|Heavy-Duty Boots|[from] move: Knock Off|[of] p2a: Rillaboom
|
|upkeep
|turn|22
|
|t:|1641814052
|move|p1a: Zapdos|Roost|p1a: Zapdos
|-heal|p1a: Zapdos|65/100
|-singleturn|p1a: Zapdos|move: Roost
|move|p2a: Rillaboom|Knock Off|p1a: Zapdos
|-damage|p1a: Zapdos|49/100
|-status|p2a: Rillaboom|par|[from] ability: Static|[of] p1a: Zapdos
|
|-heal|p1a: Zapdos|55/100|[from] Grassy Terrain
|upkeep
|turn|23
|
|t:|1641814064
|cant|p2a: Rillaboom|par
|move|p1a: Zapdos|Roost|p1a: Zapdos
|-heal|p1a: Zapdos|100/100
|-singleturn|p1a: Zapdos|move: Roost
|
|-fieldend|move: Grassy Terrain
|upkeep
|turn|24
|
|t:|1641814074
|move|p1a: Zapdos|Hurricane|p2a: Rillaboom
|-supereffective|p2a: Rillaboom
|-damage|p2a: Rillaboom|0 fnt
|faint|p2a: Rillaboom
|
|upkeep
|
|t:|1641814081
|switch|p2a: Urshifu|Urshifu-Rapid-Strike, F|100/100
|-damage|p2a: Urshifu|94/100|[from] Stealth Rock
|turn|25
|
|t:|1641814086
|move|p2a: Urshifu|Aqua Jet|p1a: Zapdos
|-crit|p1a: Zapdos
|-damage|p1a: Zapdos|78/100
|move|p1a: Zapdos|Hurricane|p2a: Urshifu|[miss]
|-miss|p1a: Zapdos|p2a: Urshifu
|
|upkeep
|turn|26
|
|t:|1641814096
|move|p1a: Zapdos|Hurricane|p2a: Urshifu|[miss]
|-miss|p1a: Zapdos|p2a: Urshifu
|move|p2a: Urshifu|Close Combat|p1a: Zapdos
|-resisted|p1a: Zapdos
|-crit|p1a: Zapdos
|-damage|p1a: Zapdos|42/100
|-unboost|p2a: Urshifu|def|1
|-unboost|p2a: Urshifu|spd|1
|
|upkeep
|turn|27
|
|t:|1641814107
|move|p1a: Zapdos|Hurricane|p2a: Urshifu
|-supereffective|p2a: Urshifu
|-damage|p2a: Urshifu|0 fnt
|faint|p2a: Urshifu
|
|upkeep
|
|t:|1641814119
|switch|p2a: Silvally|Silvally-Fairy|100/100
|-damage|p2a: Silvally|88/100|[from] Stealth Rock
|turn|28
|
|t:|1641814125
|move|p1a: Zapdos|Roost|p1a: Zapdos
|-heal|p1a: Zapdos|92/100
|-singleturn|p1a: Zapdos|move: Roost
|move|p2a: Silvally|Multi-Attack|p1a: Zapdos
|-damage|p1a: Zapdos|58/100
|
|upkeep
|turn|29
|
|t:|1641814136
|move|p1a: Zapdos|Discharge|p2a: Silvally
|-damage|p2a: Silvally|56/100
|move|p2a: Silvally|Dragon Claw|p1a: Zapdos
|-damage|p1a: Zapdos|43/100
|-status|p2a: Silvally|par|[from] ability: Static|[of] p1a: Zapdos
|
|upkeep
|turn|30
|-message|gruji forfeited.
|
|win|VeugLaddTest
|raw|VeugLaddTest's rating: 1046 &rarr; <strong>1080</strong><br />(+34 for winning)
|raw|gruji's rating: 1053 &rarr; <strong>1035</strong><br />(-18 for losing)
|l|☆gruji
