|j|☆Kyerndo
|j|☆MajinSupreme
|t:|1641866217
|gametype|singles
|player|p1|Kyerndo|2|1404
|player|p2|MajinSupreme|alder|1433
|teamsize|p1|6
|teamsize|p2|6
|gen|8
|tier|[Gen 8] OU
|rated|
|rule|Sleep Clause Mod: Limit one foe put to sleep
|rule|Species Clause: Limit one of each Pokémon
|rule|OHKO Clause: OHKO moves are banned
|rule|Evasion Moves Clause: Evasion moves are banned
|rule|Endless Battle Clause: Forcing endless battles is banned
|rule|HP Percentage Mod: HP is shown in percentages
|rule|Dynamax Clause: You cannot dynamax
|clearpoke
|poke|p1|Heatran, M|
|poke|p1|Garchomp, F|
|poke|p1|Tapu Fini|
|poke|p1|Volcarona, F|
|poke|p1|Scizor, F|
|poke|p1|Thundurus, M|
|poke|p2|Regieleki|
|poke|p2|Blissey, F|
|poke|p2|Tapu Lele|
|poke|p2|Ferrothorn, M|
|poke|p2|Toxapex, M|
|poke|p2|Landorus-Therian, M|
|teampreview
|inactive|Battle timer is ON: inactive players will automatically lose when time's up. (requested by MajinSupreme)
|inactive|Kyerndo has 120 seconds left.
|l|☆Kyerndo
|inactive|Kyerndo disconnected and has a minute to reconnect!
|player|p1|
|inactive|Kyerndo has 30 seconds to reconnect!
|inactive|Kyerndo has 20 seconds to reconnect!
|inactive|Kyerndo has 15 seconds to reconnect!
|inactive|Kyerndo has 10 seconds to reconnect!
|j|☆Kyerndo
|inactive|Kyerndo reconnected and has 60 seconds left.
|player|p1|Kyerndo|2
|
|t:|1641866319
|start
|switch|p1a: Thundurus|Thundurus, M|100/100
|switch|p2a: Landorus|Landorus-Therian, M|100/100
|-ability|p2a: Landorus|Intimidate|boost
|-unboost|p1a: Thundurus|atk|1
|-ability|p1a: Thundurus|Defiant
|-boost|p1a: Thundurus|atk|2
|turn|1
|
|t:|1641866327
|move|p1a: Thundurus|Knock Off|p2a: Landorus
|-damage|p2a: Landorus|17/100
|-enditem|p2a: Landorus|Leftovers|[from] move: Knock Off|[of] p1a: Thundurus
|move|p2a: Landorus|Toxic|p1a: Thundurus
|-status|p1a: Thundurus|tox
|
|-damage|p1a: Thundurus|94/100 tox|[from] psn
|upkeep
|turn|2
|
|t:|1641866333
|move|p1a: Thundurus|Knock Off|p2a: Landorus
|-damage|p2a: Landorus|0 fnt
|faint|p2a: Landorus
|
|-damage|p1a: Thundurus|82/100 tox|[from] psn
|upkeep
|
|t:|1641866335
|switch|p2a: Ferrothorn|Ferrothorn, M|100/100
|turn|3
|
|t:|1641866337
|move|p1a: Thundurus|Knock Off|p2a: Ferrothorn
|-damage|p2a: Ferrothorn|59/100
|-damage|p1a: Thundurus|70/100 tox|[from] ability: Iron Barbs|[of] p2a: Ferrothorn
|-enditem|p2a: Ferrothorn|Leftovers|[from] move: Knock Off|[of] p1a: Thundurus
|move|p2a: Ferrothorn|Stealth Rock|p1a: Thundurus
|-sidestart|p1: Kyerndo|move: Stealth Rock
|
|-damage|p1a: Thundurus|52/100 tox|[from] psn
|upkeep
|turn|4
|
|t:|1641866344
|switch|p1a: Scizor|Scizor, F|100/100
|-damage|p1a: Scizor|88/100|[from] Stealth Rock
|move|p2a: Ferrothorn|Leech Seed|p1a: Scizor
|-start|p1a: Scizor|move: Leech Seed
|
|-damage|p1a: Scizor|76/100|[from] Leech Seed|[of] p2a: Ferrothorn
|-heal|p2a: Ferrothorn|70/100|[silent]
|upkeep
|turn|5
|
|t:|1641866352
|switch|p2a: Regieleki|Regieleki|100/100
|move|p1a: Scizor|Superpower|p2a: Regieleki
|-damage|p2a: Regieleki|3/100
|-unboost|p1a: Scizor|atk|1
|-unboost|p1a: Scizor|def|1
|
|-damage|p1a: Scizor|64/100|[from] Leech Seed|[of] p2a: Regieleki
|-heal|p2a: Regieleki|15/100|[silent]
|upkeep
|turn|6
|
|t:|1641866356
|switch|p2a: Ferrothorn|Ferrothorn, M|70/100
|switch|p1a: Garchomp|Garchomp, F|100/100
|-damage|p1a: Garchomp|94/100|[from] Stealth Rock
|
|upkeep
|turn|7
|
|t:|1641866359
|move|p1a: Garchomp|Earthquake|p2a: Ferrothorn
|-damage|p2a: Ferrothorn|37/100
|move|p2a: Ferrothorn|Leech Seed|p1a: Garchomp
|-start|p1a: Garchomp|move: Leech Seed
|
|-damage|p1a: Garchomp|82/100|[from] Leech Seed|[of] p2a: Ferrothorn
|-heal|p2a: Ferrothorn|49/100|[silent]
|upkeep
|turn|8
|
|t:|1641866367
|switch|p1a: Scizor|Scizor, F|64/100
|-damage|p1a: Scizor|51/100|[from] Stealth Rock
|move|p2a: Ferrothorn|Spikes|p1a: Scizor
|-sidestart|p1: Kyerndo|Spikes
|
|upkeep
|turn|9
|
|t:|1641866372
|switch|p2a: Toxapex|Toxapex, M|100/100
|move|p1a: Scizor|Roost|p1a: Scizor
|-heal|p1a: Scizor|100/100
|-singleturn|p1a: Scizor|move: Roost
|
|upkeep
|turn|10
|
|t:|1641866374
|switch|p1a: Tapu Fini|Tapu Fini|100/100
|-damage|p1a: Tapu Fini|88/100|[from] Stealth Rock
|-damage|p1a: Tapu Fini|76/100|[from] Spikes
|-fieldstart|move: Misty Terrain|[from] ability: Misty Surge|[of] p1a: Tapu Fini
|move|p2a: Toxapex|Scald|p1a: Tapu Fini
|-resisted|p1a: Tapu Fini
|-damage|p1a: Tapu Fini|68/100
|
|upkeep
|turn|11
|
|t:|1641866377
|switch|p2a: Regieleki|Regieleki|15/100
|move|p1a: Tapu Fini|Defog|p2a: Regieleki
|-unboost|p2a: Regieleki|evasion|1
|-sideend|p1: Kyerndo|Spikes|[from] move: Defog|[of] p1a: Tapu Fini
|-sideend|p1: Kyerndo|Stealth Rock|[from] move: Defog|[of] p1a: Tapu Fini
|-fieldend|Misty Terrain
|
|upkeep
|turn|12
|
|t:|1641866391
|switch|p1a: Scizor|Scizor, F|100/100
|move|p2a: Regieleki|Explosion|p1a: Scizor
|-resisted|p1a: Scizor
|-damage|p1a: Scizor|68/100
|faint|p2a: Regieleki
|
|upkeep
|
|t:|1641866396
|switch|p2a: Toxapex|Toxapex, M|100/100
|turn|13
|-message|MajinSupreme forfeited.
|
|win|Kyerndo
|raw|Kyerndo's rating: 1404 &rarr; <strong>1426</strong><br />(+22 for winning)
|raw|MajinSupreme's rating: 1433 &rarr; <strong>1411</strong><br />(-22 for losing)
|l|☆MajinSupreme
||Ladder isn't responding, score probably updated but might not have (Request timeout).
