|j|☆Petric stollas
|j|☆Jleon23
|t:|1641834221
|gametype|singles
|player|p1|Petric stollas|2|1373
|player|p2|Jleon23|266|1372
|teamsize|p1|6
|teamsize|p2|6
|gen|8
|tier|[Gen 8] OU
|rated|
|rule|Sleep Clause Mod: Limit one foe put to sleep
|rule|Species Clause: Limit one of each Pokémon
|rule|OHKO Clause: OHKO moves are banned
|rule|Evasion Moves Clause: Evasion moves are banned
|rule|Endless Battle Clause: Forcing endless battles is banned
|rule|HP Percentage Mod: HP is shown in percentages
|rule|Dynamax Clause: You cannot dynamax
|clearpoke
|poke|p1|Dracozolt|
|poke|p1|Tyranitar, F|
|poke|p1|Excadrill, F|
|poke|p1|Ninetales-Alola, M|
|poke|p1|Cloyster, M|
|poke|p1|Tapu Lele|
|poke|p2|Garchomp, M|
|poke|p2|Dragapult, F|
|poke|p2|Scizor, M|
|poke|p2|Kartana|
|poke|p2|Gardevoir, M|
|poke|p2|Tapu Fini|
|teampreview
|
|t:|1641834231
|start
|switch|p1a: Ninetales|Ninetales-Alola, M|100/100
|switch|p2a: Scizor|Scizor, M|100/100
|-weather|Hail|[from] ability: Snow Warning|[of] p1a: Ninetales
|turn|1
|
|t:|1641834244
|switch|p1a: Tyranitar|Tyranitar, F|100/100
|-weather|Sandstorm|[from] ability: Sand Stream|[of] p1a: Tyranitar
|move|p2a: Scizor|Bullet Punch|p1a: Tyranitar
|-supereffective|p1a: Tyranitar
|-damage|p1a: Tyranitar|33/100
|
|-weather|Sandstorm|[upkeep]
|upkeep
|turn|2
|
|t:|1641834255
|switch|p1a: Tapu Lele|Tapu Lele|100/100
|-fieldstart|move: Psychic Terrain|[from] ability: Psychic Surge|[of] p1a: Tapu Lele
|move|p2a: Scizor|Bullet Punch|p1a: Tapu Lele
|-activate|p1a: Tapu Lele|move: Psychic Terrain
|
|-weather|Sandstorm|[upkeep]
|-damage|p1a: Tapu Lele|94/100|[from] Sandstorm
|upkeep
|turn|3
|
|t:|1641834274
|switch|p1a: Tyranitar|Tyranitar, F|33/100
|move|p2a: Scizor|Iron Head|p1a: Tyranitar
|-supereffective|p1a: Tyranitar
|-damage|p1a: Tyranitar|0 fnt
|faint|p1a: Tyranitar
|
|-weather|Sandstorm|[upkeep]
|upkeep
|
|t:|1641834287
|switch|p1a: Dracozolt|Dracozolt|100/100
|turn|4
|
|t:|1641834292
|move|p1a: Dracozolt|Bolt Beak|p2a: Scizor
|-damage|p2a: Scizor|0 fnt
|faint|p2a: Scizor
|
|-weather|Sandstorm|[upkeep]
|upkeep
|
|t:|1641834312
|switch|p2a: Garchomp|Garchomp, M|100/100
|turn|5
|
|t:|1641834316
|switch|p1a: Ninetales|Ninetales-Alola, M|100/100
|-weather|Hail|[from] ability: Snow Warning|[of] p1a: Ninetales
|move|p2a: Garchomp|Earthquake|p1a: Ninetales
|-damage|p1a: Ninetales|7/100
|
|-weather|Hail|[upkeep]
|-damage|p2a: Garchomp|94/100|[from] Hail
|upkeep
|turn|6
|
|t:|1641834331
|move|p1a: Ninetales|Aurora Veil|p1a: Ninetales
|-sidestart|p1: Petric stollas|move: Aurora Veil
|move|p2a: Garchomp|Iron Head|p1a: Ninetales
|-supereffective|p1a: Ninetales
|-damage|p1a: Ninetales|0 fnt
|faint|p1a: Ninetales
|
|-weather|Hail|[upkeep]
|-damage|p2a: Garchomp|88/100|[from] Hail
|-fieldend|move: Psychic Terrain
|upkeep
|
|t:|1641834341
|switch|p1a: Cloyster|Cloyster, M|100/100
|turn|7
|
|t:|1641834352
|move|p2a: Garchomp|Iron Head|p1a: Cloyster
|-damage|p1a: Cloyster|87/100
|move|p1a: Cloyster|Shell Smash|p1a: Cloyster
|-unboost|p1a: Cloyster|def|1
|-unboost|p1a: Cloyster|spd|1
|-boost|p1a: Cloyster|atk|2
|-boost|p1a: Cloyster|spa|2
|-boost|p1a: Cloyster|spe|2
|-enditem|p1a: Cloyster|White Herb
|-clearnegativeboost|p1a: Cloyster|[silent]
|
|-weather|Hail|[upkeep]
|-damage|p2a: Garchomp|82/100|[from] Hail
|upkeep
|turn|8
|
|t:|1641834372
|switch|p2a: Tapu Fini|Tapu Fini|100/100
|-fieldstart|move: Misty Terrain|[from] ability: Misty Surge|[of] p2a: Tapu Fini
|move|p1a: Cloyster|Icicle Spear|p2a: Tapu Fini
|-resisted|p2a: Tapu Fini
|-damage|p2a: Tapu Fini|89/100
|-resisted|p2a: Tapu Fini
|-damage|p2a: Tapu Fini|78/100
|-resisted|p2a: Tapu Fini
|-damage|p2a: Tapu Fini|66/100
|-resisted|p2a: Tapu Fini
|-damage|p2a: Tapu Fini|55/100
|-resisted|p2a: Tapu Fini
|-damage|p2a: Tapu Fini|44/100
|-hitcount|p2a: Tapu Fini|5
|
|-weather|Hail|[upkeep]
|-damage|p2a: Tapu Fini|38/100|[from] Hail
|-heal|p2a: Tapu Fini|44/100|[from] item: Leftovers
|upkeep
|turn|9
|
|t:|1641834390
|move|p1a: Cloyster|Icicle Spear|p2a: Tapu Fini
|-resisted|p2a: Tapu Fini
|-damage|p2a: Tapu Fini|33/100
|-resisted|p2a: Tapu Fini
|-damage|p2a: Tapu Fini|22/100
|-resisted|p2a: Tapu Fini
|-damage|p2a: Tapu Fini|12/100
|-resisted|p2a: Tapu Fini
|-crit|p2a: Tapu Fini
|-damage|p2a: Tapu Fini|0 fnt
|faint|p2a: Tapu Fini
|-hitcount|p2: Tapu Fini|4
|
|-weather|none
|upkeep
|
|t:|1641834402
|switch|p2a: Kartana|Kartana|100/100
|turn|10
|
|t:|1641834415
|switch|p2a: Garchomp|Garchomp, M|82/100
|move|p1a: Cloyster|Icicle Spear|p2a: Garchomp
|-supereffective|p2a: Garchomp
|-damage|p2a: Garchomp|0 fnt
|faint|p2a: Garchomp
|-hitcount|p2: Garchomp|1
|
|upkeep
|
|t:|1641834422
|switch|p2a: Gardevoir|Gardevoir, M|100/100
|-ability|p2a: Gardevoir|Skill Link|[from] ability: Trace|[of] p1a: Cloyster
|turn|11
|
|t:|1641834430
|move|p1a: Cloyster|Icicle Spear|p2a: Gardevoir
|-damage|p2a: Gardevoir|60/100
|-damage|p2a: Gardevoir|18/100
|-damage|p2a: Gardevoir|0 fnt
|faint|p2a: Gardevoir
|-hitcount|p2: Gardevoir|3
|
|upkeep
|
|t:|1641834454
|switch|p2a: Dragapult|Dragapult, F|100/100
|turn|12
|
|t:|1641834459
|move|p1a: Cloyster|Icicle Spear|p2a: Dragapult
|-supereffective|p2a: Dragapult
|-damage|p2a: Dragapult|42/100
|-supereffective|p2a: Dragapult
|-damage|p2a: Dragapult|0 fnt
|faint|p2a: Dragapult
|-hitcount|p2: Dragapult|2
|
|-fieldend|Misty Terrain
|upkeep
|
|t:|1641834463
|switch|p2a: Kartana|Kartana|100/100
|turn|13
|c|☆Jleon23|Gg
|
|t:|1641834490
|move|p1a: Cloyster|Icicle Spear|p2a: Kartana
|-damage|p2a: Kartana|75/100
|-damage|p2a: Kartana|52/100
|-damage|p2a: Kartana|28/100
|-damage|p2a: Kartana|2/100
|-damage|p2a: Kartana|0 fnt
|faint|p2a: Kartana
|-hitcount|p2: Kartana|5
|
|win|Petric stollas
|raw|Petric stollas's rating: 1373 &rarr; <strong>1393</strong><br />(+20 for winning)
|raw|Jleon23's rating: 1372 &rarr; <strong>1352</strong><br />(-20 for losing)
|l|☆Jleon23
||Ladder isn't responding, score probably updated but might not have (Request timeout).
