|j|☆JGMCMJR
|j|☆hyrzzz1991
|t:|1641830353
|gametype|singles
|player|p1|JGMCMJR|volkner|1653
|player|p2|hyrzzz1991|265|1674
|teamsize|p1|6
|teamsize|p2|6
|gen|8
|tier|[Gen 8] OU
|rated|
|rule|Sleep Clause Mod: Limit one foe put to sleep
|rule|Species Clause: Limit one of each Pokémon
|rule|OHKO Clause: OHKO moves are banned
|rule|Evasion Moves Clause: Evasion moves are banned
|rule|Endless Battle Clause: Forcing endless battles is banned
|rule|HP Percentage Mod: HP is shown in percentages
|rule|Dynamax Clause: You cannot dynamax
|clearpoke
|poke|p1|Zapdos|
|poke|p1|Kartana|
|poke|p1|Melmetal|
|poke|p1|Moltres|
|poke|p1|Landorus-Therian, M|
|poke|p1|Slowbro, M|
|poke|p2|Tyranitar, M|
|poke|p2|Ferrothorn, F|
|poke|p2|Heatran, M|
|poke|p2|Landorus-Therian, M|
|poke|p2|Buzzwole|
|poke|p2|Lycanroc-Dusk, M|
|teampreview
|inactive|Battle timer is ON: inactive players will automatically lose when time's up. (requested by hyrzzz1991)
|j| Colonelo
|j| cute asian gurl
|inactive|JGMCMJR has 120 seconds left.
|l|☆JGMCMJR
|inactive|JGMCMJR disconnected and has a minute to reconnect!
|player|p1|
|j| 8crvdy54ue
|inactive|JGMCMJR has 30 seconds to reconnect!
|j|☆JGMCMJR
|inactive|JGMCMJR reconnected and has 90 seconds left.
|player|p1|JGMCMJR|volkner
|
|t:|1641830430
|start
|switch|p1a: Slowbro|Slowbro, M|100/100
|switch|p2a: Tyranitar|Tyranitar, M|100/100
|-weather|Sandstorm|[from] ability: Sand Stream|[of] p2a: Tyranitar
|turn|1
|
|t:|1641830438
|move|p2a: Tyranitar|Crunch|p1a: Slowbro
|-supereffective|p1a: Slowbro
|-damage|p1a: Slowbro|21/100
|move|p1a: Slowbro|Scald|p2a: Tyranitar
|-supereffective|p2a: Tyranitar
|-damage|p2a: Tyranitar|64/100
|
|-weather|Sandstorm|[upkeep]
|-damage|p1a: Slowbro|15/100|[from] Sandstorm
|upkeep
|turn|2
|
|t:|1641830449
|switch|p1a: Moltres|Moltres|100/100
|move|p2a: Tyranitar|Crunch|p1a: Moltres
|-damage|p1a: Moltres|56/100
|-status|p2a: Tyranitar|brn|[from] ability: Flame Body|[of] p1a: Moltres
|
|-weather|Sandstorm|[upkeep]
|-damage|p1a: Moltres|50/100|[from] Sandstorm
|-damage|p2a: Tyranitar|57/100 brn|[from] brn
|upkeep
|turn|3
|
|t:|1641830465
|switch|p2a: Landorus|Landorus-Therian, M|100/100
|-ability|p2a: Landorus|Intimidate|boost
|-unboost|p1a: Moltres|atk|1
|move|p1a: Moltres|Roost|p1a: Moltres
|-heal|p1a: Moltres|99/100
|-singleturn|p1a: Moltres|move: Roost
|
|-weather|Sandstorm|[upkeep]
|-damage|p1a: Moltres|94/100|[from] Sandstorm
|upkeep
|turn|4
|
|t:|1641830477
|switch|p1a: Zapdos|Zapdos|100/100
|move|p2a: Landorus|Knock Off|p1a: Zapdos
|-damage|p1a: Zapdos|63/100
|-status|p2a: Landorus|par|[from] ability: Static|[of] p1a: Zapdos
|-enditem|p1a: Zapdos|Choice Specs|[from] move: Knock Off|[of] p2a: Landorus
|
|-weather|Sandstorm|[upkeep]
|-damage|p1a: Zapdos|57/100|[from] Sandstorm
|upkeep
|turn|5
|
|t:|1641830489
|move|p1a: Zapdos|Hurricane|p2a: Landorus
|-damage|p2a: Landorus|38/100 par
|-start|p2a: Landorus|confusion
|-activate|p2a: Landorus|confusion
|move|p2a: Landorus|Toxic|p1a: Zapdos
|-status|p1a: Zapdos|tox
|
|-weather|none
|-heal|p2a: Landorus|44/100 par|[from] item: Leftovers
|-damage|p1a: Zapdos|51/100 tox|[from] psn
|upkeep
|turn|6
|
|t:|1641830501
|switch|p2a: Heatran|Heatran, M|100/100
|move|p1a: Zapdos|Roost|p1a: Zapdos
|-heal|p1a: Zapdos|100/100 tox
|-singleturn|p1a: Zapdos|move: Roost
|
|-damage|p1a: Zapdos|88/100 tox|[from] psn
|upkeep
|turn|7
|l| Colonelo
|
|t:|1641830513
|move|p1a: Zapdos|Volt Switch|p2a: Heatran
|-damage|p2a: Heatran|78/100
|
|t:|1641830518
|switch|p1a: Landorus|Landorus-Therian, M|100/100|[from]move: Volt Switch
|-ability|p1a: Landorus|Intimidate|boost
|-unboost|p2a: Heatran|atk|1
|move|p2a: Heatran|Magma Storm|p1a: Landorus
|-crit|p1a: Landorus
|-damage|p1a: Landorus|51/100
|-activate|p1a: Landorus|move: Magma Storm|[of] p2a: Heatran
|
|-heal|p1a: Landorus|57/100|[from] item: Leftovers
|-heal|p2a: Heatran|84/100|[from] item: Leftovers
|-damage|p1a: Landorus|45/100|[from] move: Magma Storm|[partiallytrapped]
|upkeep
|turn|8
|
|t:|1641830532
|switch|p2a: Ferrothorn|Ferrothorn, F|100/100
|move|p1a: Landorus|Stealth Rock|p2a: Ferrothorn
|-sidestart|p2: hyrzzz1991|move: Stealth Rock
|
|-heal|p1a: Landorus|51/100|[from] item: Leftovers
|-end|p1a: Landorus|Magma Storm|[partiallytrapped]|[silent]
|upkeep
|turn|9
|
|t:|1641830540
|switch|p1a: Slowbro|Slowbro, M|48/100
|move|p2a: Ferrothorn|Stealth Rock|p1a: Slowbro
|-sidestart|p1: JGMCMJR|move: Stealth Rock
|
|upkeep
|turn|10
|
|t:|1641830546
|move|p2a: Ferrothorn|Power Whip|p1a: Slowbro
|-supereffective|p1a: Slowbro
|-damage|p1a: Slowbro|2/100
|move|p1a: Slowbro|Teleport|p1a: Slowbro
|
|t:|1641830551
|switch|p1a: Moltres|Moltres|94/100|[from]move: Teleport
|
|upkeep
|turn|11
|
|t:|1641830560
|switch|p2a: Tyranitar|Tyranitar, M|57/100 brn
|-damage|p2a: Tyranitar|45/100 brn|[from] Stealth Rock
|-weather|Sandstorm|[from] ability: Sand Stream|[of] p2a: Tyranitar
|move|p1a: Moltres|Toxic||[still]
|-fail|p1a: Moltres
|
|-weather|Sandstorm|[upkeep]
|-damage|p1a: Moltres|88/100|[from] Sandstorm
|-damage|p2a: Tyranitar|39/100 brn|[from] brn
|upkeep
|turn|12
|
|t:|1641830576
|switch|p1a: Melmetal|Melmetal|100/100
|-damage|p1a: Melmetal|94/100|[from] Stealth Rock
|move|p2a: Tyranitar|Rock Blast|p1a: Melmetal
|-resisted|p1a: Melmetal
|-damage|p1a: Melmetal|91/100
|-resisted|p1a: Melmetal
|-crit|p1a: Melmetal
|-damage|p1a: Melmetal|86/100
|-resisted|p1a: Melmetal
|-damage|p1a: Melmetal|83/100
|-resisted|p1a: Melmetal
|-crit|p1a: Melmetal
|-damage|p1a: Melmetal|78/100
|-resisted|p1a: Melmetal
|-damage|p1a: Melmetal|75/100
|-hitcount|p1a: Melmetal|5
|
|-weather|Sandstorm|[upkeep]
|-damage|p2a: Tyranitar|33/100 brn|[from] brn
|upkeep
|turn|13
|j| xhaan
|
|t:|1641830593
|switch|p2a: Landorus|Landorus-Therian, M|44/100 par
|-damage|p2a: Landorus|32/100 par|[from] Stealth Rock
|-ability|p2a: Landorus|Intimidate|boost
|-unboost|p1a: Melmetal|atk|1
|switch|p1a: Moltres|Moltres|88/100
|
|-weather|Sandstorm|[upkeep]
|-damage|p1a: Moltres|82/100|[from] Sandstorm
|-heal|p2a: Landorus|38/100 par|[from] item: Leftovers
|upkeep
|turn|14
|
|t:|1641830607
|switch|p1a: Zapdos|Zapdos|88/100 tox
|-damage|p1a: Zapdos|63/100 tox|[from] Stealth Rock
|move|p2a: Landorus|Toxic|p1a: Zapdos
|-fail|p1a: Zapdos|tox
|
|-weather|Sandstorm|[upkeep]
|-damage|p1a: Zapdos|57/100 tox|[from] Sandstorm
|-heal|p2a: Landorus|44/100 par|[from] item: Leftovers
|-damage|p1a: Zapdos|51/100 tox|[from] psn
|upkeep
|turn|15
|
|t:|1641830621
|switch|p2a: Heatran|Heatran, M|84/100
|-damage|p2a: Heatran|72/100|[from] Stealth Rock
|move|p1a: Zapdos|Roost|p1a: Zapdos
|-heal|p1a: Zapdos|100/100 tox
|-singleturn|p1a: Zapdos|move: Roost
|
|-weather|none
|-heal|p2a: Heatran|78/100|[from] item: Leftovers
|-damage|p1a: Zapdos|88/100 tox|[from] psn
|upkeep
|turn|16
|
|t:|1641830634
|move|p1a: Zapdos|Volt Switch|p2a: Heatran
|-damage|p2a: Heatran|55/100
|
|t:|1641830639
|switch|p1a: Landorus|Landorus-Therian, M|51/100|[from]move: Volt Switch
|-damage|p1a: Landorus|38/100|[from] Stealth Rock
|-ability|p1a: Landorus|Intimidate|boost
|-unboost|p2a: Heatran|atk|1
|move|p2a: Heatran|Magma Storm|p1a: Landorus
|-damage|p1a: Landorus|6/100
|-activate|p1a: Landorus|move: Magma Storm|[of] p2a: Heatran
|
|-heal|p1a: Landorus|12/100|[from] item: Leftovers
|-heal|p2a: Heatran|61/100|[from] item: Leftovers
|-damage|p1a: Landorus|0 fnt|[from] move: Magma Storm|[partiallytrapped]
|faint|p1a: Landorus
|upkeep
|
|t:|1641830641
|switch|p1a: Kartana|Kartana|100/100
|-damage|p1a: Kartana|94/100|[from] Stealth Rock
|turn|17
|
|t:|1641830658
|switch|p2a: Buzzwole|Buzzwole|100/100
|-damage|p2a: Buzzwole|88/100|[from] Stealth Rock
|move|p1a: Kartana|Knock Off|p2a: Buzzwole
|-resisted|p2a: Buzzwole
|-damage|p2a: Buzzwole|77/100
|-damage|p1a: Kartana|78/100|[from] item: Rocky Helmet|[of] p2a: Buzzwole
|-enditem|p2a: Buzzwole|Rocky Helmet|[from] move: Knock Off|[of] p1a: Kartana
|
|upkeep
|turn|18
|j| gare23limit
|
|t:|1641830671
|switch|p1a: Moltres|Moltres|82/100
|switch|p2a: Lycanroc|Lycanroc-Dusk, M|100/100
|-damage|p2a: Lycanroc|88/100|[from] Stealth Rock
|
|upkeep
|turn|19
|
|t:|1641830680
|switch|p1a: Melmetal|Melmetal|75/100
|-damage|p1a: Melmetal|69/100|[from] Stealth Rock
|move|p2a: Lycanroc|Close Combat|p1a: Melmetal
|-supereffective|p1a: Melmetal
|-damage|p1a: Melmetal|10/100
|-unboost|p2a: Lycanroc|def|1
|-unboost|p2a: Lycanroc|spd|1
|
|upkeep
|turn|20
|
|t:|1641830698
|switch|p2a: Landorus|Landorus-Therian, M|44/100 par
|-damage|p2a: Landorus|31/100 par|[from] Stealth Rock
|-ability|p2a: Landorus|Intimidate|boost
|-unboost|p1a: Melmetal|atk|1
|move|p1a: Melmetal|Double Iron Bash|p2a: Landorus
|-damage|p2a: Landorus|9/100 par
|-damage|p2a: Landorus|0 fnt
|faint|p2a: Landorus
|-hitcount|p2: Landorus|2
|
|upkeep
|
|t:|1641830710
|switch|p2a: Heatran|Heatran, M|61/100
|-damage|p2a: Heatran|49/100|[from] Stealth Rock
|turn|21
|
|t:|1641830720
|switch|p1a: Zapdos|Zapdos|88/100 tox
|-damage|p1a: Zapdos|63/100 tox|[from] Stealth Rock
|move|p2a: Heatran|Earth Power|p1a: Zapdos
|-immune|p1a: Zapdos
|
|-heal|p2a: Heatran|55/100|[from] item: Leftovers
|-damage|p1a: Zapdos|57/100 tox|[from] psn
|upkeep
|turn|22
|
|t:|1641830731
|move|p1a: Zapdos|Volt Switch|p2a: Heatran
|-damage|p2a: Heatran|34/100
|
|t:|1641830734
|switch|p1a: Melmetal|Melmetal|10/100|[from]move: Volt Switch
|-damage|p1a: Melmetal|4/100|[from] Stealth Rock
|move|p2a: Heatran|Magma Storm|p1a: Melmetal
|-supereffective|p1a: Melmetal
|-damage|p1a: Melmetal|0 fnt
|faint|p1a: Melmetal
|
|-heal|p2a: Heatran|40/100|[from] item: Leftovers
|upkeep
|
|t:|1641830736
|switch|p1a: Kartana|Kartana|78/100
|-damage|p1a: Kartana|72/100|[from] Stealth Rock
|turn|23
|
|t:|1641830753
|switch|p1a: Slowbro|Slowbro, M|35/100
|switch|p2a: Ferrothorn|Ferrothorn, F|100/100
|-damage|p2a: Ferrothorn|94/100|[from] Stealth Rock
|
|-heal|p2a: Ferrothorn|100/100|[from] item: Leftovers
|upkeep
|turn|24
|
|t:|1641830767
|switch|p1a: Moltres|Moltres|82/100
|move|p2a: Ferrothorn|Power Whip|p1a: Moltres
|-resisted|p1a: Moltres
|-damage|p1a: Moltres|74/100
|-status|p2a: Ferrothorn|brn|[from] ability: Flame Body|[of] p1a: Moltres
|
|-damage|p2a: Ferrothorn|94/100 brn|[from] brn
|upkeep
|turn|25
|
|t:|1641830778
|move|p1a: Moltres|Defog|p2a: Ferrothorn
|-unboost|p2a: Ferrothorn|evasion|1
|-sideend|p2: hyrzzz1991|Stealth Rock|[from] move: Defog|[of] p1a: Moltres
|-sideend|p1: JGMCMJR|Stealth Rock|[from] move: Defog|[of] p1a: Moltres
|move|p2a: Ferrothorn|Thunder Wave|p1a: Moltres
|-status|p1a: Moltres|par
|
|-heal|p2a: Ferrothorn|100/100 brn|[from] item: Leftovers
|-damage|p2a: Ferrothorn|94/100 brn|[from] brn
|upkeep
|turn|26
|l| cute asian gurl
|
|t:|1641830789
|switch|p2a: Heatran|Heatran, M|40/100
|move|p1a: Moltres|Roost|p1a: Moltres
|-heal|p1a: Moltres|100/100 par
|-singleturn|p1a: Moltres|move: Roost
|
|-heal|p2a: Heatran|46/100|[from] item: Leftovers
|upkeep
|turn|27
|
|t:|1641830802
|switch|p1a: Zapdos|Zapdos|57/100 tox
|move|p2a: Heatran|Magma Storm|p1a: Zapdos
|-damage|p1a: Zapdos|6/100 tox
|-activate|p1a: Zapdos|move: Magma Storm|[of] p2a: Heatran
|
|-heal|p2a: Heatran|52/100|[from] item: Leftovers
|-damage|p1a: Zapdos|0 fnt|[from] psn
|faint|p1a: Zapdos
|upkeep
|
|t:|1641830804
|switch|p1a: Kartana|Kartana|72/100
|turn|28
|
|t:|1641830816
|switch|p1a: Slowbro|Slowbro, M|68/100
|switch|p2a: Ferrothorn|Ferrothorn, F|94/100 brn
|
|-heal|p2a: Ferrothorn|100/100 brn|[from] item: Leftovers
|-damage|p2a: Ferrothorn|94/100 brn|[from] brn
|upkeep
|turn|29
|
|t:|1641830826
|move|p1a: Slowbro|Future Sight|p2a: Ferrothorn
|-start|p1a: Slowbro|move: Future Sight
|move|p2a: Ferrothorn|Stealth Rock|p1a: Slowbro
|-sidestart|p1: JGMCMJR|move: Stealth Rock
|
|-heal|p2a: Ferrothorn|100/100 brn|[from] item: Leftovers
|-damage|p2a: Ferrothorn|94/100 brn|[from] brn
|upkeep
|turn|30
|
|t:|1641830836
|move|p2a: Ferrothorn|Leech Seed|p1a: Slowbro
|-start|p1a: Slowbro|move: Leech Seed
|move|p1a: Slowbro|Teleport|p1a: Slowbro
|
|t:|1641830838
|switch|p1a: Kartana|Kartana|72/100|[from]move: Teleport
|-damage|p1a: Kartana|65/100|[from] Stealth Rock
|
|-heal|p2a: Ferrothorn|100/100 brn|[from] item: Leftovers
|-damage|p2a: Ferrothorn|94/100 brn|[from] brn
|upkeep
|turn|31
|
|t:|1641830852
|switch|p1a: Moltres|Moltres|100/100 par
|move|p2a: Ferrothorn|Thunder Wave|p1a: Moltres
|-fail|p1a: Moltres|par
|
|-end|p2a: Ferrothorn|move: Future Sight
|-resisted|p2a: Ferrothorn
|-damage|p2a: Ferrothorn|77/100 brn
|-heal|p2a: Ferrothorn|83/100 brn|[from] item: Leftovers
|-damage|p2a: Ferrothorn|77/100 brn|[from] brn
|upkeep
|turn|32
|
|t:|1641830865
|switch|p1a: Slowbro|Slowbro, M|100/100
|switch|p2a: Lycanroc|Lycanroc-Dusk, M|88/100
|
|upkeep
|turn|33
|
|t:|1641830874
|switch|p2a: Buzzwole|Buzzwole|77/100
|move|p1a: Slowbro|Scald|p2a: Buzzwole
|-damage|p2a: Buzzwole|39/100
|
|upkeep
|turn|34
|
|t:|1641830883
|move|p2a: Buzzwole|Leech Life|p1a: Slowbro
|-supereffective|p1a: Slowbro
|-damage|p1a: Slowbro|57/100
|-heal|p2a: Buzzwole|59/100|[from] drain|[of] p1a: Slowbro
|move|p1a: Slowbro|Scald|p2a: Buzzwole
|-damage|p2a: Buzzwole|21/100
|
|upkeep
|turn|35
|
|t:|1641830892
|move|p2a: Buzzwole|Leech Life|p1a: Slowbro
|-supereffective|p1a: Slowbro
|-damage|p1a: Slowbro|13/100
|-heal|p2a: Buzzwole|42/100|[from] drain|[of] p1a: Slowbro
|move|p1a: Slowbro|Scald|p2a: Buzzwole
|-damage|p2a: Buzzwole|6/100
|
|upkeep
|turn|36
|
|t:|1641830914
|switch|p2a: Lycanroc|Lycanroc-Dusk, M|88/100
|switch|p1a: Moltres|Moltres|100/100 par
|
|upkeep
|turn|37
|
|t:|1641830926
|switch|p1a: Kartana|Kartana|65/100
|-damage|p1a: Kartana|59/100|[from] Stealth Rock
|move|p2a: Lycanroc|Stone Edge|p1a: Kartana
|-resisted|p1a: Kartana
|-damage|p1a: Kartana|34/100
|
|upkeep
|turn|38
|
|t:|1641830939
|switch|p2a: Ferrothorn|Ferrothorn, F|77/100 brn
|move|p1a: Kartana|Sacred Sword|p2a: Ferrothorn
|-supereffective|p2a: Ferrothorn
|-damage|p2a: Ferrothorn|31/100 brn
|-damage|p1a: Kartana|21/100|[from] ability: Iron Barbs|[of] p2a: Ferrothorn
|
|-heal|p2a: Ferrothorn|38/100 brn|[from] item: Leftovers
|-damage|p2a: Ferrothorn|31/100 brn|[from] brn
|upkeep
|turn|39
|
|t:|1641830952
|move|p1a: Kartana|Sacred Sword|p2a: Ferrothorn
|-supereffective|p2a: Ferrothorn
|-damage|p2a: Ferrothorn|0 fnt
|-damage|p1a: Kartana|9/100|[from] ability: Iron Barbs|[of] p2a: Ferrothorn
|faint|p2a: Ferrothorn
|-ability|p1a: Kartana|Beast Boost|boost
|-boost|p1a: Kartana|atk|1
|
|upkeep
|
|t:|1641830961
|switch|p2a: Lycanroc|Lycanroc-Dusk, M|88/100
|turn|40
|
|t:|1641830967
|move|p2a: Lycanroc|Stone Edge|p1a: Kartana
|-resisted|p1a: Kartana
|-damage|p1a: Kartana|0 fnt
|faint|p1a: Kartana
|
|upkeep
|
|t:|1641830972
|switch|p1a: Slowbro|Slowbro, M|46/100
|turn|41
|
|t:|1641830983
|move|p2a: Lycanroc|Stone Edge|p1a: Slowbro
|-damage|p1a: Slowbro|17/100
|move|p1a: Slowbro|Slack Off|p1a: Slowbro
|-heal|p1a: Slowbro|67/100
|
|upkeep
|turn|42
|
|t:|1641830990
|switch|p2a: Tyranitar|Tyranitar, M|33/100 brn
|-weather|Sandstorm|[from] ability: Sand Stream|[of] p2a: Tyranitar
|move|p1a: Slowbro|Scald|p2a: Tyranitar
|-supereffective|p2a: Tyranitar
|-damage|p2a: Tyranitar|0 fnt
|faint|p2a: Tyranitar
|
|-weather|Sandstorm|[upkeep]
|-damage|p1a: Slowbro|61/100|[from] Sandstorm
|upkeep
|
|t:|1641831003
|switch|p2a: Buzzwole|Buzzwole|6/100
|turn|43
|
|t:|1641831008
|switch|p1a: Moltres|Moltres|100/100 par
|move|p2a: Buzzwole|Leech Life|p1a: Moltres
|-resisted|p1a: Moltres
|-damage|p1a: Moltres|95/100 par
|-heal|p2a: Buzzwole|8/100|[from] drain|[of] p1a: Moltres
|
|-weather|Sandstorm|[upkeep]
|-damage|p2a: Buzzwole|2/100|[from] Sandstorm
|-damage|p1a: Moltres|89/100 par|[from] Sandstorm
|upkeep
|turn|44
|
|t:|1641831020
|switch|p2a: Heatran|Heatran, M|52/100
|cant|p1a: Moltres|par
|
|-weather|Sandstorm|[upkeep]
|-damage|p1a: Moltres|83/100 par|[from] Sandstorm
|-heal|p2a: Heatran|58/100|[from] item: Leftovers
|upkeep
|turn|45
|j| gayrdevoir
|
|t:|1641831030
|move|p2a: Heatran|Magma Storm|p1a: Moltres
|-resisted|p1a: Moltres
|-damage|p1a: Moltres|62/100 par
|-activate|p1a: Moltres|move: Magma Storm|[of] p2a: Heatran
|move|p1a: Moltres|Defog|p2a: Heatran
|-unboost|p2a: Heatran|evasion|1
|-sideend|p1: JGMCMJR|Stealth Rock|[from] move: Defog|[of] p1a: Moltres
|
|-weather|Sandstorm|[upkeep]
|-damage|p1a: Moltres|56/100 par|[from] Sandstorm
|-heal|p2a: Heatran|64/100|[from] item: Leftovers
|-damage|p1a: Moltres|44/100 par|[from] move: Magma Storm|[partiallytrapped]
|upkeep
|turn|46
|
|t:|1641831043
|move|p2a: Heatran|Taunt|p1a: Moltres
|-start|p1a: Moltres|move: Taunt
|cant|p1a: Moltres|move: Taunt|Toxic
|
|-weather|none
|-heal|p2a: Heatran|70/100|[from] item: Leftovers
|-damage|p1a: Moltres|32/100 par|[from] move: Magma Storm|[partiallytrapped]
|upkeep
|turn|47
|
|t:|1641831052
|move|p2a: Heatran|Magma Storm|p1a: Moltres
|-resisted|p1a: Moltres
|-damage|p1a: Moltres|11/100 par
|move|p1a: Moltres|Flamethrower|p2a: Heatran
|-start|p2a: Heatran|ability: Flash Fire
|
|-heal|p2a: Heatran|76/100|[from] item: Leftovers
|-damage|p1a: Moltres|0 fnt|[from] move: Magma Storm|[partiallytrapped]
|faint|p1a: Moltres
|upkeep
|
|t:|1641831058
|switch|p1a: Slowbro|Slowbro, M|94/100
|turn|48
|
|t:|1641831066
|move|p2a: Heatran|Toxic|p1a: Slowbro
|-status|p1a: Slowbro|tox
|move|p1a: Slowbro|Scald|p2a: Heatran
|-supereffective|p2a: Heatran
|-damage|p2a: Heatran|39/100
|
|-heal|p2a: Heatran|45/100|[from] item: Leftovers
|-damage|p1a: Slowbro|88/100 tox|[from] psn
|upkeep
|turn|49
|
|t:|1641831077
|move|p2a: Heatran|Magma Storm|p1a: Slowbro
|-resisted|p1a: Slowbro
|-damage|p1a: Slowbro|56/100 tox
|-activate|p1a: Slowbro|move: Magma Storm|[of] p2a: Heatran
|move|p1a: Slowbro|Scald|p2a: Heatran
|-supereffective|p2a: Heatran
|-damage|p2a: Heatran|7/100
|
|-heal|p2a: Heatran|13/100|[from] item: Leftovers
|-damage|p1a: Slowbro|43/100 tox|[from] psn
|-damage|p1a: Slowbro|31/100 tox|[from] move: Magma Storm|[partiallytrapped]
|upkeep
|turn|50
|l| xhaan
|
|t:|1641831090
|move|p2a: Heatran|Taunt|p1a: Slowbro
|-start|p1a: Slowbro|move: Taunt
|move|p1a: Slowbro|Scald|p2a: Heatran
|-supereffective|p2a: Heatran
|-damage|p2a: Heatran|0 fnt
|faint|p2a: Heatran
|
|-damage|p1a: Slowbro|13/100 tox|[from] psn
|-end|p1a: Slowbro|Magma Storm|[partiallytrapped]|[silent]
|upkeep
|
|t:|1641831101
|switch|p2a: Buzzwole|Buzzwole|2/100
|turn|51
|
|t:|1641831105
|move|p2a: Buzzwole|Leech Life|p1a: Slowbro
|-supereffective|p1a: Slowbro
|-damage|p1a: Slowbro|0 fnt
|-heal|p2a: Buzzwole|8/100|[from] drain|[of] p1a: Slowbro
|faint|p1a: Slowbro
|
|win|hyrzzz1991
|raw|JGMCMJR's rating: 1653 &rarr; <strong>1634</strong><br />(-19 for losing)
|raw|hyrzzz1991's rating: 1674 &rarr; <strong>1693</strong><br />(+19 for winning)
|l|☆JGMCMJR
||Ladder isn't responding, score probably updated but might not have (Request timeout).
