|j|☆Mesotanky
|j|☆YEASHJOD
|t:|1641822892
|gametype|singles
|player|p1|Mesotanky|1|1070
|player|p2|YEASHJOD|169|1062
|teamsize|p1|6
|teamsize|p2|6
|gen|8
|tier|[Gen 8] OU
|rated|
|rule|Sleep Clause Mod: Limit one foe put to sleep
|rule|Species Clause: Limit one of each Pokémon
|rule|OHKO Clause: OHKO moves are banned
|rule|Evasion Moves Clause: Evasion moves are banned
|rule|Endless Battle Clause: Forcing endless battles is banned
|rule|HP Percentage Mod: HP is shown in percentages
|rule|Dynamax Clause: You cannot dynamax
|clearpoke
|poke|p1|Blissey, F|
|poke|p1|Ferrothorn, F|
|poke|p1|Milotic, F|
|poke|p1|Skarmory, M|
|poke|p1|Dusclops, M|
|poke|p1|Salazzle, F|
|poke|p2|Druddigon, F|
|poke|p2|Primarina, F|
|poke|p2|Tentacruel, F|
|poke|p2|Volcarona, M|
|poke|p2|Bisharp, F|
|poke|p2|Mamoswine, F|
|teampreview
|
|t:|1641822902
|start
|switch|p1a: Skarmory|Skarmory, M, shiny|100/100
|switch|p2a: Druddigon|Druddigon, F|100/100
|turn|1
|
|t:|1641822910
|move|p1a: Skarmory|Stealth Rock|p2a: Druddigon
|-sidestart|p2: YEASHJOD|move: Stealth Rock
|move|p2a: Druddigon|Taunt|p1a: Skarmory
|-start|p1a: Skarmory|move: Taunt
|
|upkeep
|turn|2
|
|t:|1641822918
|switch|p1a: Ferrothorn|Ferrothorn, F|100/100
|move|p2a: Druddigon|Stealth Rock|p1a: Ferrothorn
|-sidestart|p1: Mesotanky|move: Stealth Rock
|
|upkeep
|turn|3
|
|t:|1641822925
|move|p2a: Druddigon|Taunt|p1a: Ferrothorn
|-start|p1a: Ferrothorn|move: Taunt
|cant|p1a: Ferrothorn|move: Taunt|Leech Seed
|
|upkeep
|turn|4
|
|t:|1641822931
|move|p2a: Druddigon|Glare|p1a: Ferrothorn
|-status|p1a: Ferrothorn|par
|move|p1a: Ferrothorn|Gyro Ball|p2a: Druddigon
|-damage|p2a: Druddigon|62/100
|-damage|p1a: Ferrothorn|88/100 par|[from] ability: Rough Skin|[of] p2a: Druddigon
|-damage|p1a: Ferrothorn|72/100 par|[from] item: Rocky Helmet|[of] p2a: Druddigon
|
|upkeep
|turn|5
|
|t:|1641822939
|move|p1a: Ferrothorn|Gyro Ball|p2a: Druddigon
|-damage|p2a: Druddigon|22/100
|-damage|p1a: Ferrothorn|59/100 par|[from] ability: Rough Skin|[of] p2a: Druddigon
|-damage|p1a: Ferrothorn|43/100 par|[from] item: Rocky Helmet|[of] p2a: Druddigon
|move|p2a: Druddigon|Dragon Tail|p1a: Ferrothorn
|-resisted|p1a: Ferrothorn
|-damage|p1a: Ferrothorn|35/100 par
|-damage|p2a: Druddigon|10/100|[from] ability: Iron Barbs|[of] p1a: Ferrothorn
|-damage|p2a: Druddigon|0 fnt|[from] item: Rocky Helmet|[of] p1a: Ferrothorn
|faint|p2a: Druddigon
|drag|p1a: Milotic|Milotic, F, shiny|100/100
|-damage|p1a: Milotic|88/100|[from] Stealth Rock
|
|upkeep
|
|t:|1641822955
|switch|p2a: Tentacruel|Tentacruel, F, shiny|100/100
|-damage|p2a: Tentacruel|88/100|[from] Stealth Rock
|turn|6
|
|t:|1641822973
|move|p2a: Tentacruel|Rapid Spin|p1a: Milotic
|-damage|p1a: Milotic|81/100
|-boost|p2a: Tentacruel|spe|1
|-sideend|p2: YEASHJOD|Stealth Rock|[from] move: Rapid Spin|[of] p2a: Tentacruel
|-enditem|p1a: Milotic|Red Card|[of] p2a: Tentacruel
|drag|p2a: Volcarona|Volcarona, M|100/100
|move|p1a: Milotic|Dragon Tail|p2a: Volcarona
|-damage|p2a: Volcarona|86/100
|drag|p2a: Tentacruel|Tentacruel, F, shiny|88/100
|
|-heal|p2a: Tentacruel|94/100|[from] item: Leftovers
|upkeep
|turn|7
|
|t:|1641822999
|switch|p1a: Ferrothorn|Ferrothorn, F|35/100 par
|-damage|p1a: Ferrothorn|28/100 par|[from] Stealth Rock
|move|p2a: Tentacruel|Toxic Spikes|p1a: Ferrothorn
|-sidestart|p1: Mesotanky|move: Toxic Spikes
|
|-heal|p2a: Tentacruel|99/100|[from] item: Leftovers
|upkeep
|turn|8
|
|t:|1641823015
|move|p2a: Tentacruel|Reflect Type|p1a: Ferrothorn
|-start|p2a: Tentacruel|typechange|[from] move: Reflect Type|[of] p1a: Ferrothorn
|move|p1a: Ferrothorn|Leech Seed|p2a: Tentacruel
|-immune|p2a: Tentacruel
|
|-heal|p2a: Tentacruel|100/100|[from] item: Leftovers
|upkeep
|turn|9
|
|t:|1641823052
|move|p2a: Tentacruel|Toxic Spikes|p1a: Ferrothorn
|-sidestart|p1: Mesotanky|move: Toxic Spikes
|move|p1a: Ferrothorn|Gyro Ball|p2a: Tentacruel
|-resisted|p2a: Tentacruel
|-damage|p2a: Tentacruel|69/100
|
|-heal|p2a: Tentacruel|75/100|[from] item: Leftovers
|upkeep
|turn|10
|
|t:|1641823062
|move|p2a: Tentacruel|Scald|p1a: Ferrothorn
|-resisted|p1a: Ferrothorn
|-crit|p1a: Ferrothorn
|-damage|p1a: Ferrothorn|20/100 par
|cant|p1a: Ferrothorn|par
|
|-heal|p2a: Tentacruel|81/100|[from] item: Leftovers
|upkeep
|turn|11
|
|t:|1641823072
|move|p2a: Tentacruel|Scald|p1a: Ferrothorn
|-resisted|p1a: Ferrothorn
|-damage|p1a: Ferrothorn|14/100 par
|move|p1a: Ferrothorn|Body Press|p2a: Tentacruel
|-supereffective|p2a: Tentacruel
|-damage|p2a: Tentacruel|2/100
|
|-heal|p2a: Tentacruel|8/100|[from] item: Leftovers
|upkeep
|turn|12
|
|t:|1641823091
|switch|p2a: Primarina|Primarina, F, shiny|100/100
|move|p1a: Ferrothorn|Body Press|p2a: Primarina
|-resisted|p2a: Primarina
|-damage|p2a: Primarina|89/100
|
|-heal|p2a: Primarina|96/100|[from] item: Leftovers
|upkeep
|turn|13
|
|t:|1641823108
|move|p2a: Primarina|Calm Mind|p2a: Primarina
|-boost|p2a: Primarina|spa|1
|-boost|p2a: Primarina|spd|1
|move|p1a: Ferrothorn|Leech Seed|p2a: Primarina
|-start|p2a: Primarina|move: Leech Seed
|
|-heal|p2a: Primarina|100/100|[from] item: Leftovers
|-damage|p2a: Primarina|88/100|[from] Leech Seed|[of] p1a: Ferrothorn
|-heal|p1a: Ferrothorn|27/100 par|[silent]
|upkeep
|turn|14
|
|t:|1641823122
|move|p2a: Primarina|Scald|p1a: Ferrothorn
|-resisted|p1a: Ferrothorn
|-damage|p1a: Ferrothorn|6/100 par
|move|p1a: Ferrothorn|Gyro Ball|p2a: Primarina
|-damage|p2a: Primarina|45/100
|
|-heal|p2a: Primarina|51/100|[from] item: Leftovers
|-damage|p2a: Primarina|39/100|[from] Leech Seed|[of] p1a: Ferrothorn
|-heal|p1a: Ferrothorn|19/100 par|[silent]
|upkeep
|turn|15
|
|t:|1641823131
|cant|p1a: Ferrothorn|par
|move|p2a: Primarina|Scald|p1a: Ferrothorn
|-resisted|p1a: Ferrothorn
|-damage|p1a: Ferrothorn|1/100 par
|
|-heal|p2a: Primarina|45/100|[from] item: Leftovers
|-damage|p2a: Primarina|32/100|[from] Leech Seed|[of] p1a: Ferrothorn
|-heal|p1a: Ferrothorn|14/100 par|[silent]
|upkeep
|turn|16
|
|t:|1641823142
|move|p2a: Primarina|Scald|p1a: Ferrothorn
|-resisted|p1a: Ferrothorn
|-damage|p1a: Ferrothorn|0 fnt
|faint|p1a: Ferrothorn
|
|-heal|p2a: Primarina|39/100|[from] item: Leftovers
|upkeep
|
|t:|1641823164
|switch|p1a: Skarmory|Skarmory, M, shiny|100/100
|-damage|p1a: Skarmory|88/100|[from] Stealth Rock
|turn|17
|
|t:|1641823170
|switch|p2a: Volcarona|Volcarona, M|86/100
|move|p1a: Skarmory|Defog|p2a: Volcarona
|-unboost|p2a: Volcarona|evasion|1
|-sideend|p1: Mesotanky|Toxic Spikes|[from] move: Defog|[of] p1a: Skarmory
|-sideend|p1: Mesotanky|Stealth Rock|[from] move: Defog|[of] p1a: Skarmory
|
|upkeep
|turn|18
|
|t:|1641823178
|move|p2a: Volcarona|Quiver Dance|p2a: Volcarona
|-boost|p2a: Volcarona|spa|1
|-boost|p2a: Volcarona|spd|1
|-boost|p2a: Volcarona|spe|1
|move|p1a: Skarmory|Brave Bird|p2a: Volcarona
|-supereffective|p2a: Volcarona
|-damage|p2a: Volcarona|0 fnt
|faint|p2a: Volcarona
|-damage|p1a: Skarmory|62/100|[from] Recoil
|
|upkeep
|
|t:|1641823191
|switch|p2a: Bisharp|Bisharp, F|100/100
|turn|19
|
|t:|1641823217
|move|p2a: Bisharp|Swords Dance|p2a: Bisharp
|-boost|p2a: Bisharp|atk|2
|move|p1a: Skarmory|Stealth Rock|p2a: Bisharp
|-sidestart|p2: YEASHJOD|move: Stealth Rock
|
|upkeep
|turn|20
|
|t:|1641823255
|switch|p1a: Milotic|Milotic, F, shiny|81/100
|move|p2a: Bisharp|Knock Off|p1a: Milotic
|-damage|p1a: Milotic|0 fnt
|faint|p1a: Milotic
|
|upkeep
|
|t:|1641823280
|switch|p1a: Dusclops|Dusclops, M|100/100
|-ability|p1a: Dusclops|Pressure
|turn|21
|
|t:|1641823286
|move|p2a: Bisharp|Knock Off|p1a: Dusclops
|-supereffective|p1a: Dusclops
|-damage|p1a: Dusclops|0 fnt
|-enditem|p1a: Dusclops|Eviolite|[from] move: Knock Off|[of] p2a: Bisharp
|faint|p1a: Dusclops
|
|upkeep
|
|t:|1641823298
|switch|p1a: Salazzle|Salazzle, F, shiny|100/100
|turn|22
|
|t:|1641823304
|move|p2a: Bisharp|Sucker Punch|p1a: Salazzle
|-damage|p1a: Salazzle|0 fnt
|faint|p1a: Salazzle
|
|upkeep
|
|t:|1641823309
|switch|p1a: Skarmory|Skarmory, M, shiny|62/100
|turn|23
|
|t:|1641823313
|move|p2a: Bisharp|Knock Off|p1a: Skarmory
|-damage|p1a: Skarmory|0 fnt
|-enditem|p1a: Skarmory|Quick Claw|[from] move: Knock Off|[of] p2a: Bisharp
|faint|p1a: Skarmory
|
|upkeep
|
|t:|1641823317
|switch|p1a: Blissey|Blissey, F, shiny|100/100
|turn|24
|
|t:|1641823322
|move|p2a: Bisharp|Knock Off|p1a: Blissey
|-damage|p1a: Blissey|0 fnt
|-enditem|p1a: Blissey|Leftovers|[from] move: Knock Off|[of] p2a: Bisharp
|faint|p1a: Blissey
|
|win|YEASHJOD
|raw|Mesotanky's rating: 1070 &rarr; <strong>1049</strong><br />(-21 for losing)
|raw|YEASHJOD's rating: 1062 &rarr; <strong>1093</strong><br />(+31 for winning)
|l|☆Mesotanky
||Ladder isn't responding, score probably updated but might not have (Request timeout).
