|j|☆Filefate
|j|☆Kyerndo
|t:|1641843180
|gametype|singles
|player|p1|Filefate|scientistf|1595
|player|p2|Kyerndo|psychic|1673
|teamsize|p1|6
|teamsize|p2|6
|gen|8
|tier|[Gen 8] OU
|rated|
|rule|Sleep Clause Mod: Limit one foe put to sleep
|rule|Species Clause: Limit one of each Pokémon
|rule|OHKO Clause: OHKO moves are banned
|rule|Evasion Moves Clause: Evasion moves are banned
|rule|Endless Battle Clause: Forcing endless battles is banned
|rule|HP Percentage Mod: HP is shown in percentages
|rule|Dynamax Clause: You cannot dynamax
|clearpoke
|poke|p1|Mew|
|poke|p1|Kartana|
|poke|p1|Dragapult, F|
|poke|p1|Galvantula, M|
|poke|p1|Zapdos-Galar|
|poke|p1|Weavile, F|
|poke|p2|Heatran, F|
|poke|p2|Garchomp, F|
|poke|p2|Tapu Fini|
|poke|p2|Volcarona, F|
|poke|p2|Scizor, F|
|poke|p2|Thundurus, M|
|teampreview
|
|t:|1641843195
|start
|switch|p1a: Galvantula|Galvantula, M, shiny|100/100
|switch|p2a: Thundurus|Thundurus, M|100/100
|turn|1
|
|t:|1641843199
|move|p2a: Thundurus|Knock Off|p1a: Galvantula
|-damage|p1a: Galvantula|20/100
|-enditem|p1a: Galvantula|Focus Sash|[from] move: Knock Off|[of] p2a: Thundurus
|move|p1a: Galvantula|Sticky Web|p2a: Thundurus
|-sidestart|p2: Kyerndo|move: Sticky Web
|
|upkeep
|turn|2
|
|t:|1641843210
|switch|p1a: Weavile|Weavile, F|100/100
|move|p2a: Thundurus|Knock Off|p1a: Weavile
|-resisted|p1a: Weavile
|-damage|p1a: Weavile|58/100
|-enditem|p1a: Weavile|Heavy-Duty Boots|[from] move: Knock Off|[of] p2a: Thundurus
|-enditem|p2a: Thundurus|Choice Band|[silent]|[from] ability: Pickpocket|[of] p2a: Thundurus
|-item|p1a: Weavile|Choice Band|[from] ability: Pickpocket|[of] p2a: Thundurus
|
|upkeep
|turn|3
|
|t:|1641843224
|move|p1a: Weavile|Triple Axel|p2a: Thundurus|[miss]
|-miss|p1a: Weavile|p2a: Thundurus
|move|p2a: Thundurus|Wild Charge|p1a: Weavile
|-damage|p1a: Weavile|0 fnt
|faint|p1a: Weavile
|-damage|p2a: Thundurus|87/100|[from] Recoil
|
|upkeep
|
|t:|1641843231
|switch|p1a: Dragapult|Dragapult, F, shiny|100/100
|turn|4
|
|t:|1641843234
|move|p1a: Dragapult|Will-O-Wisp|p2a: Thundurus
|-status|p2a: Thundurus|brn
|move|p2a: Thundurus|Knock Off|p1a: Dragapult
|-supereffective|p1a: Dragapult
|-damage|p1a: Dragapult|56/100
|-enditem|p1a: Dragapult|Wide Lens|[from] move: Knock Off|[of] p2a: Thundurus
|
|-damage|p2a: Thundurus|81/100 brn|[from] brn
|upkeep
|turn|5
|
|t:|1641843243
|switch|p1a: Kartana|Kartana, shiny|100/100
|move|p2a: Thundurus|Knock Off|p1a: Kartana
|-damage|p1a: Kartana|84/100
|-enditem|p1a: Kartana|Scope Lens|[from] move: Knock Off|[of] p2a: Thundurus
|
|-damage|p2a: Thundurus|75/100 brn|[from] brn
|upkeep
|turn|6
|
|t:|1641843247
|move|p2a: Thundurus|Superpower|p1a: Kartana
|-supereffective|p1a: Kartana
|-damage|p1a: Kartana|46/100
|-unboost|p2a: Thundurus|atk|1
|-unboost|p2a: Thundurus|def|1
|move|p1a: Kartana|Swords Dance|p1a: Kartana
|-boost|p1a: Kartana|atk|2
|
|-damage|p2a: Thundurus|69/100 brn|[from] brn
|upkeep
|turn|7
|inactive|Battle timer is ON: inactive players will automatically lose when time's up. (requested by Filefate)
|
|t:|1641843279
|switch|p2a: Garchomp|Garchomp, F|100/100
|-activate|p2a: Garchomp|move: Sticky Web
|-unboost|p2a: Garchomp|spe|1
|move|p1a: Kartana|Knock Off|p2a: Garchomp
|-damage|p2a: Garchomp|10/100
|-damage|p1a: Kartana|33/100|[from] ability: Rough Skin|[of] p2a: Garchomp
|-damage|p1a: Kartana|17/100|[from] item: Rocky Helmet|[of] p2a: Garchomp
|-enditem|p2a: Garchomp|Rocky Helmet|[from] move: Knock Off|[of] p1a: Kartana
|
|upkeep
|turn|8
|
|t:|1641843287
|move|p1a: Kartana|Knock Off|p2a: Garchomp
|-damage|p2a: Garchomp|0 fnt
|-damage|p1a: Kartana|4/100|[from] ability: Rough Skin|[of] p2a: Garchomp
|faint|p2a: Garchomp
|-ability|p1a: Kartana|Beast Boost|boost
|-boost|p1a: Kartana|atk|1
|
|upkeep
|
|t:|1641843289
|switch|p2a: Scizor|Scizor, F|100/100
|-activate|p2a: Scizor|move: Sticky Web
|-unboost|p2a: Scizor|spe|1
|turn|9
|
|t:|1641843297
|move|p2a: Scizor|Bullet Punch|p1a: Kartana
|-resisted|p1a: Kartana
|-damage|p1a: Kartana|0 fnt
|faint|p1a: Kartana
|
|upkeep
|
|t:|1641843325
|switch|p1a: Mew|Mew|100/100
|turn|10
|
|t:|1641843329
|switch|p2a: Tapu Fini|Tapu Fini|100/100
|-activate|p2a: Tapu Fini|move: Sticky Web
|-unboost|p2a: Tapu Fini|spe|1
|-fieldstart|move: Misty Terrain|[from] ability: Misty Surge|[of] p2a: Tapu Fini
|move|p1a: Mew|Transform|p2a: Tapu Fini
|-transform|p1a: Mew|p2a: Tapu Fini
|
|upkeep
|turn|11
|
|t:|1641843336
|switch|p1a: Zapdos|Zapdos-Galar|100/100
|move|p2a: Tapu Fini|Moonblast|p1a: Zapdos
|-supereffective|p1a: Zapdos
|-damage|p1a: Zapdos|6/100
|-unboost|p1a: Zapdos|spa|1
|-ability|p1a: Zapdos|Defiant
|-boost|p1a: Zapdos|atk|2
|
|upkeep
|turn|12
|
|t:|1641843355
|switch|p2a: Thundurus|Thundurus, M|69/100 brn
|move|p1a: Zapdos|Brave Bird|p2a: Thundurus
|-resisted|p2a: Thundurus
|-damage|p2a: Thundurus|0 fnt
|faint|p2a: Thundurus
|-damage|p1a: Zapdos|0 fnt|[from] Recoil
|faint|p1a: Zapdos
|
|upkeep
|
|t:|1641843361
|switch|p2a: Scizor|Scizor, F|100/100
|switch|p1a: Mew|Mew|100/100
|-activate|p2a: Scizor|move: Sticky Web
|-unboost|p2a: Scizor|spe|1
|turn|13
|
|t:|1641843364
|switch|p2a: Tapu Fini|Tapu Fini|100/100
|-activate|p2a: Tapu Fini|move: Sticky Web
|-unboost|p2a: Tapu Fini|spe|1
|move|p1a: Mew|Transform|p2a: Tapu Fini
|-transform|p1a: Mew|p2a: Tapu Fini
|
|upkeep
|turn|14
|
|t:|1641843384
|move|p2a: Tapu Fini|Defog|p1a: Mew
|-unboost|p1a: Mew|evasion|1
|-sideend|p2: Kyerndo|Sticky Web|[from] move: Defog|[of] p2a: Tapu Fini
|-fieldend|Misty Terrain
|move|p1a: Mew|Moonblast|p2a: Tapu Fini
|-damage|p2a: Tapu Fini|68/100
|
|upkeep
|turn|15
|
|t:|1641843398
|switch|p2a: Scizor|Scizor, F|100/100
|move|p1a: Mew|Surf|p2a: Scizor
|-damage|p2a: Scizor|55/100
|
|upkeep
|turn|16
|
|t:|1641843402
|move|p2a: Scizor|Roost|p2a: Scizor
|-heal|p2a: Scizor|100/100
|-singleturn|p2a: Scizor|move: Roost
|move|p1a: Mew|Surf|p2a: Scizor
|-damage|p2a: Scizor|52/100
|
|upkeep
|turn|17
|
|t:|1641843410
|switch|p1a: Dragapult|Dragapult, F, shiny|56/100
|move|p2a: Scizor|Swords Dance|p2a: Scizor
|-boost|p2a: Scizor|atk|2
|
|upkeep
|turn|18
|
|t:|1641843417
|move|p2a: Scizor|Bullet Punch|p1a: Dragapult
|-damage|p1a: Dragapult|0 fnt
|faint|p1a: Dragapult
|
|upkeep
|
|t:|1641843418
|switch|p1a: Mew|Mew|100/100
|turn|19
|
|t:|1641843420
|move|p2a: Scizor|Bullet Punch|p1a: Mew
|-damage|p1a: Mew|51/100
|move|p1a: Mew|Transform|p2a: Scizor
|-transform|p1a: Mew|p2a: Scizor
|
|-heal|p1a: Mew|57/100|[from] item: Leftovers
|upkeep
|turn|20
|
|t:|1641843430
|move|p2a: Scizor|Bullet Punch|p1a: Mew
|-resisted|p1a: Mew
|-damage|p1a: Mew|28/100
|move|p1a: Mew|Superpower|p2a: Scizor
|-damage|p2a: Scizor|0 fnt
|-unboost|p1a: Mew|atk|1
|-unboost|p1a: Mew|def|1
|faint|p2a: Scizor
|
|-heal|p1a: Mew|34/100|[from] item: Leftovers
|upkeep
|
|t:|1641843434
|switch|p2a: Volcarona|Volcarona, F|100/100
|turn|21
|
|t:|1641843438
|switch|p1a: Galvantula|Galvantula, M, shiny|20/100
|move|p2a: Volcarona|Flamethrower|p1a: Galvantula
|-supereffective|p1a: Galvantula
|-damage|p1a: Galvantula|0 fnt
|faint|p1a: Galvantula
|
|upkeep
|
|t:|1641843439
|switch|p1a: Mew|Mew|34/100
|turn|22
|
|t:|1641843444
|move|p2a: Volcarona|Flamethrower|p1a: Mew
|-damage|p1a: Mew|0 fnt
|faint|p1a: Mew
|
|win|Kyerndo
|raw|Filefate's rating: 1595 &rarr; <strong>1579</strong><br />(-16 for losing)
|raw|Kyerndo's rating: 1673 &rarr; <strong>1689</strong><br />(+16 for winning)
|l|☆Filefate
||Ladder isn't responding, score probably updated but might not have (Request timeout).
