|j|☆Hevxav
|j|☆ryankuusk69
|t:|1641836023
|gametype|singles
|player|p1|Hevxav|102|1597
|player|p2|ryankuusk69|1|1487
|teamsize|p1|6
|teamsize|p2|6
|gen|8
|tier|[Gen 8] OU
|rated|
|rule|Sleep Clause Mod: Limit one foe put to sleep
|rule|Species Clause: Limit one of each Pokémon
|rule|OHKO Clause: OHKO moves are banned
|rule|Evasion Moves Clause: Evasion moves are banned
|rule|Endless Battle Clause: Forcing endless battles is banned
|rule|HP Percentage Mod: HP is shown in percentages
|rule|Dynamax Clause: You cannot dynamax
|clearpoke
|poke|p1|Zapdos-Galar|
|poke|p1|Regieleki|
|poke|p1|Tapu Koko|
|poke|p1|Klefki, M|
|poke|p1|Slowbro, F|
|poke|p1|Garchomp, M|
|poke|p2|Avalugg, M|
|poke|p2|Shedinja|
|poke|p2|Gastrodon, M|
|poke|p2|Clefable, M|
|poke|p2|Corviknight, F|
|poke|p2|Toxapex, F|
|teampreview
|inactive|Battle timer is ON: inactive players will automatically lose when time's up. (requested by ryankuusk69)
|
|t:|1641836051
|start
|switch|p1a: Zapdos|Zapdos-Galar|100/100
|switch|p2a: Corviknight|Corviknight, F|100/100
|-ability|p2a: Corviknight|Pressure
|turn|1
|
|t:|1641836065
|move|p1a: Zapdos|Close Combat|p2a: Corviknight
|-damage|p2a: Corviknight|47/100
|-unboost|p1a: Zapdos|def|1
|-unboost|p1a: Zapdos|spd|1
|move|p2a: Corviknight|Iron Defense|p2a: Corviknight
|-boost|p2a: Corviknight|def|2
|
|upkeep
|turn|2
|
|t:|1641836076
|switch|p1a: Regieleki|Regieleki|100/100
|move|p2a: Corviknight|Roost|p2a: Corviknight
|-heal|p2a: Corviknight|97/100
|-singleturn|p2a: Corviknight|move: Roost
|
|upkeep
|turn|3
|
|t:|1641836084
|switch|p2a: Shedinja|Shedinja|100/100
|move|p1a: Regieleki|Volt Switch|p2a: Shedinja
|-immune|p2a: Shedinja|[from] ability: Wonder Guard
|
|upkeep
|turn|4
|
|t:|1641836098
|move|p1a: Regieleki|Rapid Spin|p2a: Shedinja
|-immune|p2a: Shedinja|[from] ability: Wonder Guard
|move|p2a: Shedinja|Will-O-Wisp|p1a: Regieleki
|-status|p1a: Regieleki|brn
|
|-damage|p1a: Regieleki|95/100 brn|[from] brn
|upkeep
|turn|5
|
|t:|1641836107
|move|p1a: Regieleki|Ancient Power|p2a: Shedinja
|-supereffective|p2a: Shedinja
|-damage|p2a: Shedinja|0 fnt
|faint|p2a: Shedinja
|
|-damage|p1a: Regieleki|89/100 brn|[from] brn
|upkeep
|
|t:|1641836116
|switch|p2a: Gastrodon|Gastrodon, M|100/100
|turn|6
|
|t:|1641836122
|switch|p1a: Slowbro|Slowbro, F|100/100
|move|p2a: Gastrodon|Toxic|p1a: Slowbro
|-status|p1a: Slowbro|tox
|
|-damage|p1a: Slowbro|94/100 tox|[from] psn
|upkeep
|turn|7
|
|t:|1641836133
|move|p2a: Gastrodon|Earth Power|p1a: Slowbro
|-damage|p1a: Slowbro|67/100 tox
|move|p1a: Slowbro|Future Sight|p2a: Gastrodon
|-start|p1a: Slowbro|move: Future Sight
|
|-damage|p1a: Slowbro|55/100 tox|[from] psn
|upkeep
|turn|8
|
|t:|1641836141
|move|p2a: Gastrodon|Scald|p1a: Slowbro
|-resisted|p1a: Slowbro
|-damage|p1a: Slowbro|42/100 tox
|move|p1a: Slowbro|Teleport|p1a: Slowbro
|
|t:|1641836147
|switch|p1a: Klefki|Klefki, M|100/100|[from]move: Teleport
|
|upkeep
|turn|9
|
|t:|1641836152
|switch|p2a: Corviknight|Corviknight, F|97/100
|-ability|p2a: Corviknight|Pressure
|move|p1a: Klefki|Switcheroo|p2a: Corviknight
|-activate|p1a: Klefki|move: Trick|[of] p2a: Corviknight
|-item|p2a: Corviknight|Ring Target|[from] move: Switcheroo
|-item|p1a: Klefki|Shed Shell|[from] move: Switcheroo
|
|-end|p2a: Corviknight|move: Future Sight
|-resisted|p2a: Corviknight
|-damage|p2a: Corviknight|75/100
|upkeep
|turn|10
|
|t:|1641836167
|switch|p2a: Toxapex|Toxapex, F|100/100
|move|p1a: Klefki|Thunder Wave|p2a: Toxapex
|-status|p2a: Toxapex|par
|
|upkeep
|turn|11
|
|t:|1641836174
|switch|p1a: Garchomp|Garchomp, M|100/100
|move|p2a: Toxapex|Knock Off|p1a: Garchomp
|-damage|p1a: Garchomp|85/100
|-damage|p2a: Toxapex|88/100 par|[from] ability: Rough Skin|[of] p1a: Garchomp
|-enditem|p1a: Garchomp|Leftovers|[from] move: Knock Off|[of] p2a: Toxapex
|
|-heal|p2a: Toxapex|94/100 par|[from] item: Black Sludge
|upkeep
|turn|12
|
|t:|1641836186
|switch|p2a: Avalugg|Avalugg, M|100/100
|move|p1a: Garchomp|Substitute|p1a: Garchomp
|-start|p1a: Garchomp|Substitute
|-damage|p1a: Garchomp|60/100
|
|upkeep
|turn|13
|
|t:|1641836194
|move|p1a: Garchomp|Earthquake|p2a: Avalugg
|-damage|p2a: Avalugg|80/100
|move|p2a: Avalugg|Avalanche|p1a: Garchomp
|-supereffective|p1a: Garchomp
|-end|p1a: Garchomp|Substitute
|
|upkeep
|turn|14
|
|t:|1641836204
|switch|p1a: Slowbro|Slowbro, F|75/100 tox
|move|p2a: Avalugg|Body Press|p1a: Slowbro
|-resisted|p1a: Slowbro
|-damage|p1a: Slowbro|63/100 tox
|-damage|p2a: Avalugg|63/100|[from] item: Rocky Helmet|[of] p1a: Slowbro
|
|-damage|p1a: Slowbro|57/100 tox|[from] psn
|upkeep
|turn|15
|
|t:|1641836217
|switch|p2a: Clefable|Clefable, M|100/100
|move|p1a: Slowbro|Teleport|p1a: Slowbro
|
|t:|1641836225
|switch|p1a: Tapu Koko|Tapu Koko|100/100|[from]move: Teleport
|-fieldstart|move: Electric Terrain|[from] ability: Electric Surge|[of] p1a: Tapu Koko
|
|upkeep
|turn|16
|
|t:|1641836234
|switch|p2a: Gastrodon|Gastrodon, M|100/100
|move|p1a: Tapu Koko|Volt Switch|p2a: Gastrodon
|-immune|p2a: Gastrodon
|
|upkeep
|turn|17
|
|t:|1641836255
|move|p1a: Tapu Koko|U-turn|p2a: Gastrodon
|-damage|p2a: Gastrodon|87/100
|
|t:|1641836259
|switch|p1a: Klefki|Klefki, M|100/100|[from]move: U-turn
|move|p2a: Gastrodon|Scald|p1a: Klefki
|-damage|p1a: Klefki|80/100
|
|-heal|p2a: Gastrodon|93/100|[from] item: Leftovers
|upkeep
|turn|18
|
|t:|1641836271
|switch|p2a: Toxapex|Toxapex, F|100/100 par
|move|p1a: Klefki|Spikes|p2a: Toxapex
|-sidestart|p2: ryankuusk69|Spikes
|
|upkeep
|turn|19
|inactive|Hevxav has 120 seconds left.
|
|t:|1641836300
|move|p1a: Klefki|Spikes|p2a: Toxapex
|-sidestart|p2: ryankuusk69|Spikes
|move|p2a: Toxapex|Scald|p1a: Klefki
|-damage|p1a: Klefki|67/100
|
|-fieldend|move: Electric Terrain
|upkeep
|turn|20
|
|t:|1641836310
|move|p1a: Klefki|Spikes|p2a: Toxapex
|-sidestart|p2: ryankuusk69|Spikes
|move|p2a: Toxapex|Scald|p1a: Klefki
|-damage|p1a: Klefki|55/100
|
|upkeep
|turn|21
|
|t:|1641836318
|switch|p1a: Tapu Koko|Tapu Koko|100/100
|-fieldstart|move: Electric Terrain|[from] ability: Electric Surge|[of] p1a: Tapu Koko
|move|p2a: Toxapex|Scald|p1a: Tapu Koko
|-damage|p1a: Tapu Koko|76/100
|
|upkeep
|turn|22
|
|t:|1641836331
|switch|p2a: Clefable|Clefable, M|100/100
|move|p1a: Tapu Koko|U-turn|p2a: Clefable
|-resisted|p2a: Clefable
|-damage|p2a: Clefable|93/100
|
|t:|1641836343
|switch|p1a: Zapdos|Zapdos-Galar|100/100|[from]move: U-turn
|
|upkeep
|turn|23
|
|t:|1641836352
|switch|p2a: Corviknight|Corviknight, F|75/100
|-ability|p2a: Corviknight|Pressure
|move|p1a: Zapdos|U-turn|p2a: Corviknight
|-resisted|p2a: Corviknight
|-damage|p2a: Corviknight|70/100
|
|t:|1641836361
|switch|p1a: Tapu Koko|Tapu Koko|76/100|[from]move: U-turn
|
|upkeep
|turn|24
|
|t:|1641836370
|switch|p2a: Gastrodon|Gastrodon, M|93/100
|-damage|p2a: Gastrodon|68/100|[from] Spikes
|move|p1a: Tapu Koko|Thunderbolt|p2a: Gastrodon
|-immune|p2a: Gastrodon
|
|-heal|p2a: Gastrodon|74/100|[from] item: Leftovers
|upkeep
|turn|25
|
|t:|1641836386
|move|p1a: Tapu Koko|Dazzling Gleam|p2a: Gastrodon
|-damage|p2a: Gastrodon|50/100
|move|p2a: Gastrodon|Earth Power|p1a: Tapu Koko
|-supereffective|p1a: Tapu Koko
|-damage|p1a: Tapu Koko|0 fnt
|faint|p1a: Tapu Koko
|
|-heal|p2a: Gastrodon|56/100|[from] item: Leftovers
|-fieldend|move: Electric Terrain
|upkeep
|
|t:|1641836400
|switch|p1a: Zapdos|Zapdos-Galar|100/100
|turn|26
|
|t:|1641836409
|switch|p2a: Corviknight|Corviknight, F|70/100
|-ability|p2a: Corviknight|Pressure
|move|p1a: Zapdos|Close Combat|p2a: Corviknight
|-damage|p2a: Corviknight|14/100
|-unboost|p1a: Zapdos|def|1
|-unboost|p1a: Zapdos|spd|1
|
|upkeep
|turn|27
|
|t:|1641836424
|switch|p2a: Toxapex|Toxapex, F|100/100 par
|-damage|p2a: Toxapex|75/100 par|[from] Spikes
|move|p1a: Zapdos|Close Combat|p2a: Toxapex
|-resisted|p2a: Toxapex
|-damage|p2a: Toxapex|44/100 par
|-unboost|p1a: Zapdos|def|1
|-unboost|p1a: Zapdos|spd|1
|
|-heal|p2a: Toxapex|50/100 par|[from] item: Black Sludge
|upkeep
|turn|28
|
|t:|1641836436
|move|p1a: Zapdos|Close Combat|p2a: Toxapex
|-resisted|p2a: Toxapex
|-damage|p2a: Toxapex|19/100 par
|-unboost|p1a: Zapdos|def|1
|-unboost|p1a: Zapdos|spd|1
|cant|p2a: Toxapex|par
|
|-heal|p2a: Toxapex|25/100 par|[from] item: Black Sludge
|upkeep
|turn|29
|
|t:|1641836459
|move|p1a: Zapdos|Close Combat|p2a: Toxapex
|-resisted|p2a: Toxapex
|-damage|p2a: Toxapex|0 fnt
|-unboost|p1a: Zapdos|def|1
|-unboost|p1a: Zapdos|spd|1
|faint|p2a: Toxapex
|
|upkeep
|
|t:|1641836461
|switch|p2a: Clefable|Clefable, M|93/100
|turn|30
|
|t:|1641836470
|switch|p1a: Klefki|Klefki, M|55/100
|switch|p2a: Corviknight|Corviknight, F|14/100
|-ability|p2a: Corviknight|Pressure
|
|upkeep
|turn|31
|
|t:|1641836479
|move|p1a: Klefki|Foul Play|p2a: Corviknight
|-damage|p2a: Corviknight|6/100
|move|p2a: Corviknight|Defog|p1a: Klefki
|-unboost|p1a: Klefki|evasion|1
|-sideend|p2: ryankuusk69|Spikes|[from] move: Defog|[of] p2a: Corviknight
|
|upkeep
|turn|32
|
|t:|1641836487
|move|p1a: Klefki|Foul Play|p2a: Corviknight
|-damage|p2a: Corviknight|0 fnt
|faint|p2a: Corviknight
|
|upkeep
|
|t:|1641836499
|switch|p2a: Gastrodon|Gastrodon, M|56/100
|turn|33
|
|t:|1641836507
|move|p1a: Klefki|Spikes|p2a: Gastrodon
|-sidestart|p2: ryankuusk69|Spikes
|move|p2a: Gastrodon|Earth Power|p1a: Klefki
|-supereffective|p1a: Klefki
|-damage|p1a: Klefki|7/100
|
|-heal|p2a: Gastrodon|62/100|[from] item: Leftovers
|upkeep
|turn|34
|
|t:|1641836517
|move|p1a: Klefki|Spikes|p2a: Gastrodon
|-sidestart|p2: ryankuusk69|Spikes
|move|p2a: Gastrodon|Scald|p1a: Klefki
|-damage|p1a: Klefki|0 fnt
|faint|p1a: Klefki
|
|-heal|p2a: Gastrodon|68/100|[from] item: Leftovers
|upkeep
|
|t:|1641836526
|switch|p1a: Zapdos|Zapdos-Galar|100/100
|turn|35
|
|t:|1641836543
|move|p1a: Zapdos|Brave Bird|p2a: Gastrodon
|-damage|p2a: Gastrodon|0 fnt
|faint|p2a: Gastrodon
|-damage|p1a: Zapdos|71/100|[from] Recoil
|
|upkeep
|
|t:|1641836547
|switch|p2a: Avalugg|Avalugg, M|63/100
|-damage|p2a: Avalugg|47/100|[from] Spikes
|turn|36
|
|t:|1641836554
|switch|p1a: Slowbro|Slowbro, F|90/100 tox
|move|p2a: Avalugg|Avalanche|p1a: Slowbro
|-resisted|p1a: Slowbro
|-damage|p1a: Slowbro|82/100 tox
|-damage|p2a: Avalugg|30/100|[from] item: Rocky Helmet|[of] p1a: Slowbro
|
|-damage|p1a: Slowbro|76/100 tox|[from] psn
|upkeep
|turn|37
|
|t:|1641836565
|move|p1a: Slowbro|Future Sight|p2a: Avalugg
|-start|p1a: Slowbro|move: Future Sight
|move|p2a: Avalugg|Recover|p2a: Avalugg
|-heal|p2a: Avalugg|80/100
|
|-damage|p1a: Slowbro|64/100 tox|[from] psn
|upkeep
|turn|38
|
|t:|1641836573
|move|p2a: Avalugg|Rapid Spin|p1a: Slowbro
|-damage|p1a: Slowbro|56/100 tox
|-boost|p2a: Avalugg|spe|1
|-damage|p2a: Avalugg|64/100|[from] item: Rocky Helmet|[of] p1a: Slowbro
|-sideend|p2: ryankuusk69|Spikes|[from] move: Rapid Spin|[of] p2a: Avalugg
|move|p1a: Slowbro|Teleport|p1a: Slowbro
|
|t:|1641836580
|switch|p1a: Regieleki|Regieleki|89/100 brn|[from]move: Teleport
|
|-damage|p1a: Regieleki|83/100 brn|[from] brn
|upkeep
|turn|39
|
|t:|1641836592
|move|p1a: Regieleki|Rising Voltage|p2a: Avalugg
|-damage|p2a: Avalugg|0 fnt
|faint|p2a: Avalugg
|
|-hint|Future Sight did not hit because the target is fainted.
|-damage|p1a: Regieleki|77/100 brn|[from] brn
|upkeep
|
|t:|1641836594
|switch|p2a: Clefable|Clefable, M|93/100
|turn|40
|
|t:|1641836605
|move|p1a: Regieleki|Volt Switch|p2a: Clefable
|-damage|p2a: Clefable|53/100
|
|t:|1641836609
|switch|p1a: Slowbro|Slowbro, F|89/100 tox|[from]move: Volt Switch
|move|p2a: Clefable|Calm Mind|p2a: Clefable
|-boost|p2a: Clefable|spa|1
|-boost|p2a: Clefable|spd|1
|
|-damage|p1a: Slowbro|83/100 tox|[from] psn
|upkeep
|turn|41
|
|t:|1641836621
|move|p2a: Clefable|Soft-Boiled|p2a: Clefable
|-heal|p2a: Clefable|100/100
|move|p1a: Slowbro|Teleport|p1a: Slowbro
|
|t:|1641836628
|switch|p1a: Zapdos|Zapdos-Galar|71/100|[from]move: Teleport
|
|upkeep
|turn|42
|
|t:|1641836635
|move|p1a: Zapdos|Brave Bird|p2a: Clefable
|-damage|p2a: Clefable|11/100
|-damage|p1a: Zapdos|35/100|[from] Recoil
|move|p2a: Clefable|Moonblast|p1a: Zapdos
|-supereffective|p1a: Zapdos
|-damage|p1a: Zapdos|0 fnt
|faint|p1a: Zapdos
|
|upkeep
|
|t:|1641836644
|switch|p1a: Garchomp|Garchomp, M|60/100
|turn|43
|
|t:|1641836650
|move|p1a: Garchomp|Earthquake|p2a: Clefable
|-damage|p2a: Clefable|0 fnt
|faint|p2a: Clefable
|
|win|Hevxav
|raw|Hevxav's rating: 1597 &rarr; <strong>1611</strong><br />(+14 for winning)
|raw|ryankuusk69's rating: 1487 &rarr; <strong>1473</strong><br />(-14 for losing)
|l|☆ryankuusk69
