|j|☆Pikka888
|j|☆8jaggery
|t:|1641797811
|gametype|singles
|player|p1|Pikka888|1|1338
|player|p2|8jaggery|265|1228
|teamsize|p1|6
|teamsize|p2|6
|gen|8
|tier|[Gen 8] OU
|rated|
|rule|Sleep Clause Mod: Limit one foe put to sleep
|rule|Species Clause: Limit one of each Pokémon
|rule|OHKO Clause: OHKO moves are banned
|rule|Evasion Moves Clause: Evasion moves are banned
|rule|Endless Battle Clause: Forcing endless battles is banned
|rule|HP Percentage Mod: HP is shown in percentages
|rule|Dynamax Clause: You cannot dynamax
|clearpoke
|poke|p1|Necrozma|
|poke|p1|Mamoswine, M|
|poke|p1|Garchomp, M|
|poke|p1|Corviknight, F|
|poke|p1|Zeraora|
|poke|p1|Heatran, M|
|poke|p2|Hawlucha, M|
|poke|p2|Rillaboom, M|
|poke|p2|Heatran, M|
|poke|p2|Dragapult, F|
|poke|p2|Clefable, M|
|poke|p2|Blastoise, F|
|teampreview
|
|t:|1641797821
|start
|switch|p1a: Necrozma|Necrozma|100/100
|switch|p2a: Rillaboom|Rillaboom, M|100/100
|-fieldstart|move: Grassy Terrain|[from] ability: Grassy Surge|[of] p2a: Rillaboom
|turn|1
|
|t:|1641797848
|switch|p1a: Corviknight|Corviknight, F|100/100
|-ability|p1a: Corviknight|Pressure
|move|p2a: Rillaboom|Grassy Glide|p1a: Corviknight
|-resisted|p1a: Corviknight
|-damage|p1a: Corviknight|93/100
|
|upkeep
|turn|2
|
|t:|1641797861
|switch|p2a: Heatran|Heatran, M|100/100
|-item|p2a: Heatran|Air Balloon
|move|p1a: Corviknight|Body Press|p2a: Heatran
|-supereffective|p2a: Heatran
|-damage|p2a: Heatran|56/100
|-enditem|p2a: Heatran|Air Balloon
|
|-heal|p2a: Heatran|62/100|[from] Grassy Terrain
|upkeep
|turn|3
|
|t:|1641797881
|switch|p1a: Garchomp|Garchomp, M|100/100
|move|p2a: Heatran|Flamethrower|p1a: Garchomp
|-resisted|p1a: Garchomp
|-damage|p1a: Garchomp|76/100
|
|-heal|p1a: Garchomp|82/100|[from] Grassy Terrain
|-heal|p2a: Heatran|68/100|[from] Grassy Terrain
|upkeep
|turn|4
|
|t:|1641797901
|switch|p2a: Clefable|Clefable, M|100/100
|move|p1a: Garchomp|Earthquake|p2a: Clefable
|-damage|p2a: Clefable|70/100
|
|-heal|p1a: Garchomp|88/100|[from] Grassy Terrain
|-heal|p2a: Clefable|76/100|[from] Grassy Terrain
|-heal|p2a: Clefable|82/100|[from] item: Leftovers
|upkeep
|turn|5
|
|t:|1641797916
|switch|p1a: Necrozma|Necrozma|100/100
|move|p2a: Clefable|Moonblast|p1a: Necrozma
|-damage|p1a: Necrozma|82/100
|
|-heal|p1a: Necrozma|88/100|[from] Grassy Terrain
|-heal|p2a: Clefable|88/100|[from] Grassy Terrain
|-heal|p2a: Clefable|94/100|[from] item: Leftovers
|-fieldend|move: Grassy Terrain
|upkeep
|turn|6
|
|t:|1641797927
|move|p1a: Necrozma|Photon Geyser|p2a: Clefable
|-damage|p2a: Clefable|58/100
|move|p2a: Clefable|Moonblast|p1a: Necrozma
|-damage|p1a: Necrozma|67/100
|
|-heal|p2a: Clefable|64/100|[from] item: Leftovers
|upkeep
|turn|7
|
|t:|1641797964
|switch|p1a: Heatran|Heatran, M|100/100
|-item|p1a: Heatran|Air Balloon
|move|p2a: Clefable|Moonlight|p2a: Clefable
|-heal|p2a: Clefable|100/100
|
|upkeep
|turn|8
|c|☆Pikka888|unaware?
|
|t:|1641797975
|switch|p2a: Hawlucha|Hawlucha, M|100/100
|move|p1a: Heatran|Magma Storm|p2a: Hawlucha
|-damage|p2a: Hawlucha|32/100
|-activate|p2a: Hawlucha|move: Magma Storm|[of] p1a: Heatran
|
|-damage|p2a: Hawlucha|19/100|[from] move: Magma Storm|[partiallytrapped]
|upkeep
|turn|9
|c|☆Pikka888|yeah
|c|☆8jaggery|yep
|
|t:|1641798002
|move|p1a: Heatran|Protect|p1a: Heatran
|-singleturn|p1a: Heatran|Protect
|move|p2a: Hawlucha|Close Combat|p1a: Heatran
|-activate|p1a: Heatran|move: Protect
|
|-damage|p2a: Hawlucha|7/100|[from] move: Magma Storm|[partiallytrapped]
|upkeep
|turn|10
|
|t:|1641798010
|switch|p1a: Garchomp|Garchomp, M|88/100
|move|p2a: Hawlucha|Close Combat|p1a: Garchomp
|-damage|p1a: Garchomp|32/100
|-unboost|p2a: Hawlucha|def|1
|-unboost|p2a: Hawlucha|spd|1
|-damage|p2a: Hawlucha|0 fnt|[from] ability: Rough Skin|[of] p1a: Garchomp
|faint|p2a: Hawlucha
|
|upkeep
|
|t:|1641798031
|switch|p2a: Blastoise|Blastoise, F|100/100
|turn|11
|
|t:|1641798038
|move|p1a: Garchomp|Earthquake|p2a: Blastoise
|-damage|p2a: Blastoise|44/100
|move|p2a: Blastoise|Shell Smash|p2a: Blastoise
|-unboost|p2a: Blastoise|def|1
|-unboost|p2a: Blastoise|spd|1
|-boost|p2a: Blastoise|atk|2
|-boost|p2a: Blastoise|spa|2
|-boost|p2a: Blastoise|spe|2
|-enditem|p2a: Blastoise|White Herb
|-clearnegativeboost|p2a: Blastoise|[silent]
|
|upkeep
|turn|12
|
|t:|1641798047
|move|p2a: Blastoise|Ice Beam|p1a: Garchomp
|-supereffective|p1a: Garchomp
|-damage|p1a: Garchomp|0 fnt
|faint|p1a: Garchomp
|
|upkeep
|
|t:|1641798050
|switch|p1a: Necrozma|Necrozma|67/100
|turn|13
|c|☆Pikka888|watch me
|
|t:|1641798067
|move|p2a: Blastoise|Surf|p1a: Necrozma
|-damage|p1a: Necrozma|22/100
|move|p1a: Necrozma|Photon Geyser|p2a: Blastoise
|-damage|p2a: Blastoise|0 fnt
|faint|p2a: Blastoise
|
|upkeep
|
|t:|1641798076
|switch|p2a: Rillaboom|Rillaboom, M|100/100
|-fieldstart|move: Grassy Terrain|[from] ability: Grassy Surge|[of] p2a: Rillaboom
|turn|14
|c|☆Pikka888|yum
|
|t:|1641798090
|switch|p1a: Corviknight|Corviknight, F|93/100
|-ability|p1a: Corviknight|Pressure
|move|p2a: Rillaboom|Knock Off|p1a: Corviknight
|-damage|p1a: Corviknight|73/100
|-enditem|p1a: Corviknight|Heavy-Duty Boots|[from] move: Knock Off|[of] p2a: Rillaboom
|
|upkeep
|turn|15
|
|t:|1641798099
|switch|p2a: Heatran|Heatran, M|68/100
|move|p1a: Corviknight|Body Press|p2a: Heatran
|-supereffective|p2a: Heatran
|-damage|p2a: Heatran|27/100
|
|-heal|p2a: Heatran|34/100|[from] Grassy Terrain
|upkeep
|turn|16
|
|t:|1641798111
|switch|p1a: Necrozma|Necrozma|22/100
|move|p2a: Heatran|Flamethrower|p1a: Necrozma
|-damage|p1a: Necrozma|0 fnt
|faint|p1a: Necrozma
|
|-heal|p2a: Heatran|40/100|[from] Grassy Terrain
|upkeep
|
|t:|1641798121
|switch|p1a: Zeraora|Zeraora|100/100
|turn|17
|
|t:|1641798125
|switch|p2a: Rillaboom|Rillaboom, M|100/100
|move|p1a: Zeraora|Close Combat|p2a: Rillaboom
|-damage|p2a: Rillaboom|73/100
|-unboost|p1a: Zeraora|def|1
|-unboost|p1a: Zeraora|spd|1
|
|-heal|p2a: Rillaboom|79/100|[from] Grassy Terrain
|upkeep
|turn|18
|
|t:|1641798133
|switch|p1a: Corviknight|Corviknight, F|73/100
|-ability|p1a: Corviknight|Pressure
|move|p2a: Rillaboom|Knock Off|p1a: Corviknight
|-damage|p1a: Corviknight|61/100
|
|-heal|p2a: Rillaboom|85/100|[from] Grassy Terrain
|-fieldend|move: Grassy Terrain
|upkeep
|turn|19
|
|t:|1641798153
|switch|p2a: Dragapult|Dragapult, F|100/100
|move|p1a: Corviknight|Roost|p1a: Corviknight
|-heal|p1a: Corviknight|100/100
|-singleturn|p1a: Corviknight|move: Roost
|
|upkeep
|turn|20
|
|t:|1641798180
|move|p2a: Dragapult|Scald|p1a: Corviknight
|-damage|p1a: Corviknight|69/100
|-damage|p2a: Dragapult|91/100|[from] item: Life Orb
|move|p1a: Corviknight|Brave Bird|p2a: Dragapult
|-damage|p2a: Dragapult|37/100
|-damage|p1a: Corviknight|55/100|[from] Recoil
|
|upkeep
|turn|21
|
|t:|1641798216
|switch|p1a: Zeraora|Zeraora|100/100
|move|p2a: Dragapult|Scald|p1a: Zeraora
|-damage|p1a: Zeraora|62/100
|-damage|p2a: Dragapult|27/100|[from] item: Life Orb
|
|upkeep
|turn|22
|
|t:|1641798224
|switch|p2a: Rillaboom|Rillaboom, M|85/100
|-fieldstart|move: Grassy Terrain|[from] ability: Grassy Surge|[of] p2a: Rillaboom
|move|p1a: Zeraora|Knock Off|p2a: Rillaboom
|-damage|p2a: Rillaboom|62/100
|-enditem|p2a: Rillaboom|Miracle Seed|[from] move: Knock Off|[of] p1a: Zeraora
|
|-heal|p1a: Zeraora|68/100|[from] Grassy Terrain
|-heal|p2a: Rillaboom|68/100|[from] Grassy Terrain
|upkeep
|turn|23
|c|☆Pikka888|miricle seed
|c|☆Pikka888|wow
|c|☆Pikka888|cool
|
|t:|1641798244
|switch|p1a: Heatran|Heatran, M|100/100
|-item|p1a: Heatran|Air Balloon
|move|p2a: Rillaboom|Knock Off|p1a: Heatran
|-crit|p1a: Heatran
|-damage|p1a: Heatran|69/100
|-enditem|p1a: Heatran|Air Balloon
|
|-heal|p2a: Rillaboom|74/100|[from] Grassy Terrain
|-heal|p1a: Heatran|75/100|[from] Grassy Terrain
|upkeep
|turn|24
|
|t:|1641798259
|move|p2a: Rillaboom|High Horsepower|p1a: Heatran
|-supereffective|p1a: Heatran
|-damage|p1a: Heatran|0 fnt
|faint|p1a: Heatran
|
|-heal|p2a: Rillaboom|80/100|[from] Grassy Terrain
|upkeep
|c|☆Pikka888|nice
|
|t:|1641798274
|switch|p1a: Corviknight|Corviknight, F|55/100
|-ability|p1a: Corviknight|Pressure
|turn|25
|
|t:|1641798307
|switch|p2a: Dragapult|Dragapult, F|27/100
|move|p1a: Corviknight|Roost|p1a: Corviknight
|-heal|p1a: Corviknight|100/100
|-singleturn|p1a: Corviknight|move: Roost
|
|-heal|p2a: Dragapult|33/100|[from] Grassy Terrain
|upkeep
|turn|26
|c|☆Pikka888|u see ur endgame
|
|t:|1641798316
|move|p2a: Dragapult|Scald|p1a: Corviknight
|-damage|p1a: Corviknight|70/100
|-damage|p2a: Dragapult|23/100|[from] item: Life Orb
|move|p1a: Corviknight|Brave Bird|p2a: Dragapult
|-damage|p2a: Dragapult|0 fnt
|faint|p2a: Dragapult
|-damage|p1a: Corviknight|64/100|[from] Recoil
|
|-fieldend|move: Grassy Terrain
|upkeep
|
|t:|1641798326
|switch|p2a: Heatran|Heatran, M|40/100
|turn|27
|
|t:|1641798330
|move|p2a: Heatran|Flamethrower|p1a: Corviknight
|-supereffective|p1a: Corviknight
|-damage|p1a: Corviknight|0 fnt
|faint|p1a: Corviknight
|
|upkeep
|
|t:|1641798351
|switch|p1a: Zeraora|Zeraora|68/100
|turn|28
|c|☆8jaggery|not really im still pretty bad at seeing the endgame
|
|t:|1641798371
|switch|p2a: Rillaboom|Rillaboom, M|80/100
|-fieldstart|move: Grassy Terrain|[from] ability: Grassy Surge|[of] p2a: Rillaboom
|move|p1a: Zeraora|Close Combat|p2a: Rillaboom
|-damage|p2a: Rillaboom|52/100
|-unboost|p1a: Zeraora|def|1
|-unboost|p1a: Zeraora|spd|1
|
|-heal|p1a: Zeraora|74/100|[from] Grassy Terrain
|-heal|p2a: Rillaboom|58/100|[from] Grassy Terrain
|upkeep
|turn|29
|c|☆Pikka888|i think its rillaboon
|
|t:|1641798404
|move|p1a: Zeraora|Close Combat|p2a: Rillaboom
|-damage|p2a: Rillaboom|32/100
|-unboost|p1a: Zeraora|def|1
|-unboost|p1a: Zeraora|spd|1
|move|p2a: Rillaboom|High Horsepower|p1a: Zeraora
|-supereffective|p1a: Zeraora
|-damage|p1a: Zeraora|0 fnt
|faint|p1a: Zeraora
|
|-heal|p2a: Rillaboom|39/100|[from] Grassy Terrain
|upkeep
|
|t:|1641798408
|switch|p1a: Mamoswine|Mamoswine, M|100/100
|turn|30
|
|t:|1641798431
|move|p1a: Mamoswine|Ice Shard|p2a: Rillaboom
|-supereffective|p2a: Rillaboom
|-damage|p2a: Rillaboom|4/100
|move|p2a: Rillaboom|Grassy Glide|p1a: Mamoswine
|-supereffective|p1a: Mamoswine
|-damage|p1a: Mamoswine|8/100
|
|-heal|p1a: Mamoswine|14/100|[from] Grassy Terrain
|-heal|p2a: Rillaboom|10/100|[from] Grassy Terrain
|upkeep
|turn|31
|
|t:|1641798448
|move|p1a: Mamoswine|Ice Shard|p2a: Rillaboom
|-supereffective|p2a: Rillaboom
|-damage|p2a: Rillaboom|0 fnt
|faint|p2a: Rillaboom
|
|-heal|p1a: Mamoswine|20/100|[from] Grassy Terrain
|upkeep
|
|t:|1641798455
|switch|p2a: Clefable|Clefable, M|100/100
|turn|32
|c|☆Pikka888|gg
|c|☆Pikka888|clef wins
|c|☆8jaggery|gg
|
|t:|1641798466
|move|p1a: Mamoswine|Icicle Crash|p2a: Clefable
|-damage|p2a: Clefable|45/100
|cant|p2a: Clefable|flinch
|
|-heal|p1a: Mamoswine|26/100|[from] Grassy Terrain
|-heal|p2a: Clefable|52/100|[from] Grassy Terrain
|-heal|p2a: Clefable|58/100|[from] item: Leftovers
|-fieldend|move: Grassy Terrain
|upkeep
|turn|33
|c|☆Pikka888|oh not yet
|
|t:|1641798478
|move|p1a: Mamoswine|Icicle Crash|p2a: Clefable
|-damage|p2a: Clefable|8/100
|move|p2a: Clefable|Moonblast|p1a: Mamoswine
|-damage|p1a: Mamoswine|2/100
|-unboost|p1a: Mamoswine|spa|1
|
|-heal|p2a: Clefable|14/100|[from] item: Leftovers
|upkeep
|turn|34
|
|t:|1641798489
|move|p1a: Mamoswine|Earthquake|p2a: Clefable
|-damage|p2a: Clefable|0 fnt
|faint|p2a: Clefable
|
|upkeep
|c|☆8jaggery|you might win actually lol
|
|t:|1641798498
|switch|p2a: Heatran|Heatran, M|40/100
|turn|35
|c|☆Pikka888|speed on heatran?
|c|☆Pikka888|i can tell u now
|c|☆8jaggery|190
|c|☆8jaggery|ig yours is higher
|c|☆Pikka888|i have 221
|
|t:|1641798528
|move|p1a: Mamoswine|Earthquake|p2a: Heatran
|-supereffective|p2a: Heatran
|-crit|p2a: Heatran
|-damage|p2a: Heatran|0 fnt
|faint|p2a: Heatran
|
|win|Pikka888
|raw|Pikka888's rating: 1338 &rarr; <strong>1352</strong><br />(+14 for winning)
|raw|8jaggery's rating: 1228 &rarr; <strong>1211</strong><br />(-17 for losing)
|c|☆8jaggery|gg then
