|j|☆Charmalane
|j|☆Banhmipate
|t:|1641793523
|gametype|singles
|player|p1|Charmalane|brawly|1592
|player|p2|Banhmipate|sage|1644
|teamsize|p1|6
|teamsize|p2|6
|gen|8
|tier|[Gen 8] OU
|rated|
|rule|Sleep Clause Mod: Limit one foe put to sleep
|rule|Species Clause: Limit one of each Pokémon
|rule|OHKO Clause: OHKO moves are banned
|rule|Evasion Moves Clause: Evasion moves are banned
|rule|Endless Battle Clause: Forcing endless battles is banned
|rule|HP Percentage Mod: HP is shown in percentages
|rule|Dynamax Clause: You cannot dynamax
|clearpoke
|poke|p1|Blacephalon|
|poke|p1|Rotom-Wash|
|poke|p1|Scizor, F|
|poke|p1|Landorus-Therian, M|
|poke|p1|Toxapex, M|
|poke|p1|Corviknight, M|
|poke|p2|Tapu Lele|
|poke|p2|Hawlucha, M|
|poke|p2|Corviknight, F|
|poke|p2|Chansey, F|
|poke|p2|Zapdos-Galar|
|poke|p2|Mew|
|teampreview
|inactive|Battle timer is ON: inactive players will automatically lose when time's up. (requested by Banhmipate)
|
|t:|1641793541
|start
|switch|p1a: Upgrade|Rotom-Wash|100/100
|switch|p2a: Tapu Lele|Tapu Lele|100/100
|-fieldstart|move: Psychic Terrain|[from] ability: Psychic Surge|[of] p2a: Tapu Lele
|turn|1
|
|t:|1641793553
|switch|p1a: Raven Beak|Corviknight, M|100/100
|-ability|p1a: Raven Beak|Pressure
|move|p2a: Tapu Lele|Psyshock|p1a: Raven Beak
|-resisted|p1a: Raven Beak
|-damage|p1a: Raven Beak|75/100
|
|upkeep
|turn|2
|
|t:|1641793570
|switch|p2a: Hawlucha|Hawlucha, M|100/100
|-enditem|p2a: Hawlucha|Psychic Seed
|-boost|p2a: Hawlucha|spd|1|[from] item: Psychic Seed
|move|p1a: Raven Beak|U-turn|p2a: Hawlucha
|-resisted|p2a: Hawlucha
|-damage|p2a: Hawlucha|95/100
|
|t:|1641793575
|switch|p1a: Stickerbush|Toxapex, M|100/100|[from]move: U-turn
|
|upkeep
|turn|3
|j| TalonSFlames
|
|t:|1641793580
|move|p2a: Hawlucha|Swords Dance|p2a: Hawlucha
|-boost|p2a: Hawlucha|atk|2
|move|p1a: Stickerbush|Haze|p1a: Stickerbush
|-clearallboost
|
|upkeep
|turn|4
|
|t:|1641793595
|move|p2a: Hawlucha|Swords Dance|p2a: Hawlucha
|-boost|p2a: Hawlucha|atk|2
|move|p1a: Stickerbush|Scald|p2a: Hawlucha
|-damage|p2a: Hawlucha|68/100
|
|upkeep
|turn|5
|
|t:|1641793598
|move|p2a: Hawlucha|Acrobatics|p1a: Stickerbush
|-damage|p1a: Stickerbush|42/100
|-damage|p2a: Hawlucha|52/100|[from] item: Rocky Helmet|[of] p1a: Stickerbush
|move|p1a: Stickerbush|Haze|p1a: Stickerbush
|-clearallboost
|
|-fieldend|move: Psychic Terrain
|upkeep
|turn|6
|
|t:|1641793604
|move|p2a: Hawlucha|Swords Dance|p2a: Hawlucha
|-boost|p2a: Hawlucha|atk|2
|move|p1a: Stickerbush|Recover|p1a: Stickerbush
|-heal|p1a: Stickerbush|92/100
|
|upkeep
|turn|7
|
|t:|1641793614
|move|p2a: Hawlucha|Acrobatics|p1a: Stickerbush
|-damage|p1a: Stickerbush|28/100
|-damage|p2a: Hawlucha|35/100|[from] item: Rocky Helmet|[of] p1a: Stickerbush
|move|p1a: Stickerbush|Haze|p1a: Stickerbush
|-clearallboost
|
|upkeep
|turn|8
|
|t:|1641793626
|switch|p1a: Raven Beak|Corviknight, M|75/100
|-ability|p1a: Raven Beak|Pressure
|move|p2a: Hawlucha|Acrobatics|p1a: Raven Beak
|-resisted|p1a: Raven Beak
|-damage|p1a: Raven Beak|60/100
|-damage|p2a: Hawlucha|19/100|[from] item: Rocky Helmet|[of] p1a: Raven Beak
|
|upkeep
|turn|9
|
|t:|1641793636
|move|p2a: Hawlucha|Close Combat|p1a: Raven Beak
|-damage|p1a: Raven Beak|30/100
|-unboost|p2a: Hawlucha|def|1
|-unboost|p2a: Hawlucha|spd|1
|-damage|p2a: Hawlucha|2/100|[from] item: Rocky Helmet|[of] p1a: Raven Beak
|move|p1a: Raven Beak|Roost|p1a: Raven Beak
|-heal|p1a: Raven Beak|80/100
|-singleturn|p1a: Raven Beak|move: Roost
|
|upkeep
|turn|10
|
|t:|1641793646
|move|p2a: Hawlucha|Swords Dance|p2a: Hawlucha
|-boost|p2a: Hawlucha|atk|2
|move|p1a: Raven Beak|U-turn|p2a: Hawlucha
|-resisted|p2a: Hawlucha
|-damage|p2a: Hawlucha|0 fnt
|faint|p2a: Hawlucha
|
|t:|1641793666
|switch|p1a: Stickerbush|Toxapex, M|62/100|[from]move: U-turn
|
|upkeep
|
|t:|1641793677
|switch|p2a: Tapu Lele|Tapu Lele|100/100
|-fieldstart|move: Psychic Terrain|[from] ability: Psychic Surge|[of] p2a: Tapu Lele
|turn|11
|
|t:|1641793687
|switch|p1a: Samus|Scizor, F|100/100
|move|p2a: Tapu Lele|Thunderbolt|p1a: Samus
|-damage|p1a: Samus|40/100
|
|-heal|p1a: Samus|46/100|[from] item: Leftovers
|upkeep
|turn|12
|
|t:|1641793694
|switch|p1a: Jasper|Landorus-Therian, M|100/100
|-ability|p1a: Jasper|Intimidate|boost
|-unboost|p2a: Tapu Lele|atk|1
|move|p2a: Tapu Lele|Thunderbolt|p1a: Jasper
|-immune|p1a: Jasper
|
|upkeep
|turn|13
|l| TalonSFlames
|
|t:|1641793701
|switch|p2a: Corviknight|Corviknight, F|100/100
|-ability|p2a: Corviknight|Pressure
|move|p1a: Jasper|Stealth Rock|p2a: Corviknight
|-sidestart|p2: Banhmipate|move: Stealth Rock
|
|upkeep
|turn|14
|
|t:|1641793705
|move|p1a: Jasper|Smack Down|p2a: Corviknight
|-damage|p2a: Corviknight|90/100
|-start|p2a: Corviknight|Smack Down
|move|p2a: Corviknight|Defog|p1a: Jasper
|-unboost|p1a: Jasper|evasion|1
|-sideend|p2: Banhmipate|Stealth Rock|[from] move: Defog|[of] p2a: Corviknight
|-fieldend|move: Psychic Terrain
|
|upkeep
|turn|15
|
|t:|1641793712
|switch|p2a: Zapdos|Zapdos-Galar|100/100
|move|p1a: Jasper|Stealth Rock|p2a: Zapdos
|-sidestart|p2: Banhmipate|move: Stealth Rock
|
|upkeep
|turn|16
|
|t:|1641793718
|switch|p1a: Stickerbush|Toxapex, M|95/100
|move|p2a: Zapdos|Brave Bird|p1a: Stickerbush
|-damage|p1a: Stickerbush|37/100
|-damage|p2a: Zapdos|84/100|[from] item: Rocky Helmet|[of] p1a: Stickerbush
|-damage|p2a: Zapdos|66/100|[from] Recoil
|
|upkeep
|turn|17
|
|t:|1641793726
|switch|p1a: Raven Beak|Corviknight, M|80/100
|-ability|p1a: Raven Beak|Pressure
|move|p2a: Zapdos|Brave Bird|p1a: Raven Beak
|-resisted|p1a: Raven Beak
|-damage|p1a: Raven Beak|53/100
|-damage|p2a: Zapdos|50/100|[from] item: Rocky Helmet|[of] p1a: Raven Beak
|-damage|p2a: Zapdos|39/100|[from] Recoil
|
|upkeep
|turn|18
|
|t:|1641793735
|switch|p2a: Corviknight|Corviknight, F|90/100
|-damage|p2a: Corviknight|77/100|[from] Stealth Rock
|-ability|p2a: Corviknight|Pressure
|move|p1a: Raven Beak|Roost|p1a: Raven Beak
|-heal|p1a: Raven Beak|100/100
|-singleturn|p1a: Raven Beak|move: Roost
|
|upkeep
|turn|19
|
|t:|1641793750
|switch|p1a: Jasper|Landorus-Therian, M|100/100
|-ability|p1a: Jasper|Intimidate|boost
|-unboost|p2a: Corviknight|atk|1
|move|p2a: Corviknight|Defog|p1a: Jasper
|-unboost|p1a: Jasper|evasion|1
|-sideend|p2: Banhmipate|Stealth Rock|[from] move: Defog|[of] p2a: Corviknight
|
|upkeep
|turn|20
|
|t:|1641793759
|switch|p2a: Tapu Lele|Tapu Lele|100/100
|-fieldstart|move: Psychic Terrain|[from] ability: Psychic Surge|[of] p2a: Tapu Lele
|move|p1a: Jasper|Stealth Rock|p2a: Tapu Lele
|-sidestart|p2: Banhmipate|move: Stealth Rock
|
|upkeep
|turn|21
|
|t:|1641793772
|move|p2a: Tapu Lele|Focus Blast|p1a: Jasper
|-resisted|p1a: Jasper
|-damage|p1a: Jasper|75/100
|move|p1a: Jasper|Earthquake|p2a: Tapu Lele
|-damage|p2a: Tapu Lele|23/100
|
|-heal|p1a: Jasper|81/100|[from] item: Leftovers
|upkeep
|turn|22
|
|t:|1641793776
|switch|p2a: Zapdos|Zapdos-Galar|39/100
|-damage|p2a: Zapdos|26/100|[from] Stealth Rock
|move|p1a: Jasper|U-turn|p2a: Zapdos
|-resisted|p2a: Zapdos
|-damage|p2a: Zapdos|20/100
|
|t:|1641793785
|switch|p1a: Stickerbush|Toxapex, M|70/100|[from]move: U-turn
|
|upkeep
|turn|23
|
|t:|1641793790
|switch|p1a: Raven Beak|Corviknight, M|100/100
|-ability|p1a: Raven Beak|Pressure
|move|p2a: Zapdos|Brave Bird|p1a: Raven Beak
|-resisted|p1a: Raven Beak
|-damage|p1a: Raven Beak|76/100
|-damage|p2a: Zapdos|4/100|[from] item: Rocky Helmet|[of] p1a: Raven Beak
|-damage|p2a: Zapdos|0 fnt|[from] Recoil
|faint|p2a: Zapdos
|
|upkeep
|
|t:|1641793793
|switch|p2a: Mew|Mew|100/100
|-damage|p2a: Mew|88/100|[from] Stealth Rock
|turn|24
|
|t:|1641793807
|move|p2a: Mew|Cosmic Power|p2a: Mew
|-boost|p2a: Mew|def|1
|-boost|p2a: Mew|spd|1
|move|p1a: Raven Beak|U-turn|p2a: Mew
|-supereffective|p2a: Mew
|-crit|p2a: Mew
|-damage|p2a: Mew|65/100
|-enditem|p2a: Mew|Weakness Policy
|-boost|p2a: Mew|atk|2|[from] item: Weakness Policy
|-boost|p2a: Mew|spa|2|[from] item: Weakness Policy
|
|t:|1641793812
|switch|p1a: Buggy|Blacephalon|100/100|[from]move: U-turn
|
|-fieldend|move: Psychic Terrain
|upkeep
|turn|25
|
|t:|1641793817
|move|p1a: Buggy|Shadow Ball|p2a: Mew
|-supereffective|p2a: Mew
|-damage|p2a: Mew|0 fnt
|faint|p2a: Mew
|-ability|p1a: Buggy|Beast Boost|boost
|-boost|p1a: Buggy|spa|1
|
|upkeep
|-message|Banhmipate forfeited.
|
|win|Charmalane
|raw|Charmalane's rating: 1592 &rarr; <strong>1615</strong><br />(+23 for winning)
|raw|Banhmipate's rating: 1644 &rarr; <strong>1621</strong><br />(-23 for losing)
