|j|☆PepitoConejos
|j|☆Teammoustache
|t:|1641817413
|gametype|singles
|player|p1|PepitoConejos|janitor|1566
|player|p2|Teammoustache|169|1641
|teamsize|p1|6
|teamsize|p2|6
|gen|8
|tier|[Gen 8] OU
|rated|
|rule|Sleep Clause Mod: Limit one foe put to sleep
|rule|Species Clause: Limit one of each Pokémon
|rule|OHKO Clause: OHKO moves are banned
|rule|Evasion Moves Clause: Evasion moves are banned
|rule|Endless Battle Clause: Forcing endless battles is banned
|rule|HP Percentage Mod: HP is shown in percentages
|rule|Dynamax Clause: You cannot dynamax
|clearpoke
|poke|p1|Ferrothorn, M|
|poke|p1|Corviknight, F|
|poke|p1|Dragapult, M|
|poke|p1|Grimmsnarl, M|
|poke|p1|Chandelure, F|
|poke|p1|Eiscue, F|
|poke|p2|Gastrodon, M|
|poke|p2|Corviknight, M|
|poke|p2|Buzzwole|
|poke|p2|Volcarona, F|
|poke|p2|Landorus-Therian, M|
|poke|p2|Tapu Lele|
|teampreview
|
|t:|1641817422
|start
|switch|p1a: Dragapult|Dragapult, M|100/100
|switch|p2a: A Friend In Me|Landorus-Therian, M|100/100
|-ability|p2a: A Friend In Me|Intimidate|boost
|-unboost|p1a: Dragapult|atk|1
|turn|1
|j| AlIoutdragadarts
|l| AlIoutdragadarts
|
|t:|1641817428
|switch|p2a: Under The Sea|Gastrodon, M|100/100
|move|p1a: Dragapult|Scald|p2a: Under The Sea
|-ability|p2a: Under The Sea|Storm Drain|boost
|-boost|p2a: Under The Sea|spa|1
|
|upkeep
|turn|2
|
|t:|1641817435
|switch|p1a: Ferrothorn|Ferrothorn, M|100/100
|move|p2a: Under The Sea|Scald|p1a: Ferrothorn
|-resisted|p1a: Ferrothorn
|-damage|p1a: Ferrothorn|85/100
|
|-heal|p1a: Ferrothorn|91/100|[from] item: Leftovers
|upkeep
|turn|3
|
|t:|1641817447
|switch|p2a: A Friend In Me|Landorus-Therian, M|100/100
|-ability|p2a: A Friend In Me|Intimidate|boost
|-unboost|p1a: Ferrothorn|atk|1
|move|p1a: Ferrothorn|Power Whip|p2a: A Friend In Me|[miss]
|-miss|p1a: Ferrothorn|p2a: A Friend In Me
|
|-heal|p1a: Ferrothorn|98/100|[from] item: Leftovers
|upkeep
|turn|4
|
|t:|1641817459
|move|p2a: A Friend In Me|U-turn|p1a: Ferrothorn
|-crit|p1a: Ferrothorn
|-damage|p1a: Ferrothorn|59/100
|-damage|p2a: A Friend In Me|88/100|[from] ability: Iron Barbs|[of] p1a: Ferrothorn
|
|t:|1641817464
|switch|p2a: Dancing Queen|Volcarona, F|100/100|[from]move: U-turn
|move|p1a: Ferrothorn|Leech Seed|p2a: Dancing Queen
|-start|p2a: Dancing Queen|move: Leech Seed
|
|-heal|p1a: Ferrothorn|65/100|[from] item: Leftovers
|-damage|p2a: Dancing Queen|88/100|[from] Leech Seed|[of] p1a: Ferrothorn
|-heal|p1a: Ferrothorn|78/100|[silent]
|upkeep
|turn|5
|
|t:|1641817472
|switch|p2a: A Friend In Me|Landorus-Therian, M|88/100
|-ability|p2a: A Friend In Me|Intimidate|boost
|-unboost|p1a: Ferrothorn|atk|1
|switch|p1a: Chandelure|Chandelure, F|100/100
|
|upkeep
|turn|6
|
|t:|1641817482
|switch|p1a: Corviknight|Corviknight, F|100/100
|move|p2a: A Friend In Me|Earthquake|p1a: Corviknight
|-immune|p1a: Corviknight
|
|upkeep
|turn|7
|
|t:|1641817489
|switch|p2a: Dancing Queen|Volcarona, F|88/100
|move|p1a: Corviknight|Brave Bird|p2a: Dancing Queen
|-supereffective|p2a: Dancing Queen
|-damage|p2a: Dancing Queen|6/100
|-damage|p1a: Corviknight|75/100|[from] Recoil
|
|upkeep
|turn|8
|
|t:|1641817497
|switch|p1a: Chandelure|Chandelure, F|100/100
|move|p2a: Dancing Queen|Roost|p2a: Dancing Queen
|-heal|p2a: Dancing Queen|56/100
|-singleturn|p2a: Dancing Queen|move: Roost
|
|upkeep
|turn|9
|
|t:|1641817509
|switch|p2a: Under The Sea|Gastrodon, M|100/100
|move|p1a: Chandelure|Fire Blast|p2a: Under The Sea|[miss]
|-miss|p1a: Chandelure|p2a: Under The Sea
|
|upkeep
|turn|10
|
|t:|1641817520
|switch|p1a: Ferrothorn|Ferrothorn, M|78/100
|switch|p2a: Titanium|Corviknight, M|100/100
|-ability|p2a: Titanium|Pressure
|
|-heal|p1a: Ferrothorn|85/100|[from] item: Leftovers
|upkeep
|turn|11
|
|t:|1641817533
|switch|p2a: A Friend In Me|Landorus-Therian, M|88/100
|-ability|p2a: A Friend In Me|Intimidate|boost
|-unboost|p1a: Ferrothorn|atk|1
|move|p1a: Ferrothorn|Thunder Wave|p2a: A Friend In Me
|-immune|p2a: A Friend In Me
|
|-heal|p1a: Ferrothorn|91/100|[from] item: Leftovers
|upkeep
|turn|12
|
|t:|1641817541
|move|p2a: A Friend In Me|Superpower|p1a: Ferrothorn
|-supereffective|p1a: Ferrothorn
|-damage|p1a: Ferrothorn|4/100
|-unboost|p2a: A Friend In Me|atk|1
|-unboost|p2a: A Friend In Me|def|1
|-damage|p2a: A Friend In Me|76/100|[from] ability: Iron Barbs|[of] p1a: Ferrothorn
|move|p1a: Ferrothorn|Stealth Rock|p2a: A Friend In Me
|-sidestart|p2: Teammoustache|move: Stealth Rock
|
|-heal|p1a: Ferrothorn|11/100|[from] item: Leftovers
|upkeep
|turn|13
|
|t:|1641817554
|switch|p2a: Dancing Queen|Volcarona, F|56/100
|switch|p1a: Corviknight|Corviknight, F|75/100
|
|upkeep
|turn|14
|
|t:|1641817561
|move|p2a: Dancing Queen|Roost|p2a: Dancing Queen
|-heal|p2a: Dancing Queen|100/100
|-singleturn|p2a: Dancing Queen|move: Roost
|move|p1a: Corviknight|Brave Bird|p2a: Dancing Queen
|-supereffective|p2a: Dancing Queen
|-damage|p2a: Dancing Queen|26/100
|-status|p1a: Corviknight|brn|[from] ability: Flame Body|[of] p2a: Dancing Queen
|-damage|p1a: Corviknight|52/100 brn|[from] Recoil
|
|-damage|p1a: Corviknight|46/100 brn|[from] brn
|upkeep
|turn|15
|
|t:|1641817571
|move|p2a: Dancing Queen|Roost|p2a: Dancing Queen
|-heal|p2a: Dancing Queen|76/100
|-singleturn|p2a: Dancing Queen|move: Roost
|move|p1a: Corviknight|Brave Bird|p2a: Dancing Queen
|-supereffective|p2a: Dancing Queen
|-damage|p2a: Dancing Queen|36/100
|-damage|p1a: Corviknight|33/100 brn|[from] Recoil
|
|-damage|p1a: Corviknight|27/100 brn|[from] brn
|upkeep
|turn|16
|
|t:|1641817579
|move|p2a: Dancing Queen|Roost|p2a: Dancing Queen
|-heal|p2a: Dancing Queen|86/100
|-singleturn|p2a: Dancing Queen|move: Roost
|move|p1a: Corviknight|Roost|p1a: Corviknight
|-heal|p1a: Corviknight|77/100 brn
|-singleturn|p1a: Corviknight|move: Roost
|
|-damage|p1a: Corviknight|71/100 brn|[from] brn
|upkeep
|turn|17
|
|t:|1641817587
|switch|p1a: Chandelure|Chandelure, F|100/100
|move|p2a: Dancing Queen|Quiver Dance|p2a: Dancing Queen
|-boost|p2a: Dancing Queen|spa|1
|-boost|p2a: Dancing Queen|spd|1
|-boost|p2a: Dancing Queen|spe|1
|
|upkeep
|turn|18
|
|t:|1641817593
|move|p2a: Dancing Queen|Quiver Dance|p2a: Dancing Queen
|-boost|p2a: Dancing Queen|spa|1
|-boost|p2a: Dancing Queen|spd|1
|-boost|p2a: Dancing Queen|spe|1
|move|p1a: Chandelure|Calm Mind|p1a: Chandelure
|-boost|p1a: Chandelure|spa|1
|-boost|p1a: Chandelure|spd|1
|
|upkeep
|turn|19
|
|t:|1641817600
|move|p2a: Dancing Queen|Quiver Dance|p2a: Dancing Queen
|-boost|p2a: Dancing Queen|spa|1
|-boost|p2a: Dancing Queen|spd|1
|-boost|p2a: Dancing Queen|spe|1
|move|p1a: Chandelure|Fire Blast|p2a: Dancing Queen
|-damage|p2a: Dancing Queen|45/100
|-damage|p1a: Chandelure|91/100|[from] item: Life Orb
|
|upkeep
|turn|20
|
|t:|1641817608
|move|p2a: Dancing Queen|Roost|p2a: Dancing Queen
|-heal|p2a: Dancing Queen|95/100
|-singleturn|p2a: Dancing Queen|move: Roost
|move|p1a: Chandelure|Fire Blast|p2a: Dancing Queen
|-damage|p2a: Dancing Queen|50/100
|-damage|p1a: Chandelure|81/100|[from] item: Life Orb
|
|upkeep
|turn|21
|
|t:|1641817615
|move|p2a: Dancing Queen|Roost|p2a: Dancing Queen
|-heal|p2a: Dancing Queen|99/100
|-singleturn|p2a: Dancing Queen|move: Roost
|move|p1a: Chandelure|Fire Blast|p2a: Dancing Queen
|-damage|p2a: Dancing Queen|60/100
|-damage|p1a: Chandelure|71/100|[from] item: Life Orb
|
|upkeep
|turn|22
|
|t:|1641817622
|move|p2a: Dancing Queen|Psychic|p1a: Chandelure
|-damage|p1a: Chandelure|11/100
|-unboost|p1a: Chandelure|spd|1
|move|p1a: Chandelure|Calm Mind|p1a: Chandelure
|-boost|p1a: Chandelure|spa|1
|-boost|p1a: Chandelure|spd|1
|
|upkeep
|turn|23
|-message|PepitoConejos forfeited.
|
|win|Teammoustache
|raw|PepitoConejos's rating: 1566 &rarr; <strong>1550</strong><br />(-16 for losing)
|raw|Teammoustache's rating: 1641 &rarr; <strong>1657</strong><br />(+16 for winning)
|l|☆PepitoConejos
