|j|☆Js1000
|j|☆Karied
|t:|1641827867
|gametype|singles
|player|p1|Js1000|crasherwake|1373
|player|p2|Karied|worker|1378
|teamsize|p1|6
|teamsize|p2|6
|gen|8
|tier|[Gen 8] OU
|rated|
|rule|Sleep Clause Mod: Limit one foe put to sleep
|rule|Species Clause: Limit one of each Pokémon
|rule|OHKO Clause: OHKO moves are banned
|rule|Evasion Moves Clause: Evasion moves are banned
|rule|Endless Battle Clause: Forcing endless battles is banned
|rule|HP Percentage Mod: HP is shown in percentages
|rule|Dynamax Clause: You cannot dynamax
|clearpoke
|poke|p1|Hawlucha, F|
|poke|p1|Liepard, M|
|poke|p1|Rillaboom, M|
|poke|p1|Buzzwole|
|poke|p1|Blissey, F|
|poke|p1|Corviknight, M|
|poke|p2|Mamoswine, M|
|poke|p2|Landorus-Therian, M|
|poke|p2|Rotom-Heat|
|poke|p2|Nihilego|
|poke|p2|Melmetal|
|poke|p2|Swampert, M|
|teampreview
|inactive|Battle timer is ON: inactive players will automatically lose when time's up. (requested by Js1000)
|
|t:|1641827900
|start
|switch|p1a: Blissey|Blissey, F|100/100
|switch|p2a: Nihilego|Nihilego, shiny|100/100
|turn|1
|
|t:|1641827910
|move|p2a: Nihilego|Psyshock|p1a: Blissey
|-damage|p1a: Blissey|76/100
|move|p1a: Blissey|Stealth Rock|p2a: Nihilego
|-sidestart|p2: Karied|move: Stealth Rock
|
|upkeep
|turn|2
|
|t:|1641827924
|move|p2a: Nihilego|Sludge Bomb|p1a: Blissey
|-damage|p1a: Blissey|58/100
|move|p1a: Blissey|Teleport|p1a: Blissey
|
|t:|1641827939
|switch|p1a: Liepard|Liepard, M|100/100|[from]move: Teleport
|
|upkeep
|turn|3
|inactive|Karied has 120 seconds left.
|
|t:|1641827983
|move|p2a: Nihilego|Sludge Bomb|p1a: Liepard
|-damage|p1a: Liepard|2/100
|move|p1a: Liepard|Nasty Plot|p1a: Liepard
|-boost|p1a: Liepard|spa|2
|
|upkeep
|turn|4
|
|t:|1641828009
|switch|p1a: Blissey|Blissey, F|58/100
|move|p2a: Nihilego|Sludge Bomb|p1a: Blissey
|-damage|p1a: Blissey|40/100
|-status|p1a: Blissey|psn
|
|-damage|p1a: Blissey|28/100 psn|[from] psn
|upkeep
|turn|5
|inactive|Karied has 120 seconds left.
|
|t:|1641828024
|move|p2a: Nihilego|Psyshock|p1a: Blissey
|-damage|p1a: Blissey|4/100 psn
|move|p1a: Blissey|Soft-Boiled|p1a: Blissey
|-heal|p1a: Blissey|54/100 psn
|
|-damage|p1a: Blissey|42/100 psn|[from] psn
|upkeep
|turn|6
|inactive|Karied has 120 seconds left.
|
|t:|1641828032
|-curestatus|p1a: Blissey|psn|[from] ability: Natural Cure
|switch|p1a: Corviknight|Corviknight, M|100/100
|-ability|p1a: Corviknight|Pressure
|move|p2a: Nihilego|Psyshock|p1a: Corviknight
|-resisted|p1a: Corviknight
|-damage|p1a: Corviknight|91/100
|
|-heal|p1a: Corviknight|98/100|[from] item: Leftovers
|upkeep
|turn|7
|inactive|Karied has 120 seconds left.
|
|t:|1641828054
|move|p2a: Nihilego|Thunderbolt|p1a: Corviknight
|-supereffective|p1a: Corviknight
|-damage|p1a: Corviknight|47/100
|move|p1a: Corviknight|U-turn|p2a: Nihilego
|-resisted|p2a: Nihilego
|-damage|p2a: Nihilego|89/100
|
|t:|1641828056
|switch|p1a: Rillaboom|Rillaboom, M|100/100|[from]move: U-turn
|-fieldstart|move: Grassy Terrain|[from] ability: Grassy Surge|[of] p1a: Rillaboom
|
|-heal|p2a: Nihilego|95/100|[from] Grassy Terrain
|upkeep
|turn|8
|inactive|Karied has 120 seconds left.
|
|t:|1641828077
|switch|p2a: Landorus|Landorus-Therian, M|100/100
|-damage|p2a: Landorus|88/100|[from] Stealth Rock
|-ability|p2a: Landorus|Intimidate|boost
|-unboost|p1a: Rillaboom|atk|1
|move|p1a: Rillaboom|Wood Hammer|p2a: Landorus
|-damage|p2a: Landorus|0 fnt
|faint|p2a: Landorus
|-damage|p1a: Rillaboom|74/100|[from] Recoil
|
|-heal|p1a: Rillaboom|80/100|[from] Grassy Terrain
|upkeep
|
|t:|1641828098
|switch|p2a: Melmetal|Melmetal|100/100
|-damage|p2a: Melmetal|94/100|[from] Stealth Rock
|turn|9
|
|t:|1641828103
|switch|p1a: Buzzwole|Buzzwole|100/100
|move|p2a: Melmetal|Double Iron Bash|p1a: Buzzwole
|-damage|p1a: Buzzwole|79/100
|-damage|p2a: Melmetal|78/100|[from] item: Rocky Helmet|[of] p1a: Buzzwole
|-damage|p1a: Buzzwole|58/100
|-damage|p2a: Melmetal|61/100|[from] item: Rocky Helmet|[of] p1a: Buzzwole
|-hitcount|p1a: Buzzwole|2
|
|-heal|p1a: Buzzwole|64/100|[from] Grassy Terrain
|-heal|p2a: Melmetal|67/100|[from] Grassy Terrain
|-heal|p2a: Melmetal|73/100|[from] item: Leftovers
|upkeep
|turn|10
|inactive|Karied has 90 seconds left.
|
|t:|1641828125
|switch|p2a: Swampert|Swampert, M|100/100
|-damage|p2a: Swampert|94/100|[from] Stealth Rock
|move|p1a: Buzzwole|Roost|p1a: Buzzwole
|-heal|p1a: Buzzwole|100/100
|-singleturn|p1a: Buzzwole|move: Roost
|
|-heal|p2a: Swampert|100/100|[from] Grassy Terrain
|upkeep
|turn|11
|inactive|Karied has 90 seconds left.
|
|t:|1641828138
|move|p1a: Buzzwole|Toxic|p2a: Swampert
|-status|p2a: Swampert|tox
|move|p2a: Swampert|Scald|p1a: Buzzwole
|-damage|p1a: Buzzwole|54/100
|
|-heal|p1a: Buzzwole|61/100|[from] Grassy Terrain
|-damage|p2a: Swampert|94/100 tox|[from] psn
|-fieldend|move: Grassy Terrain
|upkeep
|turn|12
|inactive|Karied has 90 seconds left.
|
|t:|1641828148
|switch|p1a: Blissey|Blissey, F|42/100
|move|p2a: Swampert|Ice Beam|p1a: Blissey
|-damage|p1a: Blissey|32/100
|
|-heal|p2a: Swampert|100/100 tox|[from] item: Leftovers
|-damage|p2a: Swampert|88/100 tox|[from] psn
|upkeep
|turn|13
|
|t:|1641828157
|move|p1a: Blissey|Soft-Boiled|p1a: Blissey
|-heal|p1a: Blissey|82/100
|move|p2a: Swampert|Scald|p1a: Blissey
|-damage|p1a: Blissey|69/100
|-status|p1a: Blissey|brn
|
|-heal|p2a: Swampert|94/100 tox|[from] item: Leftovers
|-damage|p2a: Swampert|76/100 tox|[from] psn
|-damage|p1a: Blissey|63/100 brn|[from] brn
|upkeep
|turn|14
|
|t:|1641828175
|move|p1a: Blissey|Soft-Boiled|p1a: Blissey
|-heal|p1a: Blissey|100/100 brn
|move|p2a: Swampert|Flip Turn|p1a: Blissey
|-damage|p1a: Blissey|79/100 brn
|
|t:|1641828183
|switch|p2a: Mamoswine|Mamoswine, M|100/100|[from]move: Flip Turn
|-damage|p2a: Mamoswine|88/100|[from] Stealth Rock
|
|-damage|p1a: Blissey|73/100 brn|[from] brn
|upkeep
|turn|15
|
|t:|1641828194
|-curestatus|p1a: Blissey|brn|[from] ability: Natural Cure
|switch|p1a: Corviknight|Corviknight, M|47/100
|-ability|p1a: Corviknight|Pressure
|move|p2a: Mamoswine|Curse|p2a: Mamoswine
|-unboost|p2a: Mamoswine|spe|1
|-boost|p2a: Mamoswine|atk|1
|-boost|p2a: Mamoswine|def|1
|
|-heal|p1a: Corviknight|53/100|[from] item: Leftovers
|upkeep
|turn|16
|inactive|Karied has 90 seconds left.
|
|t:|1641828213
|switch|p2a: Rotom|Rotom-Heat|100/100
|move|p1a: Corviknight|Body Press|p2a: Rotom
|-damage|p2a: Rotom|70/100
|
|-heal|p1a: Corviknight|59/100|[from] item: Leftovers
|upkeep
|turn|17
|
|t:|1641828222
|switch|p1a: Blissey|Blissey, F|73/100
|move|p2a: Rotom|Will-O-Wisp|p1a: Blissey
|-status|p1a: Blissey|brn
|
|-damage|p1a: Blissey|67/100 brn|[from] brn
|upkeep
|turn|18
|
|t:|1641828234
|move|p2a: Rotom|Volt Switch|p1a: Blissey
|-damage|p1a: Blissey|54/100 brn
|
|t:|1641828241
|switch|p2a: Nihilego|Nihilego, shiny|95/100|[from]move: Volt Switch
|-damage|p2a: Nihilego|83/100|[from] Stealth Rock
|move|p1a: Blissey|Teleport|p1a: Blissey
|
|t:|1641828256
|-curestatus|p1a: Blissey|brn|[from] ability: Natural Cure
|switch|p1a: Rillaboom|Rillaboom, M|80/100|[from]move: Teleport
|-fieldstart|move: Grassy Terrain|[from] ability: Grassy Surge|[of] p1a: Rillaboom
|
|-heal|p2a: Nihilego|89/100|[from] Grassy Terrain
|-heal|p1a: Rillaboom|86/100|[from] Grassy Terrain
|upkeep
|turn|19
|
|t:|1641828266
|move|p1a: Rillaboom|Grassy Glide|p2a: Nihilego
|-damage|p2a: Nihilego|0 fnt
|faint|p2a: Nihilego
|
|-heal|p1a: Rillaboom|92/100|[from] Grassy Terrain
|upkeep
|
|t:|1641828276
|switch|p2a: Melmetal|Melmetal|73/100
|-damage|p2a: Melmetal|67/100|[from] Stealth Rock
|turn|20
|
|t:|1641828286
|switch|p1a: Corviknight|Corviknight, M|59/100
|-ability|p1a: Corviknight|Pressure
|move|p2a: Melmetal|Double Iron Bash|p1a: Corviknight
|-resisted|p1a: Corviknight
|-damage|p1a: Corviknight|46/100
|-resisted|p1a: Corviknight
|-damage|p1a: Corviknight|32/100
|-hitcount|p1a: Corviknight|2
|
|-heal|p1a: Corviknight|38/100|[from] item: Leftovers
|-heal|p2a: Melmetal|73/100|[from] Grassy Terrain
|-heal|p2a: Melmetal|79/100|[from] item: Leftovers
|upkeep
|turn|21
|
|t:|1641828298
|move|p1a: Corviknight|Roost|p1a: Corviknight
|-heal|p1a: Corviknight|88/100
|-singleturn|p1a: Corviknight|move: Roost
|move|p2a: Melmetal|Thunder Punch|p1a: Corviknight
|-damage|p1a: Corviknight|63/100
|
|-heal|p1a: Corviknight|69/100|[from] Grassy Terrain
|-heal|p1a: Corviknight|75/100|[from] item: Leftovers
|-heal|p2a: Melmetal|86/100|[from] Grassy Terrain
|-heal|p2a: Melmetal|92/100|[from] item: Leftovers
|upkeep
|turn|22
|
|t:|1641828312
|switch|p1a: Liepard|Liepard, M|2/100
|move|p2a: Melmetal|Thunder Punch|p1a: Liepard
|-damage|p1a: Liepard|0 fnt
|faint|p1a: Liepard
|
|-heal|p2a: Melmetal|98/100|[from] Grassy Terrain
|-heal|p2a: Melmetal|100/100|[from] item: Leftovers
|-fieldend|move: Grassy Terrain
|upkeep
|
|t:|1641828321
|switch|p1a: Buzzwole|Buzzwole|61/100
|turn|23
|
|t:|1641828324
|move|p1a: Buzzwole|Roost|p1a: Buzzwole
|-heal|p1a: Buzzwole|100/100
|-singleturn|p1a: Buzzwole|move: Roost
|move|p2a: Melmetal|Double Iron Bash|p1a: Buzzwole
|-damage|p1a: Buzzwole|77/100
|-damage|p2a: Melmetal|84/100|[from] item: Rocky Helmet|[of] p1a: Buzzwole
|-damage|p1a: Buzzwole|56/100
|-damage|p2a: Melmetal|67/100|[from] item: Rocky Helmet|[of] p1a: Buzzwole
|-hitcount|p1a: Buzzwole|2
|
|-heal|p2a: Melmetal|73/100|[from] item: Leftovers
|upkeep
|turn|24
|inactive|Karied has 120 seconds left.
|
|t:|1641828343
|move|p1a: Buzzwole|Roost|p1a: Buzzwole
|-heal|p1a: Buzzwole|100/100
|-singleturn|p1a: Buzzwole|move: Roost
|move|p2a: Melmetal|Ice Punch|p1a: Buzzwole
|-damage|p1a: Buzzwole|82/100
|-damage|p2a: Melmetal|57/100|[from] item: Rocky Helmet|[of] p1a: Buzzwole
|
|-heal|p2a: Melmetal|63/100|[from] item: Leftovers
|upkeep
|turn|25
|inactive|Karied has 120 seconds left.
|
|t:|1641828363
|switch|p2a: Swampert|Swampert, M|76/100 tox
|-damage|p2a: Swampert|70/100 tox|[from] Stealth Rock
|move|p1a: Buzzwole|Drain Punch|p2a: Swampert
|-damage|p2a: Swampert|38/100 tox
|-heal|p1a: Buzzwole|97/100|[from] drain|[of] p2a: Swampert
|
|-heal|p2a: Swampert|44/100 tox|[from] item: Leftovers
|-damage|p2a: Swampert|38/100 tox|[from] psn
|upkeep
|turn|26
|inactive|Karied has 120 seconds left.
|
|t:|1641828376
|switch|p1a: Corviknight|Corviknight, M|75/100
|-ability|p1a: Corviknight|Pressure
|move|p2a: Swampert|Scald|p1a: Corviknight
|-damage|p1a: Corviknight|44/100
|-status|p1a: Corviknight|brn
|
|-heal|p1a: Corviknight|50/100 brn|[from] item: Leftovers
|-heal|p2a: Swampert|44/100 tox|[from] item: Leftovers
|-damage|p2a: Swampert|32/100 tox|[from] psn
|-damage|p1a: Corviknight|44/100 brn|[from] brn
|upkeep
|turn|27
|inactive|Karied has 120 seconds left.
|
|t:|1641828389
|move|p1a: Corviknight|Roost|p1a: Corviknight
|-heal|p1a: Corviknight|94/100 brn
|-singleturn|p1a: Corviknight|move: Roost
|move|p2a: Swampert|Scald|p1a: Corviknight
|-damage|p1a: Corviknight|52/100 brn
|
|-heal|p1a: Corviknight|58/100 brn|[from] item: Leftovers
|-heal|p2a: Swampert|38/100 tox|[from] item: Leftovers
|-damage|p2a: Swampert|20/100 tox|[from] psn
|-damage|p1a: Corviknight|52/100 brn|[from] brn
|upkeep
|turn|28
|inactive|Karied has 120 seconds left.
|
|t:|1641828402
|move|p1a: Corviknight|Roost|p1a: Corviknight
|-heal|p1a: Corviknight|100/100 brn
|-singleturn|p1a: Corviknight|move: Roost
|move|p2a: Swampert|Earth Power|p1a: Corviknight
|-supereffective|p1a: Corviknight
|-damage|p1a: Corviknight|30/100 brn
|
|-heal|p1a: Corviknight|36/100 brn|[from] item: Leftovers
|-heal|p2a: Swampert|26/100 tox|[from] item: Leftovers
|-damage|p2a: Swampert|1/100 tox|[from] psn
|-damage|p1a: Corviknight|30/100 brn|[from] brn
|upkeep
|turn|29
|inactive|Karied has 120 seconds left.
|
|t:|1641828416
|move|p1a: Corviknight|Body Press|p2a: Swampert
|-damage|p2a: Swampert|0 fnt
|faint|p2a: Swampert
|
|-heal|p1a: Corviknight|36/100 brn|[from] item: Leftovers
|-damage|p1a: Corviknight|30/100 brn|[from] brn
|upkeep
|inactive|Karied has 120 seconds left.
|
|t:|1641828424
|switch|p2a: Rotom|Rotom-Heat|70/100
|turn|30
|
|t:|1641828430
|move|p2a: Rotom|Volt Switch|p1a: Corviknight
|-supereffective|p1a: Corviknight
|-damage|p1a: Corviknight|0 fnt
|faint|p1a: Corviknight
|inactive|Karied has 120 seconds left.
|
|t:|1641828441
|switch|p2a: Mamoswine|Mamoswine, M|88/100|[from]move: Volt Switch
|-damage|p2a: Mamoswine|75/100|[from] Stealth Rock
|
|upkeep
|
|t:|1641828452
|switch|p1a: Rillaboom|Rillaboom, M|92/100
|-fieldstart|move: Grassy Terrain|[from] ability: Grassy Surge|[of] p1a: Rillaboom
|turn|31
|
|t:|1641828465
|switch|p2a: Melmetal|Melmetal|63/100
|-damage|p2a: Melmetal|57/100|[from] Stealth Rock
|move|p1a: Rillaboom|Wood Hammer|p2a: Melmetal
|-resisted|p2a: Melmetal
|-damage|p2a: Melmetal|21/100
|-damage|p1a: Rillaboom|76/100|[from] Recoil
|
|-heal|p1a: Rillaboom|82/100|[from] Grassy Terrain
|-heal|p2a: Melmetal|27/100|[from] Grassy Terrain
|-heal|p2a: Melmetal|33/100|[from] item: Leftovers
|upkeep
|turn|32
|
|t:|1641828480
|move|p1a: Rillaboom|Wood Hammer|p2a: Melmetal
|-resisted|p2a: Melmetal
|-damage|p2a: Melmetal|0 fnt
|faint|p2a: Melmetal
|-damage|p1a: Rillaboom|67/100|[from] Recoil
|
|-heal|p1a: Rillaboom|73/100|[from] Grassy Terrain
|upkeep
|inactive|Karied has 120 seconds left.
|
|t:|1641828490
|switch|p2a: Rotom|Rotom-Heat|70/100
|turn|33
|
|t:|1641828494
|move|p2a: Rotom|Will-O-Wisp|p1a: Rillaboom
|-status|p1a: Rillaboom|brn
|move|p1a: Rillaboom|Wood Hammer|p2a: Rotom
|-resisted|p2a: Rotom
|-damage|p2a: Rotom|27/100
|-damage|p1a: Rillaboom|63/100 brn|[from] Recoil
|
|-heal|p1a: Rillaboom|69/100 brn|[from] Grassy Terrain
|-damage|p1a: Rillaboom|63/100 brn|[from] brn
|upkeep
|turn|34
|
|t:|1641828505
|move|p2a: Rotom|Pain Split|p1a: Rillaboom
|-sethp|p1a: Rillaboom|41/100 brn|[from] move: Pain Split|[silent]
|-sethp|p2a: Rotom|58/100|[from] move: Pain Split
|move|p1a: Rillaboom|Wood Hammer|p2a: Rotom
|-resisted|p2a: Rotom
|-damage|p2a: Rotom|13/100
|-damage|p1a: Rillaboom|30/100 brn|[from] Recoil
|
|-heal|p1a: Rillaboom|37/100 brn|[from] Grassy Terrain
|-damage|p1a: Rillaboom|30/100 brn|[from] brn
|upkeep
|turn|35
|
|t:|1641828518
|switch|p1a: Blissey|Blissey, F|54/100
|move|p2a: Rotom|Overheat|p1a: Blissey
|-damage|p1a: Blissey|32/100
|-unboost|p2a: Rotom|spa|2
|
|-heal|p1a: Blissey|38/100|[from] Grassy Terrain
|-fieldend|move: Grassy Terrain
|upkeep
|turn|36
|
|t:|1641828530
|move|p2a: Rotom|Pain Split|p1a: Blissey
|-sethp|p1a: Blissey|21/100|[from] move: Pain Split|[silent]
|-sethp|p2a: Rotom|62/100|[from] move: Pain Split
|move|p1a: Blissey|Soft-Boiled|p1a: Blissey
|-heal|p1a: Blissey|71/100
|
|upkeep
|turn|37
|
|t:|1641828536
|switch|p1a: Rillaboom|Rillaboom, M|30/100 brn
|-fieldstart|move: Grassy Terrain|[from] ability: Grassy Surge|[of] p1a: Rillaboom
|move|p2a: Rotom|Pain Split|p1a: Rillaboom
|-sethp|p1a: Rillaboom|37/100 brn|[from] move: Pain Split|[silent]
|-sethp|p2a: Rotom|52/100|[from] move: Pain Split
|
|-heal|p1a: Rillaboom|43/100 brn|[from] Grassy Terrain
|-damage|p1a: Rillaboom|37/100 brn|[from] brn
|upkeep
|turn|38
|
|t:|1641828546
|move|p2a: Rotom|Overheat|p1a: Rillaboom
|-supereffective|p1a: Rillaboom
|-damage|p1a: Rillaboom|0 fnt
|-unboost|p2a: Rotom|spa|2
|faint|p1a: Rillaboom
|
|upkeep
|
|t:|1641828549
|switch|p1a: Hawlucha|Hawlucha, F|100/100
|-enditem|p1a: Hawlucha|Grassy Seed
|-boost|p1a: Hawlucha|def|1|[from] item: Grassy Seed
|turn|39
|
|t:|1641828556
|move|p1a: Hawlucha|Bulk Up|p1a: Hawlucha
|-boost|p1a: Hawlucha|atk|1
|-boost|p1a: Hawlucha|def|1
|move|p2a: Rotom|Volt Switch|p1a: Hawlucha
|-supereffective|p1a: Hawlucha
|-damage|p1a: Hawlucha|66/100
|
|t:|1641828563
|switch|p2a: Mamoswine|Mamoswine, M|75/100|[from]move: Volt Switch
|-damage|p2a: Mamoswine|63/100|[from] Stealth Rock
|
|-heal|p2a: Mamoswine|69/100|[from] Grassy Terrain
|upkeep
|turn|40
|
|t:|1641828572
|move|p2a: Mamoswine|Ice Shard|p1a: Hawlucha
|-supereffective|p1a: Hawlucha
|-damage|p1a: Hawlucha|16/100
|move|p1a: Hawlucha|Close Combat|p2a: Mamoswine
|-supereffective|p2a: Mamoswine
|-damage|p2a: Mamoswine|0 fnt
|-unboost|p1a: Hawlucha|def|1
|-unboost|p1a: Hawlucha|spd|1
|faint|p2a: Mamoswine
|
|upkeep
|
|t:|1641828582
|switch|p2a: Rotom|Rotom-Heat|52/100
|turn|41
|
|t:|1641828587
|move|p1a: Hawlucha|Acrobatics|p2a: Rotom
|-resisted|p2a: Rotom
|-damage|p2a: Rotom|5/100
|move|p2a: Rotom|Volt Switch|p1a: Hawlucha
|-supereffective|p1a: Hawlucha
|-damage|p1a: Hawlucha|0 fnt
|faint|p1a: Hawlucha
|
|-fieldend|move: Grassy Terrain
|upkeep
|
|t:|1641828596
|switch|p1a: Blissey|Blissey, F|71/100
|turn|42
|
|t:|1641828601
|move|p2a: Rotom|Pain Split|p1a: Blissey
|-sethp|p1a: Blissey|37/100|[from] move: Pain Split|[silent]
|-sethp|p2a: Rotom|100/100|[from] move: Pain Split
|move|p1a: Blissey|Toxic|p2a: Rotom
|-status|p2a: Rotom|tox
|
|-damage|p2a: Rotom|94/100 tox|[from] psn
|upkeep
|turn|43
|
|t:|1641828609
|move|p2a: Rotom|Will-O-Wisp|p1a: Blissey
|-status|p1a: Blissey|brn
|move|p1a: Blissey|Soft-Boiled|p1a: Blissey
|-heal|p1a: Blissey|87/100 brn
|
|-damage|p2a: Rotom|82/100 tox|[from] psn
|-damage|p1a: Blissey|80/100 brn|[from] brn
|upkeep
|turn|44
|
|t:|1641828616
|move|p2a: Rotom|Volt Switch|p1a: Blissey
|-damage|p1a: Blissey|68/100 brn
|move|p1a: Blissey|Soft-Boiled|p1a: Blissey
|-heal|p1a: Blissey|100/100 brn
|
|-damage|p2a: Rotom|63/100 tox|[from] psn
|-damage|p1a: Blissey|94/100 brn|[from] brn
|upkeep
|turn|45
|
|t:|1641828625
|move|p2a: Rotom|Volt Switch|p1a: Blissey
|-damage|p1a: Blissey|83/100 brn
|move|p1a: Blissey|Soft-Boiled|p1a: Blissey
|-heal|p1a: Blissey|100/100 brn
|
|-damage|p2a: Rotom|38/100 tox|[from] psn
|-damage|p1a: Blissey|94/100 brn|[from] brn
|upkeep
|turn|46
|
|t:|1641828633
|move|p2a: Rotom|Pain Split|p1a: Blissey
|-sethp|p1a: Blissey|54/100 brn|[from] move: Pain Split|[silent]
|-sethp|p2a: Rotom|100/100 tox|[from] move: Pain Split
|move|p1a: Blissey|Soft-Boiled|p1a: Blissey
|-heal|p1a: Blissey|100/100 brn
|
|-damage|p2a: Rotom|69/100 tox|[from] psn
|-damage|p1a: Blissey|94/100 brn|[from] brn
|upkeep
|turn|47
|
|t:|1641828644
|move|p2a: Rotom|Volt Switch|p1a: Blissey
|-damage|p1a: Blissey|82/100 brn
|move|p1a: Blissey|Soft-Boiled|p1a: Blissey
|-heal|p1a: Blissey|100/100 brn
|
|-damage|p2a: Rotom|32/100 tox|[from] psn
|-damage|p1a: Blissey|94/100 brn|[from] brn
|upkeep
|turn|48
|
|t:|1641828656
|move|p2a: Rotom|Pain Split|p1a: Blissey
|-sethp|p1a: Blissey|53/100 brn|[from] move: Pain Split|[silent]
|-sethp|p2a: Rotom|100/100 tox|[from] move: Pain Split
|move|p1a: Blissey|Soft-Boiled|p1a: Blissey
|-heal|p1a: Blissey|100/100 brn
|
|-damage|p2a: Rotom|57/100 tox|[from] psn
|-damage|p1a: Blissey|94/100 brn|[from] brn
|upkeep
|turn|49
|
|t:|1641828668
|move|p2a: Rotom|Pain Split|p1a: Blissey
|-sethp|p1a: Blissey|57/100 brn|[from] move: Pain Split|[silent]
|-sethp|p2a: Rotom|100/100 tox|[from] move: Pain Split
|move|p1a: Blissey|Soft-Boiled|p1a: Blissey
|-heal|p1a: Blissey|100/100 brn
|
|-damage|p2a: Rotom|51/100 tox|[from] psn
|-damage|p1a: Blissey|94/100 brn|[from] brn
|upkeep
|turn|50
|
|t:|1641828681
|move|p2a: Rotom|Pain Split|p1a: Blissey
|-sethp|p1a: Blissey|56/100 brn|[from] move: Pain Split|[silent]
|-sethp|p2a: Rotom|100/100 tox|[from] move: Pain Split
|move|p1a: Blissey|Soft-Boiled|p1a: Blissey
|-heal|p1a: Blissey|100/100 brn
|
|-damage|p2a: Rotom|44/100 tox|[from] psn
|-damage|p1a: Blissey|94/100 brn|[from] brn
|upkeep
|turn|51
|
|t:|1641828695
|move|p2a: Rotom|Pain Split|p1a: Blissey
|-sethp|p1a: Blissey|55/100 brn|[from] move: Pain Split|[silent]
|-sethp|p2a: Rotom|100/100 tox|[from] move: Pain Split
|move|p1a: Blissey|Soft-Boiled|p1a: Blissey
|-heal|p1a: Blissey|100/100 brn
|
|-damage|p2a: Rotom|38/100 tox|[from] psn
|-damage|p1a: Blissey|94/100 brn|[from] brn
|upkeep
|turn|52
|
|t:|1641828709
|move|p2a: Rotom|Pain Split|p1a: Blissey
|-sethp|p1a: Blissey|54/100 brn|[from] move: Pain Split|[silent]
|-sethp|p2a: Rotom|100/100 tox|[from] move: Pain Split
|move|p1a: Blissey|Soft-Boiled|p1a: Blissey
|-heal|p1a: Blissey|100/100 brn
|
|-damage|p2a: Rotom|32/100 tox|[from] psn
|-damage|p1a: Blissey|94/100 brn|[from] brn
|upkeep
|turn|53
|c|☆Karied|please don't switch or hurt i want to know and die by toxic
|inactive|Karied has 120 seconds left.
|
|t:|1641828740
|move|p2a: Rotom|Pain Split|p1a: Blissey
|-sethp|p1a: Blissey|53/100 brn|[from] move: Pain Split|[silent]
|-sethp|p2a: Rotom|100/100 tox|[from] move: Pain Split
|move|p1a: Blissey|Soft-Boiled|p1a: Blissey
|-heal|p1a: Blissey|100/100 brn
|
|-damage|p2a: Rotom|26/100 tox|[from] psn
|-damage|p1a: Blissey|94/100 brn|[from] brn
|upkeep
|turn|54
|inactive|Karied has 120 seconds left.
|
|t:|1641828752
|move|p2a: Rotom|Pain Split|p1a: Blissey
|-sethp|p1a: Blissey|52/100 brn|[from] move: Pain Split|[silent]
|-sethp|p2a: Rotom|100/100 tox|[from] move: Pain Split
|move|p1a: Blissey|Soft-Boiled|p1a: Blissey
|-heal|p1a: Blissey|100/100 brn
|
|-damage|p2a: Rotom|20/100 tox|[from] psn
|-damage|p1a: Blissey|94/100 brn|[from] brn
|upkeep
|turn|55
|inactive|Karied has 120 seconds left.
|
|t:|1641828765
|move|p2a: Rotom|Pain Split|p1a: Blissey
|-sethp|p1a: Blissey|51/100 brn|[from] move: Pain Split|[silent]
|-sethp|p2a: Rotom|100/100 tox|[from] move: Pain Split
|move|p1a: Blissey|Teleport|p1a: Blissey
|
|t:|1641828770
|-curestatus|p1a: Blissey|brn|[from] ability: Natural Cure
|switch|p1a: Buzzwole|Buzzwole|97/100|[from]move: Teleport
|
|-damage|p2a: Rotom|13/100 tox|[from] psn
|upkeep
|turn|56
|c|☆Karied|almost 100%
|c|☆Karied|you have roost ?
|inactive|Karied has 120 seconds left.
|
|t:|1641828792
|move|p2a: Rotom|Pain Split|p1a: Buzzwole
|-sethp|p1a: Buzzwole|52/100|[from] move: Pain Split|[silent]
|-sethp|p2a: Rotom|91/100 tox|[from] move: Pain Split
|move|p1a: Buzzwole|Drain Punch|p2a: Rotom
|-damage|p2a: Rotom|47/100 tox
|-heal|p1a: Buzzwole|65/100|[from] drain|[of] p2a: Rotom
|
|-damage|p2a: Rotom|0 fnt|[from] psn
|faint|p2a: Rotom
|
|win|Js1000
|upkeep
|raw|Js1000's rating: 1373 &rarr; <strong>1393</strong><br />(+20 for winning)
|raw|Karied's rating: 1378 &rarr; <strong>1358</strong><br />(-20 for losing)
|c|☆Karied|nooooo
|c|☆Karied|dude
|c|☆Karied|:'(
|c|☆Karied|gg
|l|☆Karied
||Ladder isn't responding, score probably updated but might not have (Request timeout).
