|j|☆Seven heartz
|j|☆greystaple
|t:|1641849570
|gametype|singles
|player|p1|Seven heartz|shadowtriad|1569
|player|p2|greystaple|hilbert-wonderlauncher|1619
|teamsize|p1|6
|teamsize|p2|6
|gen|8
|tier|[Gen 8] OU
|rated|
|rule|Sleep Clause Mod: Limit one foe put to sleep
|rule|Species Clause: Limit one of each Pokémon
|rule|OHKO Clause: OHKO moves are banned
|rule|Evasion Moves Clause: Evasion moves are banned
|rule|Endless Battle Clause: Forcing endless battles is banned
|rule|HP Percentage Mod: HP is shown in percentages
|rule|Dynamax Clause: You cannot dynamax
|clearpoke
|poke|p1|Pelipper, M|
|poke|p1|Ferrothorn, F|
|poke|p1|Barraskewda, F|
|poke|p1|Azumarill, M|
|poke|p1|Kingdra, M|
|poke|p1|Urshifu-*, M|
|poke|p2|Garchomp, F|
|poke|p2|Melmetal|
|poke|p2|Tapu Lele|
|poke|p2|Tornadus-Therian, M|
|poke|p2|Ferrothorn, F|
|poke|p2|Rotom-Wash|
|teampreview
|
|t:|1641849579
|start
|switch|p1a: Pelipper|Pelipper, M|100/100
|switch|p2a: Tornadus|Tornadus-Therian, M|100/100
|-weather|RainDance|[from] ability: Drizzle|[of] p1a: Pelipper
|turn|1
|
|t:|1641849585
|switch|p1a: Ferrothorn|Ferrothorn, F|100/100
|move|p2a: Tornadus|Knock Off|p1a: Ferrothorn
|-damage|p1a: Ferrothorn|85/100
|-damage|p2a: Tornadus|88/100|[from] ability: Iron Barbs|[of] p1a: Ferrothorn
|-enditem|p1a: Ferrothorn|Leftovers|[from] move: Knock Off|[of] p2a: Tornadus
|
|-weather|RainDance|[upkeep]
|upkeep
|turn|2
|
|t:|1641849593
|move|p2a: Tornadus|Hurricane|p1a: Ferrothorn
|-damage|p1a: Ferrothorn|59/100
|move|p1a: Ferrothorn|Spikes|p2a: Tornadus
|-sidestart|p2: greystaple|Spikes
|
|-weather|RainDance|[upkeep]
|upkeep
|turn|3
|
|t:|1641849601
|move|p2a: Tornadus|Hurricane|p1a: Ferrothorn
|-damage|p1a: Ferrothorn|31/100
|-start|p1a: Ferrothorn|confusion
|-activate|p1a: Ferrothorn|confusion
|-damage|p1a: Ferrothorn|24/100|[from] confusion
|
|-weather|RainDance|[upkeep]
|upkeep
|turn|4
|j| Driaden
|
|t:|1641849608
|move|p2a: Tornadus|Hurricane|p1a: Ferrothorn
|-damage|p1a: Ferrothorn|0 fnt
|faint|p1a: Ferrothorn
|
|-weather|RainDance|[upkeep]
|upkeep
|
|t:|1641849614
|switch|p1a: Barraskewda|Barraskewda, F|100/100
|turn|5
|l| Driaden
|inactive|Battle timer is ON: inactive players will automatically lose when time's up. (requested by Seven heartz)
|
|t:|1641849628
|switch|p2a: Ferrothorn|Ferrothorn, F|100/100
|-damage|p2a: Ferrothorn|88/100|[from] Spikes
|move|p1a: Barraskewda|Close Combat|p2a: Ferrothorn
|-supereffective|p2a: Ferrothorn
|-enditem|p2a: Ferrothorn|Chople Berry|[eat]
|-enditem|p2a: Ferrothorn|Chople Berry|[weaken]
|-damage|p2a: Ferrothorn|46/100
|-unboost|p1a: Barraskewda|def|1
|-unboost|p1a: Barraskewda|spd|1
|-damage|p1a: Barraskewda|88/100|[from] ability: Iron Barbs|[of] p2a: Ferrothorn
|
|-weather|RainDance|[upkeep]
|upkeep
|turn|6
|
|t:|1641849633
|switch|p2a: Tornadus|Tornadus-Therian, M|100/100
|move|p1a: Barraskewda|Close Combat|p2a: Tornadus
|-resisted|p2a: Tornadus
|-damage|p2a: Tornadus|68/100
|-unboost|p1a: Barraskewda|def|1
|-unboost|p1a: Barraskewda|spd|1
|
|-weather|RainDance|[upkeep]
|upkeep
|turn|7
|
|t:|1641849639
|switch|p1a: Kingdra|Kingdra, M|100/100
|move|p2a: Tornadus|Hurricane|p1a: Kingdra
|-damage|p1a: Kingdra|54/100
|
|-weather|RainDance|[upkeep]
|upkeep
|turn|8
|
|t:|1641849665
|switch|p2a: Ferrothorn|Ferrothorn, F|46/100
|-damage|p2a: Ferrothorn|34/100|[from] Spikes
|move|p1a: Kingdra|Ice Beam|p2a: Ferrothorn
|-damage|p2a: Ferrothorn|7/100
|-damage|p1a: Kingdra|44/100|[from] item: Life Orb
|
|-weather|none
|upkeep
|turn|9
|
|t:|1641849677
|move|p1a: Kingdra|Ice Beam|p2a: Ferrothorn
|-damage|p2a: Ferrothorn|0 fnt
|faint|p2a: Ferrothorn
|-damage|p1a: Kingdra|34/100|[from] item: Life Orb
|
|upkeep
|
|t:|1641849686
|switch|p2a: Tapu Lele|Tapu Lele|100/100
|-damage|p2a: Tapu Lele|88/100|[from] Spikes
|-fieldstart|move: Psychic Terrain|[from] ability: Psychic Surge|[of] p2a: Tapu Lele
|turn|10
|
|t:|1641849700
|switch|p1a: Pelipper|Pelipper, M|100/100
|-weather|RainDance|[from] ability: Drizzle|[of] p1a: Pelipper
|move|p2a: Tapu Lele|Psychic|p1a: Pelipper
|-damage|p1a: Pelipper|21/100
|
|-weather|RainDance|[upkeep]
|upkeep
|turn|11
|
|t:|1641849709
|switch|p1a: Kingdra|Kingdra, M|34/100
|move|p2a: Tapu Lele|Psychic|p1a: Kingdra
|-damage|p1a: Kingdra|0 fnt
|faint|p1a: Kingdra
|
|-weather|RainDance|[upkeep]
|upkeep
|
|t:|1641849716
|switch|p1a: Barraskewda|Barraskewda, F|88/100
|turn|12
|
|t:|1641849739
|switch|p2a: Melmetal|Melmetal|100/100
|-damage|p2a: Melmetal|88/100|[from] Spikes
|move|p1a: Barraskewda|Liquidation|p2a: Melmetal
|-damage|p2a: Melmetal|28/100
|
|-weather|RainDance|[upkeep]
|upkeep
|turn|13
|
|t:|1641849742
|move|p1a: Barraskewda|Liquidation|p2a: Melmetal
|-damage|p2a: Melmetal|0 fnt
|faint|p2a: Melmetal
|
|-weather|RainDance|[upkeep]
|upkeep
|
|t:|1641849746
|switch|p2a: Rotom|Rotom-Wash|100/100
|turn|14
|
|t:|1641849755
|move|p1a: Barraskewda|Liquidation|p2a: Rotom
|-resisted|p2a: Rotom
|-damage|p2a: Rotom|49/100
|move|p2a: Rotom|Volt Switch|p1a: Barraskewda
|-supereffective|p1a: Barraskewda
|-damage|p1a: Barraskewda|0 fnt
|faint|p1a: Barraskewda
|
|t:|1641849762
|switch|p2a: Garchomp|Garchomp, F|100/100|[from]move: Volt Switch
|-damage|p2a: Garchomp|88/100|[from] Spikes
|
|-weather|RainDance|[upkeep]
|-heal|p2a: Garchomp|94/100|[from] item: Leftovers
|-fieldend|move: Psychic Terrain
|upkeep
|
|t:|1641849767
|switch|p1a: Azumarill|Azumarill, M|100/100
|turn|15
|
|t:|1641849769
|move|p2a: Garchomp|Earthquake|p1a: Azumarill
|-damage|p1a: Azumarill|35/100
|-enditem|p1a: Azumarill|Sitrus Berry|[eat]
|-heal|p1a: Azumarill|60/100|[from] item: Sitrus Berry
|move|p1a: Azumarill|Play Rough|p2a: Garchomp
|-supereffective|p2a: Garchomp
|-damage|p2a: Garchomp|0 fnt
|-damage|p1a: Azumarill|47/100|[from] ability: Rough Skin|[of] p2a: Garchomp
|faint|p2a: Garchomp
|
|-weather|RainDance|[upkeep]
|upkeep
|
|t:|1641849775
|switch|p2a: Tapu Lele|Tapu Lele|88/100
|-damage|p2a: Tapu Lele|76/100|[from] Spikes
|-fieldstart|move: Psychic Terrain|[from] ability: Psychic Surge|[of] p2a: Tapu Lele
|turn|16
|
|t:|1641849780
|move|p2a: Tapu Lele|Psychic|p1a: Azumarill
|-damage|p1a: Azumarill|0 fnt
|faint|p1a: Azumarill
|
|-weather|RainDance|[upkeep]
|upkeep
|
|t:|1641849788
|switch|p1a: Urshifu|Urshifu-Rapid-Strike, M|100/100
|turn|17
|
|t:|1641849796
|switch|p2a: Rotom|Rotom-Wash|49/100
|move|p1a: Urshifu|Surging Strikes|p2a: Rotom
|-resisted|p2a: Rotom
|-crit|p2a: Rotom
|-damage|p2a: Rotom|31/100
|-resisted|p2a: Rotom
|-crit|p2a: Rotom
|-damage|p2a: Rotom|13/100
|-resisted|p2a: Rotom
|-crit|p2a: Rotom
|-damage|p2a: Rotom|0 fnt
|faint|p2a: Rotom
|-hitcount|p2: Rotom|3
|
|-weather|none
|upkeep
|
|t:|1641849799
|switch|p2a: Tornadus|Tornadus-Therian, M|100/100
|turn|18
|
|t:|1641849808
|switch|p1a: Pelipper|Pelipper, M|21/100
|-weather|RainDance|[from] ability: Drizzle|[of] p1a: Pelipper
|move|p2a: Tornadus|Hurricane|p1a: Pelipper
|-damage|p1a: Pelipper|0 fnt
|faint|p1a: Pelipper
|
|-weather|RainDance|[upkeep]
|upkeep
|
|t:|1641849811
|switch|p1a: Urshifu|Urshifu-Rapid-Strike, M|100/100
|turn|19
|
|t:|1641849817
|move|p2a: Tornadus|Hurricane|p1a: Urshifu
|-supereffective|p1a: Urshifu
|-damage|p1a: Urshifu|0 fnt
|faint|p1a: Urshifu
|
|win|greystaple
|raw|Seven heartz's rating: 1569 &rarr; <strong>1552</strong><br />(-17 for losing)
|raw|greystaple's rating: 1619 &rarr; <strong>1636</strong><br />(+17 for winning)
|c|☆greystaple|gg
|l|☆Seven heartz
||Ladder isn't responding, score probably updated but might not have (Request timeout).
