|j|☆gen5pog
|j|☆Good bake sale
|t:|1641744498
|gametype|singles
|player|p1|gen5pog|grimsley|1104
|player|p2|Good bake sale|169|1152
|teamsize|p1|6
|teamsize|p2|6
|gen|8
|tier|[Gen 8] OU
|rated|
|rule|Sleep Clause Mod: Limit one foe put to sleep
|rule|Species Clause: Limit one of each Pokémon
|rule|OHKO Clause: OHKO moves are banned
|rule|Evasion Moves Clause: Evasion moves are banned
|rule|Endless Battle Clause: Forcing endless battles is banned
|rule|HP Percentage Mod: HP is shown in percentages
|rule|Dynamax Clause: You cannot dynamax
|clearpoke
|poke|p1|Krookodile, M|
|poke|p1|Galvantula, M|
|poke|p1|Bisharp, M|
|poke|p1|Lilligant, F|
|poke|p1|Volcarona, M|
|poke|p1|Carracosta, F|
|poke|p2|Ferrothorn, F|
|poke|p2|Landorus-Therian, M|
|poke|p2|Galvantula, F|
|poke|p2|Blacephalon|
|poke|p2|Bisharp, M|
|poke|p2|Weavile, F|
|teampreview
|inactive|Battle timer is ON: inactive players will automatically lose when time's up. (requested by Good bake sale)
|c|☆Good bake sale|Good Luck
|
|t:|1641744512
|start
|switch|p1a: Volcarona|Volcarona, M|100/100
|switch|p2a: Galvantula|Galvantula, F|100/100
|turn|1
|
|t:|1641744519
|move|p2a: Galvantula|Thunder|p1a: Volcarona
|-crit|p1a: Volcarona
|-damage|p1a: Volcarona|31/100
|-status|p1a: Volcarona|par
|cant|p1a: Volcarona|par
|
|upkeep
|turn|2
|c|☆gen5pog|bruh
|c|☆gen5pog|lmao
|
|t:|1641744538
|switch|p1a: Lilligant|Lilligant, F|100/100
|move|p2a: Galvantula|Thunder|p1a: Lilligant
|-resisted|p1a: Lilligant
|-damage|p1a: Lilligant|70/100
|-status|p1a: Lilligant|par
|
|-heal|p1a: Lilligant|76/100 par|[from] item: Leftovers
|upkeep
|turn|3
|c|☆Good bake sale|whoever wins shares their team with the loser?
|
|t:|1641744561
|move|p2a: Galvantula|Sticky Web|p1a: Lilligant
|-sidestart|p1: gen5pog|move: Sticky Web
|cant|p1a: Lilligant|par
|
|-heal|p1a: Lilligant|82/100 par|[from] item: Leftovers
|upkeep
|turn|4
|c|☆gen5pog|the paras lmao
|
|t:|1641744579
|move|p2a: Galvantula|Bug Buzz|p1a: Lilligant
|-supereffective|p1a: Lilligant
|-damage|p1a: Lilligant|0 fnt
|faint|p1a: Lilligant
|
|upkeep
|
|t:|1641744585
|switch|p1a: Carracosta|Carracosta, F|100/100
|-activate|p1a: Carracosta|move: Sticky Web
|-unboost|p1a: Carracosta|spe|1
|turn|5
|
|t:|1641744590
|move|p2a: Galvantula|Thunder|p1a: Carracosta
|-supereffective|p1a: Carracosta
|-damage|p1a: Carracosta|49/100
|move|p1a: Carracosta|Earthquake|p2a: Galvantula
|-damage|p2a: Galvantula|56/100
|
|upkeep
|turn|6
|
|t:|1641744602
|move|p2a: Galvantula|Thunder|p1a: Carracosta
|-supereffective|p1a: Carracosta
|-damage|p1a: Carracosta|0 fnt
|faint|p1a: Carracosta
|
|upkeep
|
|t:|1641744607
|switch|p1a: Bisharp|Bisharp, M|100/100
|-activate|p1a: Bisharp|move: Sticky Web
|-unboost|p1a: Bisharp|spe|1
|-ability|p1a: Bisharp|Defiant
|-boost|p1a: Bisharp|atk|2
|turn|7
|
|t:|1641744633
|switch|p2a: Bisharp|Bisharp, M|100/100
|move|p1a: Bisharp|Rock Polish|p1a: Bisharp
|-boost|p1a: Bisharp|spe|2
|
|upkeep
|turn|8
|inactive|Good bake sale has 120 seconds left.
|
|t:|1641744659
|switch|p2a: Ferrothorn|Ferrothorn, F|100/100
|move|p1a: Bisharp|Iron Head|p2a: Ferrothorn
|-resisted|p2a: Ferrothorn
|-damage|p2a: Ferrothorn|67/100
|-damage|p1a: Bisharp|88/100|[from] ability: Iron Barbs|[of] p2a: Ferrothorn
|-damage|p1a: Bisharp|71/100|[from] item: Rocky Helmet|[of] p2a: Ferrothorn
|
|upkeep
|turn|9
|
|t:|1641744672
|switch|p1a: Krookodile|Krookodile, M|100/100
|-activate|p1a: Krookodile|move: Sticky Web
|-unboost|p1a: Krookodile|spe|1
|move|p2a: Ferrothorn|Stealth Rock|p1a: Krookodile
|-sidestart|p1: gen5pog|move: Stealth Rock
|
|upkeep
|turn|10
|inactive|Good bake sale has 120 seconds left.
|
|t:|1641744686
|switch|p2a: Landorus|Landorus-Therian, M|100/100
|-ability|p2a: Landorus|Intimidate|boost
|-unboost|p1a: Krookodile|atk|1
|move|p1a: Krookodile|Earthquake|p2a: Landorus
|-immune|p2a: Landorus
|
|upkeep
|turn|11
|inactive|Good bake sale has 120 seconds left.
|
|t:|1641744701
|switch|p1a: Galvantula|Galvantula, M|100/100
|-activate|p1a: Galvantula|move: Sticky Web
|-unboost|p1a: Galvantula|spe|1
|-damage|p1a: Galvantula|76/100|[from] Stealth Rock
|move|p2a: Landorus|Swords Dance|p2a: Landorus
|-boost|p2a: Landorus|atk|2
|
|upkeep
|turn|12
|
|t:|1641744710
|move|p2a: Landorus|Earthquake|p1a: Galvantula
|-damage|p1a: Galvantula|0 fnt
|faint|p1a: Galvantula
|
|upkeep
|
|t:|1641744718
|switch|p1a: Bisharp|Bisharp, M|71/100
|-activate|p1a: Bisharp|move: Sticky Web
|-unboost|p1a: Bisharp|spe|1
|-ability|p1a: Bisharp|Defiant
|-boost|p1a: Bisharp|atk|2
|-damage|p1a: Bisharp|65/100|[from] Stealth Rock
|turn|13
|
|t:|1641744726
|move|p1a: Bisharp|Sucker Punch|p2a: Landorus
|-damage|p2a: Landorus|15/100
|move|p2a: Landorus|Earthquake|p1a: Bisharp
|-supereffective|p1a: Bisharp
|-damage|p1a: Bisharp|0 fnt
|faint|p1a: Bisharp
|
|-heal|p2a: Landorus|21/100|[from] item: Leftovers
|upkeep
|
|t:|1641744740
|switch|p1a: Krookodile|Krookodile, M|100/100
|-damage|p1a: Krookodile|94/100|[from] Stealth Rock
|-activate|p1a: Krookodile|move: Sticky Web
|-unboost|p1a: Krookodile|spe|1
|turn|14
|
|t:|1641744747
|move|p1a: Krookodile|Crunch|p2a: Landorus
|-damage|p2a: Landorus|0 fnt
|faint|p2a: Landorus
|-ability|p1a: Krookodile|Moxie|boost
|-boost|p1a: Krookodile|atk|1
|
|upkeep
|
|t:|1641744764
|switch|p2a: Weavile|Weavile, F|100/100
|-ability|p2a: Weavile|Pressure
|turn|15
|
|t:|1641744769
|switch|p1a: Volcarona|Volcarona, M|31/100 par
|-activate|p1a: Volcarona|move: Sticky Web
|-unboost|p1a: Volcarona|spe|1
|-damage|p1a: Volcarona|0 fnt|[from] Stealth Rock
|faint|p1a: Volcarona
|move|p2a: Weavile|Triple Axel|p1: Volcarona|[notarget]
|-fail|p2a: Weavile
|
|upkeep
|
|t:|1641744778
|switch|p1a: Krookodile|Krookodile, M|94/100
|-damage|p1a: Krookodile|88/100|[from] Stealth Rock
|-activate|p1a: Krookodile|move: Sticky Web
|-unboost|p1a: Krookodile|spe|1
|turn|16
|
|t:|1641744784
|move|p2a: Weavile|Triple Axel|p1a: Krookodile
|-supereffective|p1a: Krookodile
|-damage|p1a: Krookodile|44/100
|-supereffective|p1a: Krookodile
|-damage|p1a: Krookodile|0 fnt
|faint|p1a: Krookodile
|-hitcount|p1: Krookodile|2
|
|win|Good bake sale
|raw|gen5pog's rating: 1104 &rarr; <strong>1082</strong><br />(-22 for losing)
|raw|Good bake sale's rating: 1152 &rarr; <strong>1174</strong><br />(+22 for winning)
|c|☆Good bake sale|gg
|c|☆Good bake sale|https://pokepast.es/ae51d83f23a354c0
|l|☆gen5pog
