|j|☆Hatersmad
|j|☆ddrriifftt
|t:|1641870821
|gametype|singles
|player|p1|Hatersmad|170|1425
|player|p2|ddrriifftt|juggler-gen1rb|1438
|teamsize|p1|6
|teamsize|p2|6
|gen|8
|tier|[Gen 8] OU
|rated|
|rule|Sleep Clause Mod: Limit one foe put to sleep
|rule|Species Clause: Limit one of each Pokémon
|rule|OHKO Clause: OHKO moves are banned
|rule|Evasion Moves Clause: Evasion moves are banned
|rule|Endless Battle Clause: Forcing endless battles is banned
|rule|HP Percentage Mod: HP is shown in percentages
|rule|Dynamax Clause: You cannot dynamax
|clearpoke
|poke|p1|Slowking-Galar, M|
|poke|p1|Weavile, F|
|poke|p1|Magnezone|
|poke|p1|Garchomp, M|
|poke|p1|Corviknight, F|
|poke|p1|Urshifu-*, M|
|poke|p2|Tapu Lele|
|poke|p2|Rillaboom, M|
|poke|p2|Garchomp, M|
|poke|p2|Zapdos|
|poke|p2|Heatran, M|
|poke|p2|Tapu Fini|
|teampreview
|inactive|Battle timer is ON: inactive players will automatically lose when time's up. (requested by Hatersmad)
|
|t:|1641870831
|start
|switch|p1a: Garchomp|Garchomp, M, shiny|100/100
|switch|p2a: Garchomp|Garchomp, M|100/100
|turn|1
|
|t:|1641870836
|move|p2a: Garchomp|Stealth Rock|p1a: Garchomp
|-sidestart|p1: Hatersmad|move: Stealth Rock
|move|p1a: Garchomp|Toxic|p2a: Garchomp
|-status|p2a: Garchomp|tox
|
|-damage|p2a: Garchomp|94/100 tox|[from] psn
|upkeep
|turn|2
|
|t:|1641870849
|switch|p1a: Corviknight|Corviknight, F, shiny|100/100
|-damage|p1a: Corviknight|88/100|[from] Stealth Rock
|-ability|p1a: Corviknight|Pressure
|move|p2a: Garchomp|Toxic|p1a: Corviknight
|-immune|p1a: Corviknight
|
|-damage|p2a: Garchomp|82/100 tox|[from] psn
|upkeep
|turn|3
|
|t:|1641870866
|switch|p2a: Heatran|Heatran, M|100/100
|move|p1a: Corviknight|Defog|p2a: Heatran
|-unboost|p2a: Heatran|evasion|1
|-sideend|p1: Hatersmad|Stealth Rock|[from] move: Defog|[of] p1a: Corviknight
|
|upkeep
|turn|4
|
|t:|1641870874
|switch|p1a: Garchomp|Garchomp, M, shiny|100/100
|move|p2a: Heatran|Magma Storm|p1a: Garchomp
|-resisted|p1a: Garchomp
|-damage|p1a: Garchomp|77/100
|-activate|p1a: Garchomp|move: Magma Storm|[of] p2a: Heatran
|
|-heal|p1a: Garchomp|83/100|[from] item: Leftovers
|-damage|p1a: Garchomp|70/100|[from] move: Magma Storm|[partiallytrapped]
|upkeep
|turn|5
|
|t:|1641870884
|switch|p2a: Zapdos|Zapdos|100/100
|move|p1a: Garchomp|Stealth Rock|p2a: Zapdos
|-sidestart|p2: ddrriifftt|move: Stealth Rock
|
|-heal|p1a: Garchomp|77/100|[from] item: Leftovers
|-end|p1a: Garchomp|Magma Storm|[partiallytrapped]|[silent]
|upkeep
|turn|6
|
|t:|1641870891
|move|p1a: Garchomp|Protect|p1a: Garchomp
|-singleturn|p1a: Garchomp|Protect
|move|p2a: Zapdos|Defog|p1a: Garchomp
|-activate|p1a: Garchomp|move: Protect
|
|-heal|p1a: Garchomp|83/100|[from] item: Leftovers
|upkeep
|turn|7
|
|t:|1641870907
|move|p1a: Garchomp|Toxic|p2a: Zapdos
|-status|p2a: Zapdos|tox
|move|p2a: Zapdos|Hurricane|p1a: Garchomp|[miss]
|-miss|p2a: Zapdos|p1a: Garchomp
|
|-heal|p1a: Garchomp|89/100|[from] item: Leftovers
|-damage|p2a: Zapdos|94/100 tox|[from] psn
|upkeep
|turn|8
|
|t:|1641870915
|switch|p2a: Rillaboom|Rillaboom, M|100/100
|-damage|p2a: Rillaboom|88/100|[from] Stealth Rock
|-fieldstart|move: Grassy Terrain|[from] ability: Grassy Surge|[of] p2a: Rillaboom
|move|p1a: Garchomp|Protect||[still]
|-fail|p1a: Garchomp
|
|-heal|p1a: Garchomp|95/100|[from] Grassy Terrain
|-heal|p1a: Garchomp|100/100|[from] item: Leftovers
|-heal|p2a: Rillaboom|94/100|[from] Grassy Terrain
|upkeep
|turn|9
|
|t:|1641870926
|switch|p1a: Corviknight|Corviknight, F, shiny|88/100
|-ability|p1a: Corviknight|Pressure
|move|p2a: Rillaboom|U-turn|p1a: Corviknight
|-resisted|p1a: Corviknight
|-damage|p1a: Corviknight|82/100
|-damage|p2a: Rillaboom|78/100|[from] item: Rocky Helmet|[of] p1a: Corviknight
|
|t:|1641870932
|switch|p2a: Heatran|Heatran, M|100/100|[from]move: U-turn
|-damage|p2a: Heatran|88/100|[from] Stealth Rock
|
|-heal|p2a: Heatran|94/100|[from] Grassy Terrain
|-heal|p2a: Heatran|100/100|[from] item: Leftovers
|upkeep
|turn|10
|
|t:|1641870939
|switch|p1a: Garchomp|Garchomp, M, shiny|100/100
|move|p2a: Heatran|Toxic|p1a: Garchomp
|-status|p1a: Garchomp|tox
|
|-damage|p1a: Garchomp|94/100 tox|[from] psn
|upkeep
|turn|11
|
|t:|1641870949
|switch|p1a: Weavile|Weavile, F|100/100
|-ability|p1a: Weavile|Pressure
|switch|p2a: Zapdos|Zapdos|94/100 tox
|
|-damage|p2a: Zapdos|88/100 tox|[from] psn
|upkeep
|turn|12
|
|t:|1641870956
|switch|p2a: Tapu Fini|Tapu Fini|100/100
|-damage|p2a: Tapu Fini|88/100|[from] Stealth Rock
|-fieldstart|move: Misty Terrain|[from] ability: Misty Surge|[of] p2a: Tapu Fini
|move|p1a: Weavile|Knock Off|p2a: Tapu Fini
|-resisted|p2a: Tapu Fini
|-damage|p2a: Tapu Fini|69/100
|-enditem|p2a: Tapu Fini|Leftovers|[from] move: Knock Off|[of] p1a: Weavile
|
|upkeep
|turn|13
|
|t:|1641870963
|switch|p1a: Magnezone|Magnezone|100/100
|move|p2a: Tapu Fini|Calm Mind|p2a: Tapu Fini
|-boost|p2a: Tapu Fini|spa|1
|-boost|p2a: Tapu Fini|spd|1
|
|upkeep
|turn|14
|
|t:|1641870971
|switch|p2a: Garchomp|Garchomp, M|82/100 tox
|-damage|p2a: Garchomp|76/100 tox|[from] Stealth Rock
|move|p1a: Magnezone|Flash Cannon|p2a: Garchomp
|-damage|p2a: Garchomp|11/100 tox
|
|-damage|p2a: Garchomp|5/100 tox|[from] psn
|upkeep
|turn|15
|
|t:|1641870976
|switch|p1a: Corviknight|Corviknight, F, shiny|82/100
|-ability|p1a: Corviknight|Pressure
|move|p2a: Garchomp|Stealth Rock|p1a: Corviknight
|-sidestart|p1: Hatersmad|move: Stealth Rock
|
|-damage|p2a: Garchomp|0 fnt|[from] psn
|faint|p2a: Garchomp
|upkeep
|
|t:|1641870990
|switch|p2a: Heatran|Heatran, M|100/100
|-damage|p2a: Heatran|88/100|[from] Stealth Rock
|turn|16
|
|t:|1641870994
|switch|p1a: Garchomp|Garchomp, M, shiny|94/100 tox
|-damage|p1a: Garchomp|88/100 tox|[from] Stealth Rock
|move|p2a: Heatran|Taunt|p1a: Garchomp
|-start|p1a: Garchomp|move: Taunt
|
|-heal|p1a: Garchomp|94/100 tox|[from] item: Leftovers
|-heal|p2a: Heatran|94/100|[from] item: Leftovers
|-damage|p1a: Garchomp|88/100 tox|[from] psn
|-fieldend|Misty Terrain
|upkeep
|turn|17
|
|t:|1641871005
|switch|p2a: Tapu Fini|Tapu Fini|69/100
|-damage|p2a: Tapu Fini|56/100|[from] Stealth Rock
|-fieldstart|move: Misty Terrain|[from] ability: Misty Surge|[of] p2a: Tapu Fini
|move|p1a: Garchomp|Earthquake|p2a: Tapu Fini
|-damage|p2a: Tapu Fini|25/100
|
|-heal|p1a: Garchomp|94/100 tox|[from] item: Leftovers
|-damage|p1a: Garchomp|82/100 tox|[from] psn
|upkeep
|turn|18
|
|t:|1641871016
|switch|p1a: Magnezone|Magnezone|100/100
|-damage|p1a: Magnezone|94/100|[from] Stealth Rock
|move|p2a: Tapu Fini|Draining Kiss|p1a: Magnezone
|-resisted|p1a: Magnezone
|-damage|p1a: Magnezone|84/100
|-heal|p2a: Tapu Fini|31/100|[from] drain|[of] p1a: Magnezone
|
|upkeep
|turn|19
|
|t:|1641871023
|switch|p2a: Heatran|Heatran, M|94/100
|-damage|p2a: Heatran|82/100|[from] Stealth Rock
|move|p1a: Magnezone|Volt Switch|p2a: Heatran
|-damage|p2a: Heatran|18/100
|
|t:|1641871030
|switch|p1a: Urshifu|Urshifu-Rapid-Strike, M|100/100|[from]move: Volt Switch
|-damage|p1a: Urshifu|94/100|[from] Stealth Rock
|
|-heal|p2a: Heatran|24/100|[from] item: Leftovers
|upkeep
|turn|20
|
|t:|1641871037
|move|p1a: Urshifu|Surging Strikes|p2a: Heatran
|-supereffective|p2a: Heatran
|-crit|p2a: Heatran
|-damage|p2a: Heatran|0 fnt
|faint|p2a: Heatran
|-hitcount|p2: Heatran|1
|
|upkeep
|
|t:|1641871040
|switch|p2a: Rillaboom|Rillaboom, M|78/100
|-damage|p2a: Rillaboom|66/100|[from] Stealth Rock
|-fieldstart|move: Grassy Terrain|[from] ability: Grassy Surge|[of] p2a: Rillaboom
|turn|21
|-message|ddrriifftt forfeited.
|
|win|Hatersmad
|raw|Hatersmad's rating: 1425 &rarr; <strong>1446</strong><br />(+21 for winning)
|raw|ddrriifftt's rating: 1438 &rarr; <strong>1417</strong><br />(-21 for losing)
|l|☆ddrriifftt
