|j|☆Bobdibabdi
|j|☆hiuhihihihi
|t:|1641831125
|gametype|singles
|player|p1|Bobdibabdi|2|1040
|player|p2|hiuhihihihi|linebacker|1024
|teamsize|p1|6
|teamsize|p2|6
|gen|8
|tier|[Gen 8] OU
|rated|
|rule|Sleep Clause Mod: Limit one foe put to sleep
|rule|Species Clause: Limit one of each Pokémon
|rule|OHKO Clause: OHKO moves are banned
|rule|Evasion Moves Clause: Evasion moves are banned
|rule|Endless Battle Clause: Forcing endless battles is banned
|rule|HP Percentage Mod: HP is shown in percentages
|rule|Dynamax Clause: You cannot dynamax
|clearpoke
|poke|p1|Ditto|
|poke|p1|Toxicroak, M|
|poke|p1|Zoroark, F|
|poke|p1|Butterfree, F|
|poke|p1|Toxtricity, F|
|poke|p1|Heracross, F|
|poke|p2|Jellicent, F|
|poke|p2|Ferrothorn, M|
|poke|p2|Mienshao, M|
|poke|p2|Sylveon, F|
|poke|p2|Drapion, F|
|poke|p2|Flygon, F|
|teampreview
|
|t:|1641831137
|start
|switch|p1a: Butterfree|Butterfree, F|100/100
|switch|p2a: Mienshao|Mienshao, M|100/100
|turn|1
|
|t:|1641831144
|move|p2a: Mienshao|Fake Out|p1a: Butterfree
|-damage|p1a: Butterfree|63/100
|-damage|p2a: Mienshao|91/100|[from] item: Life Orb
|cant|p1a: Butterfree|flinch
|
|upkeep
|turn|2
|
|t:|1641831153
|move|p2a: Mienshao|U-turn|p1a: Butterfree
|-resisted|p1a: Butterfree
|-damage|p1a: Butterfree|29/100
|-damage|p2a: Mienshao|81/100|[from] item: Life Orb
|
|t:|1641831159
|switch|p2a: Ferrothorn|Ferrothorn, M|100/100|[from]move: U-turn
|move|p1a: Butterfree|Sleep Powder|p2a: Ferrothorn
|-immune|p2a: Ferrothorn
|
|upkeep
|turn|3
|
|t:|1641831174
|move|p1a: Butterfree|Hurricane|p2a: Ferrothorn
|-damage|p2a: Ferrothorn|63/100
|move|p2a: Ferrothorn|Thunder Wave|p1a: Butterfree
|-status|p1a: Butterfree|par
|
|upkeep
|turn|4
|
|t:|1641831181
|move|p1a: Butterfree|Bug Buzz|p2a: Ferrothorn
|-damage|p2a: Ferrothorn|29/100
|move|p2a: Ferrothorn|Leech Seed|p1a: Butterfree
|-start|p1a: Butterfree|move: Leech Seed
|
|-damage|p1a: Butterfree|17/100 par|[from] Leech Seed|[of] p2a: Ferrothorn
|-heal|p2a: Ferrothorn|38/100|[silent]
|upkeep
|turn|5
|
|t:|1641831193
|switch|p2a: Sylveon|Sylveon, F|100/100
|move|p1a: Butterfree|Defog|p2a: Sylveon
|-unboost|p2a: Sylveon|evasion|1
|
|-damage|p1a: Butterfree|5/100 par|[from] Leech Seed|[of] p2a: Sylveon
|upkeep
|turn|6
|
|t:|1641831203
|move|p2a: Sylveon|Light Screen|p2a: Sylveon
|-sidestart|p2: hiuhihihihi|move: Light Screen
|move|p1a: Butterfree|Hurricane|p2a: Sylveon
|-damage|p2a: Sylveon|88/100
|-start|p2a: Sylveon|confusion
|
|-damage|p1a: Butterfree|0 fnt|[from] Leech Seed|[of] p2a: Sylveon
|-heal|p2a: Sylveon|91/100|[silent]
|faint|p1a: Butterfree
|upkeep
|
|t:|1641831214
|switch|p1a: Toxicroak|Toxicroak, M|100/100
|turn|7
|
|t:|1641831224
|switch|p2a: Ferrothorn|Ferrothorn, M|38/100
|move|p1a: Toxicroak|Gunk Shot|p2a: Ferrothorn
|-immune|p2a: Ferrothorn
|
|upkeep
|turn|8
|
|t:|1641831234
|switch|p2a: Jellicent|Jellicent, F|100/100
|move|p1a: Toxicroak|Low Kick|p2a: Jellicent
|-immune|p2a: Jellicent
|
|upkeep
|turn|9
|
|t:|1641831245
|switch|p2a: Mienshao|Mienshao, M|100/100
|move|p1a: Toxicroak|Sucker Punch||[still]
|-fail|p1a: Toxicroak
|
|upkeep
|turn|10
|
|t:|1641831253
|move|p2a: Mienshao|Fake Out|p1a: Toxicroak
|-damage|p1a: Toxicroak|71/100
|-damage|p2a: Mienshao|91/100|[from] item: Life Orb
|cant|p1a: Toxicroak|flinch
|
|upkeep
|turn|11
|
|t:|1641831259
|switch|p2a: Jellicent|Jellicent, F|100/100
|move|p1a: Toxicroak|Gunk Shot|p2a: Jellicent
|-resisted|p2a: Jellicent
|-damage|p2a: Jellicent|79/100
|-start|p1a: Toxicroak|Disable|Gunk Shot|[from] ability: Cursed Body|[of] p2a: Jellicent
|
|-heal|p2a: Jellicent|85/100|[from] item: Leftovers
|upkeep
|turn|12
|
|t:|1641831269
|move|p1a: Toxicroak|Sucker Punch||[still]
|-fail|p1a: Toxicroak
|move|p2a: Jellicent|Will-O-Wisp|p1a: Toxicroak
|-status|p1a: Toxicroak|brn
|
|-heal|p2a: Jellicent|91/100|[from] item: Leftovers
|-damage|p1a: Toxicroak|65/100 brn|[from] brn
|upkeep
|turn|13
|
|t:|1641831277
|move|p1a: Toxicroak|Sucker Punch||[still]
|-fail|p1a: Toxicroak
|move|p2a: Jellicent|Strength Sap|p1a: Toxicroak
|-unboost|p1a: Toxicroak|atk|1
|-heal|p2a: Jellicent|100/100
|
|-damage|p1a: Toxicroak|59/100 brn|[from] brn
|-sideend|p2: hiuhihihihi|move: Light Screen
|upkeep
|turn|14
|
|t:|1641831287
|switch|p1a: Heracross|Heracross, F|100/100
|switch|p2a: Sylveon|Sylveon, F|91/100
|
|upkeep
|turn|15
|
|t:|1641831302
|switch|p1a: Toxicroak|Toxicroak, M|59/100 brn
|move|p2a: Sylveon|Reflect|p2a: Sylveon
|-sidestart|p2: hiuhihihihi|Reflect
|
|-damage|p1a: Toxicroak|53/100 brn|[from] brn
|upkeep
|turn|16
|
|t:|1641831313
|move|p1a: Toxicroak|Low Kick|p2a: Sylveon
|-resisted|p2a: Sylveon
|-damage|p2a: Sylveon|88/100
|move|p2a: Sylveon|Wish|p2a: Sylveon
|
|-damage|p1a: Toxicroak|46/100 brn|[from] brn
|upkeep
|turn|17
|
|t:|1641831324
|switch|p2a: Ferrothorn|Ferrothorn, M|38/100
|move|p1a: Toxicroak|Gunk Shot|p2a: Ferrothorn
|-immune|p2a: Ferrothorn
|
|-heal|p2a: Ferrothorn|94/100|[from] move: Wish|[wisher] Sylveon
|-damage|p1a: Toxicroak|40/100 brn|[from] brn
|upkeep
|turn|18
|
|t:|1641831335
|move|p1a: Toxicroak|Gunk Shot|p2a: Ferrothorn
|-immune|p2a: Ferrothorn
|move|p2a: Ferrothorn|Leech Seed|p1a: Toxicroak
|-start|p1a: Toxicroak|move: Leech Seed
|
|-damage|p1a: Toxicroak|28/100 brn|[from] Leech Seed|[of] p2a: Ferrothorn
|-heal|p2a: Ferrothorn|100/100|[silent]
|-damage|p1a: Toxicroak|22/100 brn|[from] brn
|upkeep
|turn|19
|
|t:|1641831343
|switch|p2a: Jellicent|Jellicent, F|100/100
|move|p1a: Toxicroak|Gunk Shot|p2a: Jellicent
|-resisted|p2a: Jellicent
|-damage|p2a: Jellicent|95/100
|
|-heal|p2a: Jellicent|100/100|[from] item: Leftovers
|-damage|p1a: Toxicroak|9/100 brn|[from] Leech Seed|[of] p2a: Jellicent
|-damage|p1a: Toxicroak|3/100 brn|[from] brn
|upkeep
|turn|20
|
|t:|1641831356
|switch|p1a: Heracross|Heracross, F|100/100
|switch|p2a: Mienshao|Mienshao, M|100/100
|
|upkeep
|turn|21
|
|t:|1641831366
|move|p2a: Mienshao|Fake Out|p1a: Heracross
|-damage|p1a: Heracross|80/100
|-damage|p2a: Mienshao|91/100|[from] item: Life Orb
|cant|p1a: Heracross|flinch
|
|upkeep
|turn|22
|
|t:|1641831372
|move|p2a: Mienshao|U-turn|p1a: Heracross
|-resisted|p1a: Heracross
|-damage|p1a: Heracross|61/100
|-damage|p2a: Mienshao|81/100|[from] item: Life Orb
|
|t:|1641831381
|switch|p2a: Jellicent|Jellicent, F|100/100|[from]move: U-turn
|move|p1a: Heracross|Aerial Ace|p2a: Jellicent
|-damage|p2a: Jellicent|93/100
|
|-heal|p2a: Jellicent|99/100|[from] item: Leftovers
|-sideend|p2: hiuhihihihi|Reflect
|upkeep
|turn|23
|
|t:|1641831393
|move|p1a: Heracross|Knock Off|p2a: Jellicent
|-supereffective|p2a: Jellicent
|-damage|p2a: Jellicent|45/100
|-enditem|p2a: Jellicent|Leftovers|[from] move: Knock Off|[of] p1a: Heracross
|move|p2a: Jellicent|Will-O-Wisp|p1a: Heracross
|-status|p1a: Heracross|brn
|
|-damage|p1a: Heracross|55/100 brn|[from] brn
|upkeep
|turn|24
|
|t:|1641831403
|move|p1a: Heracross|Knock Off|p2a: Jellicent
|-supereffective|p2a: Jellicent
|-damage|p2a: Jellicent|27/100
|move|p2a: Jellicent|Strength Sap|p1a: Heracross
|-unboost|p1a: Heracross|atk|1
|-heal|p2a: Jellicent|100/100
|
|-damage|p1a: Heracross|49/100 brn|[from] brn
|upkeep
|turn|25
|
|t:|1641831413
|switch|p1a: Toxtricity|Toxtricity, F|100/100
|move|p2a: Jellicent|Hex|p1a: Toxtricity
|-damage|p1a: Toxtricity|69/100
|
|upkeep
|turn|26
|
|t:|1641831425
|switch|p2a: Ferrothorn|Ferrothorn, M|100/100
|move|p1a: Toxtricity|Boomburst|p2a: Ferrothorn
|-resisted|p2a: Ferrothorn
|-damage|p2a: Ferrothorn|83/100
|
|upkeep
|turn|27
|
|t:|1641831433
|move|p1a: Toxtricity|Thunder Wave|p2a: Ferrothorn
|-status|p2a: Ferrothorn|par
|move|p2a: Ferrothorn|Leech Seed|p1a: Toxtricity
|-start|p1a: Toxtricity|move: Leech Seed
|
|-damage|p1a: Toxtricity|57/100|[from] Leech Seed|[of] p2a: Ferrothorn
|-heal|p2a: Ferrothorn|93/100 par|[silent]
|upkeep
|turn|28
|
|t:|1641831442
|switch|p1a: Toxicroak|Toxicroak, M|100/100
|move|p2a: Ferrothorn|Stealth Rock|p1a: Toxicroak
|-sidestart|p1: Bobdibabdi|move: Stealth Rock
|
|upkeep
|turn|29
|
|t:|1641831451
|switch|p2a: Mienshao|Mienshao, M|100/100
|move|p1a: Toxicroak|Knock Off|p2a: Mienshao
|-resisted|p2a: Mienshao
|-damage|p2a: Mienshao|62/100
|-enditem|p2a: Mienshao|Life Orb|[from] move: Knock Off|[of] p1a: Toxicroak
|
|upkeep
|turn|30
|
|t:|1641831465
|move|p2a: Mienshao|Fake Out|p1a: Toxicroak
|-damage|p1a: Toxicroak|73/100
|replace|p1a: Zoroark|Zoroark, F
|-end|p1a: Zoroark|Illusion
|cant|p1a: Zoroark|flinch
|
|upkeep
|turn|31
|
|t:|1641831472
|switch|p2a: Sylveon|Sylveon, F|88/100
|move|p1a: Zoroark|Low Kick|p2a: Sylveon
|-resisted|p2a: Sylveon
|-damage|p2a: Sylveon|80/100
|
|upkeep
|turn|32
|
|t:|1641831480
|move|p1a: Zoroark|Knock Off|p2a: Sylveon
|-resisted|p2a: Sylveon
|-damage|p2a: Sylveon|55/100
|-enditem|p2a: Sylveon|Light Clay|[from] move: Knock Off|[of] p1a: Zoroark
|move|p2a: Sylveon|Reflect|p2a: Sylveon
|-sidestart|p2: hiuhihihihi|Reflect
|
|upkeep
|turn|33
|
|t:|1641831488
|move|p1a: Zoroark|Swords Dance|p1a: Zoroark
|-boost|p1a: Zoroark|atk|2
|move|p2a: Sylveon|Wish|p2a: Sylveon
|
|upkeep
|turn|34
|
|t:|1641831493
|move|p1a: Zoroark|Swords Dance|p1a: Zoroark
|-boost|p1a: Zoroark|atk|2
|move|p2a: Sylveon|Hyper Voice|p1a: Zoroark
|-supereffective|p1a: Zoroark
|-damage|p1a: Zoroark|0 fnt
|faint|p1a: Zoroark
|
|-heal|p2a: Sylveon|100/100|[from] move: Wish|[wisher] Sylveon
|upkeep
|
|t:|1641831506
|switch|p1a: Toxicroak|Toxicroak, M|3/100 brn
|-damage|p1a: Toxicroak|0 fnt|[from] Stealth Rock
|faint|p1a: Toxicroak
|-message|Bobdibabdi forfeited.
|
|win|hiuhihihihi
|raw|Bobdibabdi's rating: 1040 &rarr; <strong>1023</strong><br />(-17 for losing)
|raw|hiuhihihihi's rating: 1024 &rarr; <strong>1062</strong><br />(+38 for winning)
|l|☆Bobdibabdi
||Ladder isn't responding, score probably updated but might not have (Request timeout).
