|j|☆DoodlesHungry
|j|☆El Choro 37
|t:|1641704897
|gametype|singles
|player|p1|DoodlesHungry|scientist-gen3|1308
|player|p2|El Choro 37|drayden|1323
|teamsize|p1|6
|teamsize|p2|6
|gen|8
|tier|[Gen 8] OU
|rated|
|rule|Sleep Clause Mod: Limit one foe put to sleep
|rule|Species Clause: Limit one of each Pokémon
|rule|OHKO Clause: OHKO moves are banned
|rule|Evasion Moves Clause: Evasion moves are banned
|rule|Endless Battle Clause: Forcing endless battles is banned
|rule|HP Percentage Mod: HP is shown in percentages
|rule|Dynamax Clause: You cannot dynamax
|clearpoke
|poke|p1|Dragonite, F|
|poke|p1|Togekiss, F|
|poke|p1|Kartana|
|poke|p1|Volcarona, M|
|poke|p1|Landorus-Therian, M|
|poke|p1|Zeraora|
|poke|p2|Ferrothorn, F|
|poke|p2|Excadrill, M|
|poke|p2|Tyranitar, F|
|poke|p2|Rotom-Wash|
|poke|p2|Corsola-Galar, M|
|poke|p2|Dragapult, F|
|teampreview
|inactive|Battle timer is ON: inactive players will automatically lose when time's up. (requested by DoodlesHungry)
|
|t:|1641704911
|start
|switch|p1a: Landorus|Landorus-Therian, M|100/100
|switch|p2a: Corsola|Corsola-Galar, M|100/100
|-ability|p1a: Landorus|Intimidate|boost
|-unboost|p2a: Corsola|atk|1
|turn|1
|
|t:|1641704915
|move|p1a: Landorus|Toxic|p2a: Corsola
|-status|p2a: Corsola|tox
|move|p2a: Corsola|Will-O-Wisp|p1a: Landorus
|-status|p1a: Landorus|brn
|
|-damage|p2a: Corsola|94/100 tox|[from] psn
|-damage|p1a: Landorus|95/100 brn|[from] brn
|upkeep
|turn|2
|
|t:|1641704918
|move|p1a: Landorus|Stealth Rock|p2a: Corsola
|-sidestart|p2: El Choro 37|move: Stealth Rock
|move|p2a: Corsola|Stealth Rock|p1a: Landorus
|-sidestart|p1: DoodlesHungry|move: Stealth Rock
|
|-heal|p1a: Landorus|100/100 brn|[from] item: Leftovers
|-damage|p2a: Corsola|82/100 tox|[from] psn
|-damage|p1a: Landorus|95/100 brn|[from] brn
|upkeep
|turn|3
|
|t:|1641704928
|switch|p2a: Ferrothorn|Ferrothorn, F|100/100
|-damage|p2a: Ferrothorn|95/100|[from] Stealth Rock
|move|p1a: Landorus|Earthquake|p2a: Ferrothorn
|-damage|p2a: Ferrothorn|75/100
|
|-heal|p1a: Landorus|100/100 brn|[from] item: Leftovers
|-heal|p2a: Ferrothorn|81/100|[from] item: Leftovers
|-damage|p1a: Landorus|95/100 brn|[from] brn
|upkeep
|turn|4
|
|t:|1641704935
|move|p1a: Landorus|U-turn|p2a: Ferrothorn
|-damage|p2a: Ferrothorn|72/100
|-damage|p1a: Landorus|82/100 brn|[from] ability: Iron Barbs|[of] p2a: Ferrothorn
|
|t:|1641704938
|switch|p1a: Volcarona|Volcarona, M|100/100|[from]move: U-turn
|move|p2a: Ferrothorn|Leech Seed|p1a: Volcarona
|-start|p1a: Volcarona|move: Leech Seed
|
|-heal|p2a: Ferrothorn|78/100|[from] item: Leftovers
|-damage|p1a: Volcarona|88/100|[from] Leech Seed|[of] p2a: Ferrothorn
|-heal|p2a: Ferrothorn|89/100|[silent]
|upkeep
|turn|5
|
|t:|1641704952
|switch|p1a: Landorus|Landorus-Therian, M|82/100 brn
|-damage|p1a: Landorus|70/100 brn|[from] Stealth Rock
|-ability|p1a: Landorus|Intimidate|boost
|-unboost|p2a: Ferrothorn|atk|1
|switch|p2a: Tyranitar|Tyranitar, F|100/100
|-damage|p2a: Tyranitar|88/100|[from] Stealth Rock
|-weather|Sandstorm|[from] ability: Sand Stream|[of] p2a: Tyranitar
|
|-weather|Sandstorm|[upkeep]
|-heal|p1a: Landorus|76/100 brn|[from] item: Leftovers
|-damage|p1a: Landorus|70/100 brn|[from] brn
|upkeep
|turn|6
|
|t:|1641704960
|switch|p2a: Ferrothorn|Ferrothorn, F|89/100
|-damage|p2a: Ferrothorn|83/100|[from] Stealth Rock
|move|p1a: Landorus|Toxic|p2a: Ferrothorn
|-immune|p2a: Ferrothorn
|
|-weather|Sandstorm|[upkeep]
|-heal|p1a: Landorus|76/100 brn|[from] item: Leftovers
|-heal|p2a: Ferrothorn|89/100|[from] item: Leftovers
|-damage|p1a: Landorus|70/100 brn|[from] brn
|upkeep
|turn|7
|
|t:|1641704963
|move|p1a: Landorus|Earthquake|p2a: Ferrothorn
|-damage|p2a: Ferrothorn|68/100
|move|p2a: Ferrothorn|Leech Seed|p1a: Landorus
|-start|p1a: Landorus|move: Leech Seed
|
|-weather|Sandstorm|[upkeep]
|-heal|p1a: Landorus|76/100 brn|[from] item: Leftovers
|-heal|p2a: Ferrothorn|74/100|[from] item: Leftovers
|-damage|p1a: Landorus|64/100 brn|[from] Leech Seed|[of] p2a: Ferrothorn
|-heal|p2a: Ferrothorn|85/100|[silent]
|-damage|p1a: Landorus|58/100 brn|[from] brn
|upkeep
|turn|8
|
|t:|1641704972
|switch|p1a: Togekiss|Togekiss, F|100/100
|-damage|p1a: Togekiss|76/100|[from] Stealth Rock
|move|p2a: Ferrothorn|Leech Seed|p1a: Togekiss
|-start|p1a: Togekiss|move: Leech Seed
|
|-weather|Sandstorm|[upkeep]
|-damage|p1a: Togekiss|70/100|[from] Sandstorm
|-heal|p1a: Togekiss|76/100|[from] item: Leftovers
|-heal|p2a: Ferrothorn|91/100|[from] item: Leftovers
|-damage|p1a: Togekiss|63/100|[from] Leech Seed|[of] p2a: Ferrothorn
|-heal|p2a: Ferrothorn|100/100|[silent]
|upkeep
|turn|9
|
|t:|1641704980
|move|p1a: Togekiss|Defog|p2a: Ferrothorn
|-unboost|p2a: Ferrothorn|evasion|1
|-sideend|p2: El Choro 37|Stealth Rock|[from] move: Defog|[of] p1a: Togekiss
|-sideend|p1: DoodlesHungry|Stealth Rock|[from] move: Defog|[of] p1a: Togekiss
|move|p2a: Ferrothorn|Spikes|p1a: Togekiss
|-sidestart|p1: DoodlesHungry|Spikes
|
|-weather|none
|-heal|p1a: Togekiss|69/100|[from] item: Leftovers
|-damage|p1a: Togekiss|57/100|[from] Leech Seed|[of] p2a: Ferrothorn
|upkeep
|turn|10
|
|t:|1641704986
|switch|p1a: Volcarona|Volcarona, M|88/100
|move|p2a: Ferrothorn|Leech Seed|p1a: Volcarona
|-start|p1a: Volcarona|move: Leech Seed
|
|-damage|p1a: Volcarona|76/100|[from] Leech Seed|[of] p2a: Ferrothorn
|upkeep
|turn|11
|
|t:|1641704992
|switch|p2a: Tyranitar|Tyranitar, F|88/100
|-weather|Sandstorm|[from] ability: Sand Stream|[of] p2a: Tyranitar
|move|p1a: Volcarona|Bug Buzz|p2a: Tyranitar
|-supereffective|p2a: Tyranitar
|-damage|p2a: Tyranitar|31/100
|
|-weather|Sandstorm|[upkeep]
|-damage|p1a: Volcarona|70/100|[from] Sandstorm
|-damage|p1a: Volcarona|58/100|[from] Leech Seed|[of] p2a: Tyranitar
|-heal|p2a: Tyranitar|41/100|[silent]
|upkeep
|turn|12
|
|t:|1641705000
|switch|p2a: Dragapult|Dragapult, F|100/100
|move|p1a: Volcarona|Bug Buzz|p2a: Dragapult
|-resisted|p2a: Dragapult
|-damage|p2a: Dragapult|67/100
|
|-weather|Sandstorm|[upkeep]
|-damage|p2a: Dragapult|61/100|[from] Sandstorm
|-damage|p1a: Volcarona|52/100|[from] Sandstorm
|-damage|p1a: Volcarona|39/100|[from] Leech Seed|[of] p2a: Dragapult
|-heal|p2a: Dragapult|73/100|[silent]
|upkeep
|turn|13
|
|t:|1641705007
|switch|p1a: Landorus|Landorus-Therian, M|58/100 brn
|-ability|p1a: Landorus|Intimidate|boost
|-unboost|p2a: Dragapult|atk|1
|move|p2a: Dragapult|Shadow Ball|p1a: Landorus
|-damage|p1a: Landorus|0 fnt
|faint|p1a: Landorus
|
|-weather|Sandstorm|[upkeep]
|-damage|p2a: Dragapult|67/100|[from] Sandstorm
|upkeep
|
|t:|1641705015
|switch|p1a: Zeraora|Zeraora|100/100
|-damage|p1a: Zeraora|88/100|[from] Spikes
|turn|14
|
|t:|1641705021
|switch|p2a: Corsola|Corsola-Galar, M|82/100 tox
|move|p1a: Zeraora|Knock Off|p2a: Corsola
|-supereffective|p2a: Corsola
|-damage|p2a: Corsola|49/100 tox
|-enditem|p2a: Corsola|Eviolite|[from] move: Knock Off|[of] p1a: Zeraora
|
|-weather|Sandstorm|[upkeep]
|-damage|p1a: Zeraora|82/100|[from] Sandstorm
|-damage|p2a: Corsola|43/100 tox|[from] Sandstorm
|-damage|p2a: Corsola|37/100 tox|[from] psn
|upkeep
|turn|15
|
|t:|1641705027
|move|p1a: Zeraora|Plasma Fists|p2a: Corsola
|-damage|p2a: Corsola|3/100 tox
|-fieldactivate|move: Ion Deluge
|-hint|Normal-type moves become Electric-type after using Plasma Fists.
|move|p2a: Corsola|Strength Sap|p1a: Zeraora
|-unboost|p1a: Zeraora|atk|1
|-heal|p2a: Corsola|100/100 tox
|
|-weather|none
|-damage|p2a: Corsola|88/100 tox|[from] psn
|upkeep
|turn|16
|
|t:|1641705035
|switch|p1a: Togekiss|Togekiss, F|57/100
|move|p2a: Corsola|Will-O-Wisp|p1a: Togekiss
|-status|p1a: Togekiss|brn
|
|-heal|p1a: Togekiss|63/100 brn|[from] item: Leftovers
|-damage|p2a: Corsola|70/100 tox|[from] psn
|-damage|p1a: Togekiss|57/100 brn|[from] brn
|upkeep
|turn|17
|
|t:|1641705040
|move|p1a: Togekiss|Roost|p1a: Togekiss
|-heal|p1a: Togekiss|100/100 brn
|-singleturn|p1a: Togekiss|move: Roost
|move|p2a: Corsola|Hex|p1a: Togekiss
|-damage|p1a: Togekiss|81/100 brn
|
|-heal|p1a: Togekiss|87/100 brn|[from] item: Leftovers
|-damage|p2a: Corsola|45/100 tox|[from] psn
|-damage|p1a: Togekiss|81/100 brn|[from] brn
|upkeep
|turn|18
|
|t:|1641705048
|switch|p2a: Ferrothorn|Ferrothorn, F|100/100
|move|p1a: Togekiss|Defog|p2a: Ferrothorn
|-unboost|p2a: Ferrothorn|evasion|1
|-sideend|p1: DoodlesHungry|Spikes|[from] move: Defog|[of] p1a: Togekiss
|
|-heal|p1a: Togekiss|87/100 brn|[from] item: Leftovers
|-damage|p1a: Togekiss|81/100 brn|[from] brn
|upkeep
|turn|19
|
|t:|1641705054
|switch|p1a: Volcarona|Volcarona, M|39/100
|move|p2a: Ferrothorn|Leech Seed|p1a: Volcarona
|-start|p1a: Volcarona|move: Leech Seed
|
|-damage|p1a: Volcarona|27/100|[from] Leech Seed|[of] p2a: Ferrothorn
|upkeep
|turn|20
|
|t:|1641705066
|switch|p2a: Excadrill|Excadrill, M|100/100
|move|p1a: Volcarona|Fiery Dance|p2a: Excadrill
|-supereffective|p2a: Excadrill
|-damage|p2a: Excadrill|0 fnt
|faint|p2a: Excadrill
|
|upkeep
|
|t:|1641705071
|switch|p2a: Dragapult|Dragapult, F|67/100
|turn|21
|
|t:|1641705082
|switch|p1a: Dragonite|Dragonite, F|100/100
|move|p2a: Dragapult|Shadow Ball|p1a: Dragonite
|-damage|p1a: Dragonite|73/100
|
|upkeep
|turn|22
|
|t:|1641705086
|move|p2a: Dragapult|Shadow Ball|p1a: Dragonite
|-damage|p1a: Dragonite|16/100
|-unboost|p1a: Dragonite|spd|1
|move|p1a: Dragonite|Dragon Dance|p1a: Dragonite
|-boost|p1a: Dragonite|atk|1
|-boost|p1a: Dragonite|spe|1
|
|upkeep
|turn|23
|
|t:|1641705098
|switch|p2a: Ferrothorn|Ferrothorn, F|100/100
|move|p1a: Dragonite|Earthquake|p2a: Ferrothorn
|-crit|p2a: Ferrothorn
|-damage|p2a: Ferrothorn|35/100
|
|-heal|p2a: Ferrothorn|41/100|[from] item: Leftovers
|upkeep
|turn|24
|
|t:|1641705102
|move|p1a: Dragonite|Earthquake|p2a: Ferrothorn
|-damage|p2a: Ferrothorn|0 fnt
|faint|p2a: Ferrothorn
|
|upkeep
|
|t:|1641705106
|switch|p2a: Rotom|Rotom-Wash|100/100
|turn|25
|
|t:|1641705110
|move|p2a: Rotom|Volt Switch|p1a: Dragonite
|-damage|p1a: Dragonite|0 fnt
|faint|p1a: Dragonite
|
|t:|1641705115
|switch|p2a: Dragapult|Dragapult, F|67/100|[from]move: Volt Switch
|
|upkeep
|
|t:|1641705119
|switch|p1a: Zeraora|Zeraora|82/100
|turn|26
|
|t:|1641705124
|move|p1a: Zeraora|Knock Off|p2a: Dragapult
|-supereffective|p2a: Dragapult
|-damage|p2a: Dragapult|0 fnt
|-enditem|p2a: Dragapult|Choice Specs|[from] move: Knock Off|[of] p1a: Zeraora
|faint|p2a: Dragapult
|
|upkeep
|
|t:|1641705130
|switch|p2a: Corsola|Corsola-Galar, M|45/100 tox
|turn|27
|
|t:|1641705133
|switch|p1a: Togekiss|Togekiss, F|81/100 brn
|move|p2a: Corsola|Strength Sap|p1a: Togekiss
|-unboost|p1a: Togekiss|atk|1
|-heal|p2a: Corsola|74/100 tox
|
|-heal|p1a: Togekiss|87/100 brn|[from] item: Leftovers
|-damage|p2a: Corsola|68/100 tox|[from] psn
|-damage|p1a: Togekiss|81/100 brn|[from] brn
|upkeep
|turn|28
|
|t:|1641705138
|switch|p2a: Tyranitar|Tyranitar, F|41/100
|-weather|Sandstorm|[from] ability: Sand Stream|[of] p2a: Tyranitar
|move|p1a: Togekiss|Roost|p1a: Togekiss
|-heal|p1a: Togekiss|100/100 brn
|-singleturn|p1a: Togekiss|move: Roost
|
|-weather|Sandstorm|[upkeep]
|-damage|p1a: Togekiss|95/100 brn|[from] Sandstorm
|-heal|p1a: Togekiss|100/100 brn|[from] item: Leftovers
|-damage|p1a: Togekiss|95/100 brn|[from] brn
|upkeep
|turn|29
|
|t:|1641705143
|switch|p1a: Kartana|Kartana|100/100
|move|p2a: Tyranitar|Stone Edge|p1a: Kartana
|-resisted|p1a: Kartana
|-crit|p1a: Kartana
|-damage|p1a: Kartana|55/100
|
|-weather|Sandstorm|[upkeep]
|-heal|p1a: Kartana|61/100|[from] item: Leftovers
|upkeep
|turn|30
|
|t:|1641705146
|move|p1a: Kartana|Leaf Blade|p2a: Tyranitar
|-supereffective|p2a: Tyranitar
|-damage|p2a: Tyranitar|0 fnt
|faint|p2a: Tyranitar
|-ability|p1a: Kartana|Beast Boost|boost
|-boost|p1a: Kartana|atk|1
|
|-weather|Sandstorm|[upkeep]
|-heal|p1a: Kartana|67/100|[from] item: Leftovers
|upkeep
|
|t:|1641705148
|switch|p2a: Rotom|Rotom-Wash|100/100
|turn|31
|
|t:|1641705158
|switch|p1a: Volcarona|Volcarona, M|27/100
|move|p2a: Rotom|Will-O-Wisp|p1a: Volcarona
|-immune|p1a: Volcarona
|
|-weather|Sandstorm|[upkeep]
|-damage|p2a: Rotom|95/100|[from] Sandstorm
|-damage|p1a: Volcarona|21/100|[from] Sandstorm
|upkeep
|turn|32
|-message|El Choro 37 forfeited.
|
|win|DoodlesHungry
|raw|DoodlesHungry's rating: 1308 &rarr; <strong>1329</strong><br />(+21 for winning)
|raw|El Choro 37's rating: 1323 &rarr; <strong>1302</strong><br />(-21 for losing)
|l|☆El Choro 37
