|j|☆Dextriad
|j|☆Crimsora
|t:|1641702078
|gametype|singles
|player|p1|Dextriad|102|
|player|p2|Crimsora|170|
|teamsize|p1|6
|teamsize|p2|6
|gen|8
|tier|[Gen 8] OU
|rule|Sleep Clause Mod: Limit one foe put to sleep
|rule|Species Clause: Limit one of each Pokémon
|rule|OHKO Clause: OHKO moves are banned
|rule|Evasion Moves Clause: Evasion moves are banned
|rule|Endless Battle Clause: Forcing endless battles is banned
|rule|HP Percentage Mod: HP is shown in percentages
|rule|Dynamax Clause: You cannot dynamax
|clearpoke
|poke|p1|Zarude-Dada|
|poke|p1|Garchomp, M|
|poke|p1|Ninetales-Alola, M|
|poke|p1|Indeedee-F, F|
|poke|p1|Talonflame, F|
|poke|p1|Golisopod, F|
|poke|p2|Victini|
|poke|p2|Ribombee, M|
|poke|p2|Suicune|
|poke|p2|Scrafty, F|
|poke|p2|Marowak-Alola, M|
|poke|p2|Salamence, F|
|teampreview
|j| thewerehog88
|j| RuneTempest
|j| Dougtepug
|j| jetrage
|c| Dougtepug|Glhf
|j| Uulhan
|j| Albedo's Ambition
|j| xXYuuXx
|j| jayvonQquizzle
|l| jayvonQquizzle
|c| Dougtepug|CAN I GET A HOIYAH
|j| jayvonQquizzle
|c|☆Crimsora|hoiyah
|c| Uulhan|*Femur breaker scream*
|c| Dougtepug|R.I.P
|
|t:|1641702260
|start
|switch|p1a: ඞ!|Golisopod, F, shiny|100/100
|switch|p2a: The Bug|Ribombee, M|100/100
|turn|1
|
|t:|1641702273
|move|p2a: The Bug|Stun Spore|p1a: ඞ!
|-status|p1a: ඞ!|par
|cant|p1a: ඞ!|par
|
|upkeep
|turn|2
|
|t:|1641702279
|move|p2a: The Bug|Sticky Web|p1a: ඞ!
|-sidestart|p1: Dextriad|move: Sticky Web
|move|p1a: ඞ!|Rock Slide|p2a: The Bug
|-supereffective|p2a: The Bug
|-damage|p2a: The Bug|15/100
|
|upkeep
|turn|3
|
|t:|1641702291
|move|p1a: ඞ!|Aqua Jet|p2a: The Bug
|-damage|p2a: The Bug|0 fnt
|faint|p2a: The Bug
|
|upkeep
|j| cheysbrokenfemu
|
|t:|1641702326
|switch|p2a: The Dog(?)|Suicune|100/100
|turn|4
|
|t:|1641702392
|switch|p1a: ඞ%|Indeedee-F, F|100/100
|-activate|p1a: ඞ%|move: Sticky Web
|-unboost|p1a: ඞ%|spe|1
|move|p2a: The Dog(?)|Calm Mind|p2a: The Dog(?)
|-boost|p2a: The Dog(?)|spa|1
|-boost|p2a: The Dog(?)|spd|1
|
|upkeep
|turn|5
|l| jayvonQquizzle
|
|t:|1641702409
|move|p2a: The Dog(?)|Calm Mind|p2a: The Dog(?)
|-boost|p2a: The Dog(?)|spa|1
|-boost|p2a: The Dog(?)|spd|1
|move|p1a: ඞ%|Calm Mind|p1a: ඞ%
|-boost|p1a: ඞ%|spa|1
|-boost|p1a: ඞ%|spd|1
|
|upkeep
|turn|6
|
|t:|1641702418
|move|p2a: The Dog(?)|Ice Beam|p1a: ඞ%
|-crit|p1a: ඞ%
|-damage|p1a: ඞ%|1/100
|move|p1a: ඞ%|Energy Ball|p2a: The Dog(?)
|-supereffective|p2a: The Dog(?)
|-damage|p2a: The Dog(?)|70/100
|-unboost|p2a: The Dog(?)|spd|1
|
|-heal|p2a: The Dog(?)|76/100|[from] item: Leftovers
|upkeep
|turn|7
|j| jayvonQquizzle
|
|t:|1641702530
|move|p2a: The Dog(?)|Scald|p1a: ඞ%
|-damage|p1a: ඞ%|0 fnt
|faint|p1a: ඞ%
|
|-heal|p2a: The Dog(?)|83/100|[from] item: Leftovers
|upkeep
|
|t:|1641702589
|switch|p1a: #ඞ|Talonflame, F|100/100
|turn|8
|
|t:|1641702597
|move|p1a: #ඞ|Brave Bird|p2a: The Dog(?)
|-damage|p2a: The Dog(?)|51/100
|-damage|p1a: #ඞ|86/100|[from] Recoil
|move|p2a: The Dog(?)|Scald|p1a: #ඞ
|-supereffective|p1a: #ඞ
|-damage|p1a: #ඞ|0 fnt
|faint|p1a: #ඞ
|
|-heal|p2a: The Dog(?)|57/100|[from] item: Leftovers
|upkeep
|
|t:|1641702606
|switch|p1a: (ඞ)|Ninetales-Alola, M, shiny|100/100
|-activate|p1a: (ඞ)|move: Sticky Web
|-unboost|p1a: (ඞ)|spe|1
|-weather|Hail|[from] ability: Snow Warning|[of] p1a: (ඞ)
|turn|9
|
|t:|1641702614
|move|p1a: (ඞ)|Freeze-Dry|p2a: The Dog(?)
|-supereffective|p2a: The Dog(?)
|-damage|p2a: The Dog(?)|32/100
|move|p2a: The Dog(?)|Scald|p1a: (ඞ)
|-damage|p1a: (ඞ)|18/100
|
|-weather|Hail|[upkeep]
|-damage|p2a: The Dog(?)|25/100|[from] Hail
|-heal|p2a: The Dog(?)|32/100|[from] item: Leftovers
|upkeep
|turn|10
|
|t:|1641702625
|move|p1a: (ඞ)|Aurora Veil|p1a: (ඞ)
|-sidestart|p1: Dextriad|move: Aurora Veil
|move|p2a: The Dog(?)|Scald|p1a: (ඞ)
|-damage|p1a: (ඞ)|0 fnt
|faint|p1a: (ඞ)
|
|-weather|Hail|[upkeep]
|-damage|p2a: The Dog(?)|25/100|[from] Hail
|-heal|p2a: The Dog(?)|32/100|[from] item: Leftovers
|upkeep
|
|t:|1641702650
|switch|p1a: ඞ?|Zarude-Dada|100/100
|-activate|p1a: ඞ?|move: Sticky Web
|-unboost|p1a: ඞ?|spe|1
|turn|11
|j| sadchefkev
|
|t:|1641702658
|move|p1a: ඞ?|Seed Bomb|p2a: The Dog(?)
|-supereffective|p2a: The Dog(?)
|-damage|p2a: The Dog(?)|0 fnt
|faint|p2a: The Dog(?)
|
|-weather|Hail|[upkeep]
|-damage|p1a: ඞ?|95/100|[from] Hail
|upkeep
|
|t:|1641702670
|switch|p2a: The Digimon|Victini|100/100
|turn|12
|
|t:|1641702750
|switch|p1a: ඞ.|Garchomp, M, shiny|100/100
|-activate|p1a: ඞ.|move: Sticky Web
|-unboost|p1a: ඞ.|spe|1
|move|p2a: The Digimon|V-create|p1a: ඞ.
|-resisted|p1a: ඞ.
|-damage|p1a: ඞ.|81/100
|-unboost|p2a: The Digimon|spe|1
|-unboost|p2a: The Digimon|def|1
|-unboost|p2a: The Digimon|spd|1
|-enditem|p2a: The Digimon|Eject Pack
|-damage|p2a: The Digimon|88/100|[from] ability: Rough Skin|[of] p1a: ඞ.
|
|t:|1641702781
|switch|p2a: The Mascot|Salamence, F|100/100
|
|-weather|Hail|[upkeep]
|-damage|p2a: The Mascot|94/100|[from] Hail
|-damage|p1a: ඞ.|75/100|[from] Hail
|upkeep
|turn|13
|
|t:|1641702802
|switch|p1a: ඞ!|Golisopod, F, shiny|100/100 par
|-activate|p1a: ඞ!|move: Sticky Web
|-unboost|p1a: ඞ!|spe|1
|move|p2a: The Mascot|Dragon Claw|p1a: ඞ!
|-damage|p1a: ඞ!|86/100 par
|
|-weather|none
|-heal|p1a: ඞ!|92/100 par|[from] item: Leftovers
|upkeep
|turn|14
|
|t:|1641702814
|move|p2a: The Mascot|Dragon Dance|p2a: The Mascot
|-boost|p2a: The Mascot|atk|1
|-boost|p2a: The Mascot|spe|1
|move|p1a: ඞ!|Iron Defense|p1a: ඞ!
|-boost|p1a: ඞ!|def|2
|
|-heal|p1a: ඞ!|98/100 par|[from] item: Leftovers
|upkeep
|turn|15
|
|t:|1641702826
|move|p2a: The Mascot|Dual Wingbeat|p1a: ඞ!
|-supereffective|p1a: ඞ!
|-damage|p1a: ඞ!|85/100 par
|-supereffective|p1a: ඞ!
|-damage|p1a: ඞ!|73/100 par
|-hitcount|p1a: ඞ!|2
|cant|p1a: ඞ!|par
|
|-heal|p1a: ඞ!|79/100 par|[from] item: Leftovers
|upkeep
|turn|16
|
|t:|1641702843
|move|p2a: The Mascot|Dual Wingbeat|p1a: ඞ!
|-supereffective|p1a: ඞ!
|-damage|p1a: ඞ!|67/100 par
|-supereffective|p1a: ඞ!
|-damage|p1a: ඞ!|55/100 par
|-hitcount|p1a: ඞ!|2
|move|p1a: ඞ!|Rock Slide|p2a: The Mascot|[miss]
|-miss|p1a: ඞ!|p2a: The Mascot
|
|-heal|p1a: ඞ!|61/100 par|[from] item: Leftovers
|upkeep
|turn|17
|
|t:|1641702868
|move|p2a: The Mascot|Dual Wingbeat|p1a: ඞ!
|-supereffective|p1a: ඞ!
|-damage|p1a: ඞ!|49/100 par
|-supereffective|p1a: ඞ!
|-damage|p1a: ඞ!|38/100 par
|-hitcount|p1a: ඞ!|2
|-activate|p1a: ඞ!|ability: Emergency Exit
|
|t:|1641702877
|switch|p1a: ඞ?|Zarude-Dada|95/100
|-activate|p1a: ඞ?|move: Sticky Web
|-unboost|p1a: ඞ?|spe|1
|
|-sideend|p1: Dextriad|move: Aurora Veil
|upkeep
|turn|18
|
|t:|1641702888
|move|p2a: The Mascot|Dual Wingbeat|p1a: ඞ?
|-supereffective|p1a: ඞ?
|-damage|p1a: ඞ?|32/100
|-supereffective|p1a: ඞ?
|-damage|p1a: ඞ?|0 fnt
|faint|p1a: ඞ?
|-ability|p2a: The Mascot|Moxie|boost
|-boost|p2a: The Mascot|atk|1
|-hitcount|p1: ඞ?|2
|
|upkeep
|
|t:|1641702894
|switch|p1a: ඞ.|Garchomp, M, shiny|75/100
|-activate|p1a: ඞ.|move: Sticky Web
|-unboost|p1a: ඞ.|spe|1
|turn|19
|
|t:|1641702900
|move|p2a: The Mascot|Dragon Claw|p1a: ඞ.
|-supereffective|p1a: ඞ.
|-damage|p1a: ඞ.|0 fnt
|-damage|p2a: The Mascot|82/100|[from] ability: Rough Skin|[of] p1a: ඞ.
|faint|p1a: ඞ.
|-ability|p2a: The Mascot|Moxie|boost
|-boost|p2a: The Mascot|atk|1
|
|upkeep
|c| Dougtepug|GG
|
|t:|1641702906
|switch|p1a: ඞ!|Golisopod, F, shiny|38/100 par
|-activate|p1a: ඞ!|move: Sticky Web
|-unboost|p1a: ඞ!|spe|1
|turn|20
|c|☆Dextriad|got haxed :sadge:
|
|t:|1641702919
|move|p2a: The Mascot|Dragon Claw|p1a: ඞ!
|-damage|p1a: ඞ!|0 fnt
|faint|p1a: ඞ!
|
|win|Crimsora
|c| Uulhan|gg
|c|☆Dextriad|ggs
|c|☆Crimsora|ggs
|l|☆Dextriad
|l| Uulhan
|c| jetrage|gg
|l|☆Crimsora
|l| cheysbrokenfemu
|l| Dougtepug
|l| jayvonQquizzle
|l| Albedo's Ambition
