|j|☆DumbLick1337
|j|☆pmu
|t:|1641831283
|gametype|singles
|player|p1|DumbLick1337|102|1320
|player|p2|pmu|hilbert|1319
|teamsize|p1|6
|teamsize|p2|6
|gen|8
|tier|[Gen 8] OU
|rated|
|rule|Sleep Clause Mod: Limit one foe put to sleep
|rule|Species Clause: Limit one of each Pokémon
|rule|OHKO Clause: OHKO moves are banned
|rule|Evasion Moves Clause: Evasion moves are banned
|rule|Endless Battle Clause: Forcing endless battles is banned
|rule|HP Percentage Mod: HP is shown in percentages
|rule|Dynamax Clause: You cannot dynamax
|clearpoke
|poke|p1|Rotom-Heat|
|poke|p1|Corviknight, F|
|poke|p1|Clefable, F|
|poke|p1|Seismitoad, M|
|poke|p1|Hydreigon, M|
|poke|p1|Gyarados, F|
|poke|p2|Clefable, M|
|poke|p2|Victini|
|poke|p2|Tornadus-Therian, M|
|poke|p2|Heatran, M|
|poke|p2|Landorus-Therian, M|
|poke|p2|Slowbro, M|
|teampreview
|
|t:|1641831287
|start
|switch|p1a: Seismitoad|Seismitoad, M|100/100
|switch|p2a: Tornadus|Tornadus-Therian, M|100/100
|turn|1
|c|☆DumbLick1337|hf
|inactive|Battle timer is ON: inactive players will automatically lose when time's up. (requested by DumbLick1337)
|
|t:|1641831291
|move|p2a: Tornadus|Knock Off|p1a: Seismitoad
|-damage|p1a: Seismitoad|86/100
|-enditem|p1a: Seismitoad|Leftovers|[from] move: Knock Off|[of] p2a: Tornadus
|move|p1a: Seismitoad|Toxic|p2a: Tornadus
|-status|p2a: Tornadus|tox
|
|-damage|p2a: Tornadus|94/100 tox|[from] psn
|upkeep
|turn|2
|
|t:|1641831295
|move|p2a: Tornadus|U-turn|p1a: Seismitoad
|-damage|p1a: Seismitoad|75/100
|
|t:|1641831302
|switch|p2a: Landorus|Landorus-Therian, M|100/100|[from]move: U-turn
|-ability|p2a: Landorus|Intimidate|boost
|-unboost|p1a: Seismitoad|atk|1
|move|p1a: Seismitoad|Stealth Rock|p2a: Landorus
|-sidestart|p2: pmu|move: Stealth Rock
|
|upkeep
|turn|3
|
|t:|1641831307
|move|p2a: Landorus|U-turn|p1a: Seismitoad
|-damage|p1a: Seismitoad|58/100
|
|t:|1641831316
|switch|p2a: Clefable|Clefable, M|100/100|[from]move: U-turn
|move|p1a: Seismitoad|Scald|p2a: Clefable
|-damage|p2a: Clefable|80/100
|
|-heal|p2a: Clefable|87/100|[from] item: Leftovers
|upkeep
|turn|4
|
|t:|1641831321
|switch|p1a: Gyarados|Gyarados, F|100/100
|move|p2a: Clefable|Moonblast|p1a: Gyarados
|-damage|p1a: Gyarados|69/100
|-unboost|p1a: Gyarados|spa|1
|
|-heal|p1a: Gyarados|75/100|[from] item: Leftovers
|-heal|p2a: Clefable|93/100|[from] item: Leftovers
|upkeep
|turn|5
|
|t:|1641831325
|switch|p2a: Landorus|Landorus-Therian, M|100/100
|-damage|p2a: Landorus|88/100|[from] Stealth Rock
|-ability|p2a: Landorus|Intimidate|boost
|-unboost|p1a: Gyarados|atk|1
|move|p1a: Gyarados|Waterfall|p2a: Landorus
|-supereffective|p2a: Landorus
|-damage|p2a: Landorus|44/100
|
|-heal|p1a: Gyarados|81/100|[from] item: Leftovers
|-heal|p2a: Landorus|50/100|[from] item: Leftovers
|upkeep
|turn|6
|
|t:|1641831333
|move|p1a: Gyarados|Waterfall|p2a: Landorus
|-supereffective|p2a: Landorus
|-damage|p2a: Landorus|7/100
|move|p2a: Landorus|U-turn|p1a: Gyarados
|-resisted|p1a: Gyarados
|-damage|p1a: Gyarados|68/100
|
|t:|1641831336
|switch|p2a: Tornadus|Tornadus-Therian, M|100/100 tox|[from]move: U-turn
|
|-heal|p1a: Gyarados|74/100|[from] item: Leftovers
|-damage|p2a: Tornadus|94/100 tox|[from] psn
|upkeep
|turn|7
|
|t:|1641831338
|move|p2a: Tornadus|Defog|p1a: Gyarados
|-unboost|p1a: Gyarados|evasion|1
|-sideend|p2: pmu|Stealth Rock|[from] move: Defog|[of] p2a: Tornadus
|move|p1a: Gyarados|Dragon Dance|p1a: Gyarados
|-boost|p1a: Gyarados|atk|1
|-boost|p1a: Gyarados|spe|1
|
|-heal|p1a: Gyarados|80/100|[from] item: Leftovers
|-damage|p2a: Tornadus|82/100 tox|[from] psn
|upkeep
|turn|8
|
|t:|1641831342
|move|p1a: Gyarados|Dragon Dance|p1a: Gyarados
|-boost|p1a: Gyarados|atk|1
|-boost|p1a: Gyarados|spe|1
|move|p2a: Tornadus|Hurricane|p1a: Gyarados
|-damage|p1a: Gyarados|34/100
|
|-heal|p1a: Gyarados|40/100|[from] item: Leftovers
|-damage|p2a: Tornadus|64/100 tox|[from] psn
|upkeep
|turn|9
|
|t:|1641831347
|switch|p2a: Landorus|Landorus-Therian, M|7/100
|-ability|p2a: Landorus|Intimidate|boost
|-unboost|p1a: Gyarados|atk|1
|move|p1a: Gyarados|Waterfall|p2a: Landorus
|-supereffective|p2a: Landorus
|-damage|p2a: Landorus|0 fnt
|faint|p2a: Landorus
|-ability|p1a: Gyarados|Moxie|boost
|-boost|p1a: Gyarados|atk|1
|
|-heal|p1a: Gyarados|46/100|[from] item: Leftovers
|upkeep
|
|t:|1641831358
|switch|p2a: Slowbro|Slowbro, M|100/100
|turn|10
|
|t:|1641831363
|switch|p1a: Seismitoad|Seismitoad, M|58/100
|move|p2a: Slowbro|Scald|p1a: Seismitoad
|-heal|p1a: Seismitoad|83/100|[from] ability: Water Absorb|[of] p2a: Slowbro
|
|upkeep
|turn|11
|
|t:|1641831365
|move|p1a: Seismitoad|Stealth Rock|p2a: Slowbro
|-sidestart|p2: pmu|move: Stealth Rock
|move|p2a: Slowbro|Future Sight|p1a: Seismitoad
|-start|p2a: Slowbro|move: Future Sight
|
|upkeep
|turn|12
|
|t:|1641831368
|switch|p1a: Hydreigon|Hydreigon, M|100/100
|move|p2a: Slowbro|Teleport|p2a: Slowbro
|
|t:|1641831372
|switch|p2a: Clefable|Clefable, M|93/100|[from]move: Teleport
|
|-heal|p2a: Clefable|99/100|[from] item: Leftovers
|upkeep
|turn|13
|
|t:|1641831374
|switch|p1a: Corviknight|Corviknight, F|100/100
|-ability|p1a: Corviknight|Pressure
|move|p2a: Clefable|Moonblast|p1a: Corviknight
|-resisted|p1a: Corviknight
|-damage|p1a: Corviknight|88/100
|
|-end|p1a: Corviknight|move: Future Sight
|-resisted|p1a: Corviknight
|-damage|p1a: Corviknight|70/100
|-heal|p1a: Corviknight|77/100|[from] item: Leftovers
|-heal|p2a: Clefable|100/100|[from] item: Leftovers
|upkeep
|turn|14
|
|t:|1641831380
|switch|p2a: Heatran|Heatran, M|100/100
|-damage|p2a: Heatran|88/100|[from] Stealth Rock
|move|p1a: Corviknight|Brave Bird|p2a: Heatran
|-resisted|p2a: Heatran
|-damage|p2a: Heatran|72/100
|-damage|p1a: Corviknight|72/100|[from] Recoil
|
|-heal|p2a: Heatran|78/100|[from] item: Leftovers
|-heal|p1a: Corviknight|78/100|[from] item: Leftovers
|upkeep
|turn|15
|
|t:|1641831387
|switch|p1a: Gyarados|Gyarados, F|46/100
|move|p2a: Heatran|Taunt|p1a: Gyarados
|-start|p1a: Gyarados|move: Taunt
|
|-heal|p1a: Gyarados|52/100|[from] item: Leftovers
|-heal|p2a: Heatran|84/100|[from] item: Leftovers
|upkeep
|turn|16
|
|t:|1641831392
|switch|p2a: Clefable|Clefable, M|100/100
|move|p1a: Gyarados|Waterfall|p2a: Clefable
|-damage|p2a: Clefable|65/100
|
|-heal|p1a: Gyarados|59/100|[from] item: Leftovers
|-heal|p2a: Clefable|71/100|[from] item: Leftovers
|upkeep
|turn|17
|
|t:|1641831395
|move|p1a: Gyarados|Waterfall|p2a: Clefable
|-damage|p2a: Clefable|37/100
|cant|p2a: Clefable|flinch
|
|-heal|p1a: Gyarados|65/100|[from] item: Leftovers
|-heal|p2a: Clefable|43/100|[from] item: Leftovers
|-end|p1a: Gyarados|move: Taunt
|upkeep
|turn|18
|
|t:|1641831398
|move|p1a: Gyarados|Waterfall|p2a: Clefable
|-damage|p2a: Clefable|8/100
|cant|p2a: Clefable|flinch
|
|-heal|p1a: Gyarados|71/100|[from] item: Leftovers
|-heal|p2a: Clefable|14/100|[from] item: Leftovers
|upkeep
|turn|19
|-message|pmu forfeited.
|
|win|DumbLick1337
|raw|DumbLick1337's rating: 1320 &rarr; <strong>1340</strong><br />(+20 for winning)
|raw|pmu's rating: 1319 &rarr; <strong>1299</strong><br />(-20 for losing)
|c|☆DumbLick1337|gg
|l|☆pmu
