|j|☆Coach from L4D2
|j|☆Kodiii
|t:|1641748458
|gametype|singles
|player|p1|Coach from L4D2|linebacker|1511
|player|p2|Kodiii|riley|1466
|teamsize|p1|6
|teamsize|p2|6
|gen|8
|tier|[Gen 8] OU
|rated|
|rule|Sleep Clause Mod: Limit one foe put to sleep
|rule|Species Clause: Limit one of each Pokémon
|rule|OHKO Clause: OHKO moves are banned
|rule|Evasion Moves Clause: Evasion moves are banned
|rule|Endless Battle Clause: Forcing endless battles is banned
|rule|HP Percentage Mod: HP is shown in percentages
|rule|Dynamax Clause: You cannot dynamax
|clearpoke
|poke|p1|Raichu-Alola, F|
|poke|p1|Tapu Koko|
|poke|p1|Swampert, M|
|poke|p1|Zapdos|
|poke|p1|Urshifu-*, F|
|poke|p1|Ferrothorn, M|
|poke|p2|Magnezone|
|poke|p2|Kartana|
|poke|p2|Tapu Lele|
|poke|p2|Landorus-Therian, M|
|poke|p2|Tapu Fini|
|poke|p2|Dragonite, M|
|teampreview
|inactive|Battle timer is ON: inactive players will automatically lose when time's up. (requested by Kodiii)
|c|☆Coach from L4D2|Red, The Fighter, will date Yellow, The Healer, in PokéSpe
|
|t:|1641748481
|start
|switch|p1a: Tapu Koko|Tapu Koko|100/100
|switch|p2a: Landorus|Landorus-Therian, M, shiny|100/100
|-fieldstart|move: Electric Terrain|[from] ability: Electric Surge|[of] p1a: Tapu Koko
|-ability|p2a: Landorus|Intimidate|boost
|-unboost|p1a: Tapu Koko|atk|1
|turn|1
|
|t:|1641748492
|switch|p1a: Zapdos|Zapdos|100/100
|move|p2a: Landorus|U-turn|p1a: Zapdos
|-resisted|p1a: Zapdos
|-crit|p1a: Zapdos
|-damage|p1a: Zapdos|86/100
|
|t:|1641748498
|switch|p2a: Tapu Lele|Tapu Lele, shiny|100/100|[from]move: U-turn
|-fieldstart|move: Psychic Terrain|[from] ability: Psychic Surge|[of] p2a: Tapu Lele
|
|upkeep
|turn|2
|
|t:|1641748513
|switch|p1a: Ferrothorn|Ferrothorn, M|100/100
|move|p2a: Tapu Lele|Psychic|p1a: Ferrothorn
|-resisted|p1a: Ferrothorn
|-damage|p1a: Ferrothorn|70/100
|
|-heal|p1a: Ferrothorn|76/100|[from] item: Leftovers
|upkeep
|turn|3
|
|t:|1641748522
|switch|p2a: Magnezone|Magnezone, shiny|100/100
|switch|p1a: Swampert|Swampert, M|100/100
|
|upkeep
|turn|4
|
|t:|1641748529
|switch|p2a: Tapu Fini|Tapu Fini, shiny|100/100
|-fieldstart|move: Misty Terrain|[from] ability: Misty Surge|[of] p2a: Tapu Fini
|move|p1a: Swampert|Stealth Rock|p2a: Tapu Fini
|-sidestart|p2: Kodiii|move: Stealth Rock
|
|upkeep
|turn|5
|
|t:|1641748535
|move|p2a: Tapu Fini|Taunt|p1a: Swampert
|-start|p1a: Swampert|move: Taunt
|move|p1a: Swampert|Flip Turn|p2a: Tapu Fini
|-resisted|p2a: Tapu Fini
|-damage|p2a: Tapu Fini|93/100
|
|t:|1641748537
|switch|p1a: Tapu Koko|Tapu Koko|100/100|[from]move: Flip Turn
|-fieldstart|move: Electric Terrain|[from] ability: Electric Surge|[of] p1a: Tapu Koko
|
|-heal|p2a: Tapu Fini|99/100|[from] item: Leftovers
|upkeep
|turn|6
|
|t:|1641748541
|switch|p2a: Landorus|Landorus-Therian, M, shiny|100/100
|-damage|p2a: Landorus|88/100|[from] Stealth Rock
|-ability|p2a: Landorus|Intimidate|boost
|-unboost|p1a: Tapu Koko|atk|1
|move|p1a: Tapu Koko|Thunderbolt|p2a: Landorus
|-immune|p2a: Landorus
|
|-heal|p2a: Landorus|94/100|[from] item: Leftovers
|upkeep
|turn|7
|
|t:|1641748546
|switch|p1a: Zapdos|Zapdos|86/100
|move|p2a: Landorus|Stealth Rock|p1a: Zapdos
|-sidestart|p1: Coach from L4D2|move: Stealth Rock
|
|-heal|p2a: Landorus|99/100|[from] item: Leftovers
|upkeep
|turn|8
|
|t:|1641748549
|move|p1a: Zapdos|Hurricane|p2a: Landorus
|-damage|p2a: Landorus|66/100
|move|p2a: Landorus|Knock Off|p1a: Zapdos
|-damage|p1a: Zapdos|60/100
|-enditem|p1a: Zapdos|Heavy-Duty Boots|[from] move: Knock Off|[of] p2a: Landorus
|
|-heal|p2a: Landorus|72/100|[from] item: Leftovers
|upkeep
|turn|9
|
|t:|1641748554
|move|p1a: Zapdos|Defog|p2a: Landorus
|-unboost|p2a: Landorus|evasion|1
|-sideend|p2: Kodiii|Stealth Rock|[from] move: Defog|[of] p1a: Zapdos
|-sideend|p1: Coach from L4D2|Stealth Rock|[from] move: Defog|[of] p1a: Zapdos
|-fieldend|move: Electric Terrain
|move|p2a: Landorus|U-turn|p1a: Zapdos
|-resisted|p1a: Zapdos
|-damage|p1a: Zapdos|50/100
|
|t:|1641748561
|switch|p2a: Tapu Lele|Tapu Lele, shiny|100/100|[from]move: U-turn
|-fieldstart|move: Psychic Terrain|[from] ability: Psychic Surge|[of] p2a: Tapu Lele
|
|upkeep
|turn|10
|
|t:|1641748568
|move|p2a: Tapu Lele|Psychic|p1a: Zapdos
|-damage|p1a: Zapdos|0 fnt
|faint|p1a: Zapdos
|
|upkeep
|
|t:|1641748574
|switch|p1a: Urshifu|Urshifu-Rapid-Strike, F|100/100
|turn|11
|
|t:|1641748578
|switch|p2a: Tapu Fini|Tapu Fini, shiny|99/100
|-fieldstart|move: Misty Terrain|[from] ability: Misty Surge|[of] p2a: Tapu Fini
|move|p1a: Urshifu|Surging Strikes|p2a: Tapu Fini
|-resisted|p2a: Tapu Fini
|-crit|p2a: Tapu Fini
|-damage|p2a: Tapu Fini|90/100
|-resisted|p2a: Tapu Fini
|-crit|p2a: Tapu Fini
|-damage|p2a: Tapu Fini|81/100
|-resisted|p2a: Tapu Fini
|-crit|p2a: Tapu Fini
|-damage|p2a: Tapu Fini|71/100
|-hitcount|p2a: Tapu Fini|3
|
|-heal|p2a: Tapu Fini|77/100|[from] item: Leftovers
|upkeep
|turn|12
|
|t:|1641748592
|switch|p1a: Tapu Koko|Tapu Koko|100/100
|-fieldstart|move: Electric Terrain|[from] ability: Electric Surge|[of] p1a: Tapu Koko
|switch|p2a: Magnezone|Magnezone, shiny|100/100
|
|upkeep
|turn|13
|
|t:|1641748608
|switch|p2a: Landorus|Landorus-Therian, M, shiny|72/100
|-ability|p2a: Landorus|Intimidate|boost
|-unboost|p1a: Tapu Koko|atk|1
|move|p1a: Tapu Koko|U-turn|p2a: Landorus
|-resisted|p2a: Landorus
|-damage|p2a: Landorus|67/100
|
|t:|1641748611
|switch|p1a: Urshifu|Urshifu-Rapid-Strike, F|100/100|[from]move: U-turn
|
|-heal|p2a: Landorus|73/100|[from] item: Leftovers
|upkeep
|turn|14
|
|t:|1641748618
|switch|p2a: Tapu Fini|Tapu Fini, shiny|77/100
|-fieldstart|move: Misty Terrain|[from] ability: Misty Surge|[of] p2a: Tapu Fini
|move|p1a: Urshifu|U-turn|p2a: Tapu Fini
|-resisted|p2a: Tapu Fini
|-damage|p2a: Tapu Fini|66/100
|
|t:|1641748623
|switch|p1a: Tapu Koko|Tapu Koko|100/100|[from]move: U-turn
|-fieldstart|move: Electric Terrain|[from] ability: Electric Surge|[of] p1a: Tapu Koko
|
|-heal|p2a: Tapu Fini|72/100|[from] item: Leftovers
|upkeep
|turn|15
|
|t:|1641748629
|switch|p2a: Magnezone|Magnezone, shiny|100/100
|move|p1a: Tapu Koko|U-turn|p2a: Magnezone
|-resisted|p2a: Magnezone
|-damage|p2a: Magnezone|95/100
|
|t:|1641748631
|switch|p1a: Swampert|Swampert, M|100/100|[from]move: U-turn
|
|-heal|p2a: Magnezone|100/100|[from] item: Leftovers
|upkeep
|turn|16
|
|t:|1641748637
|switch|p2a: Tapu Fini|Tapu Fini, shiny|72/100
|-fieldstart|move: Misty Terrain|[from] ability: Misty Surge|[of] p2a: Tapu Fini
|move|p1a: Swampert|Stealth Rock|p2a: Tapu Fini
|-sidestart|p2: Kodiii|move: Stealth Rock
|
|-heal|p2a: Tapu Fini|78/100|[from] item: Leftovers
|upkeep
|turn|17
|
|t:|1641748641
|move|p2a: Tapu Fini|Scald|p1a: Swampert
|-damage|p1a: Swampert|85/100
|move|p1a: Swampert|Flip Turn|p2a: Tapu Fini
|-resisted|p2a: Tapu Fini
|-damage|p2a: Tapu Fini|70/100
|
|t:|1641748645
|switch|p1a: Tapu Koko|Tapu Koko|100/100|[from]move: Flip Turn
|-fieldstart|move: Electric Terrain|[from] ability: Electric Surge|[of] p1a: Tapu Koko
|
|-heal|p2a: Tapu Fini|76/100|[from] item: Leftovers
|upkeep
|turn|18
|
|t:|1641748648
|move|p1a: Tapu Koko|U-turn|p2a: Tapu Fini
|-resisted|p2a: Tapu Fini
|-damage|p2a: Tapu Fini|71/100
|
|t:|1641748651
|switch|p1a: Swampert|Swampert, M|85/100|[from]move: U-turn
|move|p2a: Tapu Fini|Scald|p1a: Swampert
|-damage|p1a: Swampert|67/100
|
|-heal|p2a: Tapu Fini|77/100|[from] item: Leftovers
|-heal|p1a: Swampert|73/100|[from] item: Leftovers
|upkeep
|turn|19
|
|t:|1641748655
|move|p2a: Tapu Fini|Scald|p1a: Swampert
|-damage|p1a: Swampert|56/100
|move|p1a: Swampert|Toxic|p2a: Tapu Fini
|-status|p2a: Tapu Fini|tox
|
|-heal|p2a: Tapu Fini|83/100 tox|[from] item: Leftovers
|-heal|p1a: Swampert|62/100|[from] item: Leftovers
|-damage|p2a: Tapu Fini|77/100 tox|[from] psn
|upkeep
|turn|20
|
|t:|1641748660
|move|p2a: Tapu Fini|Scald|p1a: Swampert
|-damage|p1a: Swampert|44/100
|-status|p1a: Swampert|brn
|move|p1a: Swampert|Flip Turn|p2a: Tapu Fini
|-resisted|p2a: Tapu Fini
|-damage|p2a: Tapu Fini|73/100 tox
|
|t:|1641748662
|switch|p1a: Raichu|Raichu-Alola, F, shiny|100/100|[from]move: Flip Turn
|
|-heal|p2a: Tapu Fini|79/100 tox|[from] item: Leftovers
|-damage|p2a: Tapu Fini|67/100 tox|[from] psn
|upkeep
|turn|21
|
|t:|1641748666
|move|p1a: Raichu|Nasty Plot|p1a: Raichu
|-boost|p1a: Raichu|spa|2
|move|p2a: Tapu Fini|Scald|p1a: Raichu
|-damage|p1a: Raichu|64/100
|
|-heal|p2a: Tapu Fini|73/100 tox|[from] item: Leftovers
|-damage|p2a: Tapu Fini|55/100 tox|[from] psn
|upkeep
|turn|22
|
|t:|1641748668
|move|p1a: Raichu|Rising Voltage|p2a: Tapu Fini
|-supereffective|p2a: Tapu Fini
|-damage|p2a: Tapu Fini|0 fnt
|faint|p2a: Tapu Fini
|-damage|p1a: Raichu|54/100|[from] item: Life Orb
|
|upkeep
|
|t:|1641748671
|switch|p2a: Tapu Lele|Tapu Lele, shiny|100/100
|-damage|p2a: Tapu Lele|88/100|[from] Stealth Rock
|-fieldstart|move: Psychic Terrain|[from] ability: Psychic Surge|[of] p2a: Tapu Lele
|turn|23
|
|t:|1641748673
|switch|p2a: Landorus|Landorus-Therian, M, shiny|73/100
|-damage|p2a: Landorus|60/100|[from] Stealth Rock
|-ability|p2a: Landorus|Intimidate|boost
|-unboost|p1a: Raichu|atk|1
|move|p1a: Raichu|Rising Voltage|p2a: Landorus
|-immune|p2a: Landorus
|
|-heal|p2a: Landorus|66/100|[from] item: Leftovers
|upkeep
|turn|24
|
|t:|1641748675
|move|p1a: Raichu|Surf|p2a: Landorus
|-supereffective|p2a: Landorus
|-damage|p2a: Landorus|0 fnt
|faint|p2a: Landorus
|-damage|p1a: Raichu|44/100|[from] item: Life Orb
|
|upkeep
|
|t:|1641748679
|switch|p2a: Kartana|Kartana, shiny|100/100
|-damage|p2a: Kartana|94/100|[from] Stealth Rock
|turn|25
|
|t:|1641748683
|switch|p1a: Ferrothorn|Ferrothorn, M|76/100
|move|p2a: Kartana|Knock Off|p1a: Ferrothorn
|-damage|p1a: Ferrothorn|41/100
|-damage|p2a: Kartana|82/100|[from] ability: Iron Barbs|[of] p1a: Ferrothorn
|-enditem|p1a: Ferrothorn|Leftovers|[from] move: Knock Off|[of] p2a: Kartana
|
|upkeep
|turn|26
|
|t:|1641748690
|switch|p2a: Magnezone|Magnezone, shiny|100/100
|-damage|p2a: Magnezone|94/100|[from] Stealth Rock
|switch|p1a: Swampert|Swampert, M|44/100 brn
|
|-heal|p2a: Magnezone|100/100|[from] item: Leftovers
|-heal|p1a: Swampert|50/100 brn|[from] item: Leftovers
|-damage|p1a: Swampert|44/100 brn|[from] brn
|upkeep
|turn|27
|
|t:|1641748695
|switch|p2a: Dragonite|Dragonite, M, shiny|100/100
|move|p1a: Swampert|Flip Turn|p2a: Dragonite
|-resisted|p2a: Dragonite
|-damage|p2a: Dragonite|98/100
|
|t:|1641748698
|switch|p1a: Tapu Koko|Tapu Koko|100/100|[from]move: Flip Turn
|-fieldstart|move: Electric Terrain|[from] ability: Electric Surge|[of] p1a: Tapu Koko
|
|upkeep
|turn|28
|
|t:|1641748701
|move|p1a: Tapu Koko|Dazzling Gleam|p2a: Dragonite
|-supereffective|p2a: Dragonite
|-damage|p2a: Dragonite|37/100
|move|p2a: Dragonite|Roost|p2a: Dragonite
|-heal|p2a: Dragonite|88/100
|-singleturn|p2a: Dragonite|move: Roost
|
|upkeep
|turn|29
|
|t:|1641748706
|switch|p2a: Magnezone|Magnezone, shiny|100/100
|-damage|p2a: Magnezone|94/100|[from] Stealth Rock
|move|p1a: Tapu Koko|Dazzling Gleam|p2a: Magnezone
|-resisted|p2a: Magnezone
|-damage|p2a: Magnezone|77/100
|
|-heal|p2a: Magnezone|83/100|[from] item: Leftovers
|upkeep
|turn|30
|
|t:|1641748711
|move|p1a: Tapu Koko|U-turn|p2a: Magnezone
|-resisted|p2a: Magnezone
|-damage|p2a: Magnezone|78/100
|
|t:|1641748713
|switch|p1a: Swampert|Swampert, M|44/100 brn|[from]move: U-turn
|move|p2a: Magnezone|Substitute|p2a: Magnezone
|-start|p2a: Magnezone|Substitute
|-damage|p2a: Magnezone|53/100
|
|-heal|p2a: Magnezone|59/100|[from] item: Leftovers
|-heal|p1a: Swampert|50/100 brn|[from] item: Leftovers
|-damage|p1a: Swampert|44/100 brn|[from] brn
|upkeep
|turn|31
|
|t:|1641748727
|move|p2a: Magnezone|Body Press|p1a: Swampert
|-damage|p1a: Swampert|16/100 brn
|move|p1a: Swampert|Earthquake|p2a: Magnezone
|-supereffective|p2a: Magnezone
|-end|p2a: Magnezone|Substitute
|
|-heal|p2a: Magnezone|65/100|[from] item: Leftovers
|-heal|p1a: Swampert|22/100 brn|[from] item: Leftovers
|-damage|p1a: Swampert|16/100 brn|[from] brn
|upkeep
|turn|32
|
|t:|1641748732
|switch|p1a: Urshifu|Urshifu-Rapid-Strike, F|100/100
|move|p2a: Magnezone|Body Press|p1a: Urshifu
|-crit|p1a: Urshifu
|-damage|p1a: Urshifu|58/100
|
|-heal|p2a: Magnezone|71/100|[from] item: Leftovers
|upkeep
|turn|33
|
|t:|1641748738
|switch|p2a: Dragonite|Dragonite, M, shiny|88/100
|move|p1a: Urshifu|Close Combat|p2a: Dragonite
|-resisted|p2a: Dragonite
|-damage|p2a: Dragonite|46/100
|-unboost|p1a: Urshifu|def|1
|-unboost|p1a: Urshifu|spd|1
|
|upkeep
|turn|34
|
|t:|1641748743
|move|p1a: Urshifu|Close Combat|p2a: Dragonite
|-resisted|p2a: Dragonite
|-damage|p2a: Dragonite|3/100
|-unboost|p1a: Urshifu|def|1
|-unboost|p1a: Urshifu|spd|1
|move|p2a: Dragonite|Roost|p2a: Dragonite
|-heal|p2a: Dragonite|53/100
|-singleturn|p2a: Dragonite|move: Roost
|
|-fieldend|move: Electric Terrain
|upkeep
|turn|35
|
|t:|1641748749
|switch|p1a: Ferrothorn|Ferrothorn, M|41/100
|move|p2a: Dragonite|Roost|p2a: Dragonite
|-heal|p2a: Dragonite|100/100
|-singleturn|p2a: Dragonite|move: Roost
|
|upkeep
|turn|36
|
|t:|1641748753
|switch|p1a: Urshifu|Urshifu-Rapid-Strike, F|58/100
|move|p2a: Dragonite|Dragon Dance|p2a: Dragonite
|-boost|p2a: Dragonite|atk|1
|-boost|p2a: Dragonite|spe|1
|
|upkeep
|turn|37
|
|t:|1641748756
|move|p2a: Dragonite|Dual Wingbeat|p1a: Urshifu
|-supereffective|p1a: Urshifu
|-crit|p1a: Urshifu
|-damage|p1a: Urshifu|0 fnt
|faint|p1a: Urshifu
|-hitcount|p1: Urshifu|1
|
|upkeep
|
|t:|1641748758
|switch|p1a: Ferrothorn|Ferrothorn, M|41/100
|turn|38
|
|t:|1641748764
|move|p2a: Dragonite|Dual Wingbeat|p1a: Ferrothorn
|-damage|p1a: Ferrothorn|19/100
|-damage|p2a: Dragonite|88/100|[from] ability: Iron Barbs|[of] p1a: Ferrothorn
|-damage|p1a: Ferrothorn|0 fnt
|-damage|p2a: Dragonite|76/100|[from] ability: Iron Barbs|[of] p1a: Ferrothorn
|faint|p1a: Ferrothorn
|-hitcount|p1: Ferrothorn|2
|
|upkeep
|
|t:|1641748769
|switch|p1a: Tapu Koko|Tapu Koko|100/100
|-fieldstart|move: Electric Terrain|[from] ability: Electric Surge|[of] p1a: Tapu Koko
|turn|39
|
|t:|1641748776
|switch|p2a: Magnezone|Magnezone, shiny|71/100
|-damage|p2a: Magnezone|65/100|[from] Stealth Rock
|move|p1a: Tapu Koko|Dazzling Gleam|p2a: Magnezone
|-resisted|p2a: Magnezone
|-damage|p2a: Magnezone|47/100
|
|-heal|p2a: Magnezone|53/100|[from] item: Leftovers
|upkeep
|turn|40
|
|t:|1641748783
|move|p1a: Tapu Koko|Thunderbolt|p2a: Magnezone
|-resisted|p2a: Magnezone
|-damage|p2a: Magnezone|25/100
|move|p2a: Magnezone|Body Press|p1a: Tapu Koko
|-resisted|p1a: Tapu Koko
|-damage|p1a: Tapu Koko|81/100
|
|-heal|p2a: Magnezone|31/100|[from] item: Leftovers
|upkeep
|turn|41
|
|t:|1641748786
|move|p1a: Tapu Koko|Thunderbolt|p2a: Magnezone
|-resisted|p2a: Magnezone
|-damage|p2a: Magnezone|4/100
|move|p2a: Magnezone|Body Press|p1a: Tapu Koko
|-resisted|p1a: Tapu Koko
|-damage|p1a: Tapu Koko|62/100
|
|-heal|p2a: Magnezone|10/100|[from] item: Leftovers
|upkeep
|turn|42
|
|t:|1641748793
|move|p1a: Tapu Koko|Thunderbolt|p2a: Magnezone
|-resisted|p2a: Magnezone
|-damage|p2a: Magnezone|0 fnt
|faint|p2a: Magnezone
|
|upkeep
|
|t:|1641748800
|switch|p2a: Kartana|Kartana, shiny|82/100
|-damage|p2a: Kartana|76/100|[from] Stealth Rock
|turn|43
|
|t:|1641748802
|switch|p1a: Swampert|Swampert, M|16/100 brn
|move|p2a: Kartana|Leaf Blade|p1a: Swampert
|-supereffective|p1a: Swampert
|-damage|p1a: Swampert|0 fnt
|faint|p1a: Swampert
|-ability|p2a: Kartana|Beast Boost|boost
|-boost|p2a: Kartana|atk|1
|
|upkeep
|
|t:|1641748804
|switch|p1a: Raichu|Raichu-Alola, F, shiny|44/100
|turn|44
|
|t:|1641748809
|switch|p2a: Tapu Lele|Tapu Lele, shiny|88/100
|-damage|p2a: Tapu Lele|76/100|[from] Stealth Rock
|-fieldstart|move: Psychic Terrain|[from] ability: Psychic Surge|[of] p2a: Tapu Lele
|move|p1a: Raichu|Rising Voltage|p2a: Tapu Lele
|-damage|p2a: Tapu Lele|30/100
|-damage|p1a: Raichu|34/100|[from] item: Life Orb
|
|upkeep
|turn|45
|
|t:|1641748820
|switch|p2a: Dragonite|Dragonite, M, shiny|76/100
|move|p1a: Raichu|Rising Voltage|p2a: Dragonite
|-damage|p2a: Dragonite|38/100
|-damage|p1a: Raichu|24/100|[from] item: Life Orb
|
|upkeep
|turn|46
|
|t:|1641748827
|switch|p1a: Tapu Koko|Tapu Koko|62/100
|-fieldstart|move: Electric Terrain|[from] ability: Electric Surge|[of] p1a: Tapu Koko
|move|p2a: Dragonite|Dual Wingbeat|p1a: Tapu Koko
|-resisted|p1a: Tapu Koko
|-damage|p1a: Tapu Koko|48/100
|-resisted|p1a: Tapu Koko
|-damage|p1a: Tapu Koko|35/100
|-hitcount|p1a: Tapu Koko|2
|
|upkeep
|turn|47
|
|t:|1641748831
|move|p1a: Tapu Koko|Dazzling Gleam|p2a: Dragonite
|-supereffective|p2a: Dragonite
|-damage|p2a: Dragonite|0 fnt
|faint|p2a: Dragonite
|
|upkeep
|
|t:|1641748833
|switch|p2a: Tapu Lele|Tapu Lele, shiny|30/100
|-damage|p2a: Tapu Lele|17/100|[from] Stealth Rock
|-fieldstart|move: Psychic Terrain|[from] ability: Psychic Surge|[of] p2a: Tapu Lele
|turn|48
|
|t:|1641748838
|move|p1a: Tapu Koko|Thunderbolt|p2a: Tapu Lele
|-damage|p2a: Tapu Lele|0 fnt
|faint|p2a: Tapu Lele
|
|upkeep
|
|t:|1641748840
|switch|p2a: Kartana|Kartana, shiny|76/100
|-damage|p2a: Kartana|70/100|[from] Stealth Rock
|turn|49
|
|t:|1641748845
|move|p2a: Kartana|Knock Off|p1a: Tapu Koko
|-resisted|p1a: Tapu Koko
|-damage|p1a: Tapu Koko|4/100
|-enditem|p1a: Tapu Koko|Terrain Extender|[from] move: Knock Off|[of] p2a: Kartana
|move|p1a: Tapu Koko|Thunderbolt|p2a: Kartana
|-resisted|p2a: Kartana
|-damage|p2a: Kartana|7/100
|-status|p2a: Kartana|par
|
|upkeep
|turn|50
|
|t:|1641748848
|move|p1a: Tapu Koko|Thunderbolt|p2a: Kartana
|-resisted|p2a: Kartana
|-damage|p2a: Kartana|0 fnt
|faint|p2a: Kartana
|
|win|Coach from L4D2
|raw|Coach from L4D2's rating: 1511 &rarr; <strong>1528</strong><br />(+17 for winning)
|raw|Kodiii's rating: 1466 &rarr; <strong>1449</strong><br />(-17 for losing)
|l|☆Kodiii
|c|☆Coach from L4D2|Gg
