|j|☆Gummie7
|j|☆05luisyo
|t:|1641748364
|gametype|singles
|player|p1|Gummie7|nurseryaide|1343
|player|p2|05luisyo|1|1341
|teamsize|p1|6
|teamsize|p2|6
|gen|8
|tier|[Gen 8] OU
|rated|
|rule|Sleep Clause Mod: Limit one foe put to sleep
|rule|Species Clause: Limit one of each Pokémon
|rule|OHKO Clause: OHKO moves are banned
|rule|Evasion Moves Clause: Evasion moves are banned
|rule|Endless Battle Clause: Forcing endless battles is banned
|rule|HP Percentage Mod: HP is shown in percentages
|rule|Dynamax Clause: You cannot dynamax
|clearpoke
|poke|p1|Clefable, M|
|poke|p1|Landorus-Therian, M|
|poke|p1|Slowbro, M|
|poke|p1|Ferrothorn, F|
|poke|p1|Dragapult, M|
|poke|p1|Crawdaunt, F|
|poke|p2|Ferrothorn, M|
|poke|p2|Nidoking, M|
|poke|p2|Urshifu-*, F|
|poke|p2|Tornadus-Therian, M|
|poke|p2|Clefable, M|
|poke|p2|Kartana|
|teampreview
|
|t:|1641748379
|start
|switch|p1a: EVA-13|Dragapult, M, shiny|100/100
|switch|p2a: Clefable|Clefable, M|100/100
|turn|1
|
|t:|1641748386
|move|p1a: EVA-13|U-turn|p2a: Clefable
|-resisted|p2a: Clefable
|-damage|p2a: Clefable|94/100
|
|t:|1641748392
|switch|p1a: EVA-08|Clefable, M|100/100|[from]move: U-turn
|move|p2a: Clefable|Calm Mind|p2a: Clefable
|-boost|p2a: Clefable|spa|1
|-boost|p2a: Clefable|spd|1
|
|upkeep
|turn|2
|
|t:|1641748399
|move|p2a: Clefable|Calm Mind|p2a: Clefable
|-boost|p2a: Clefable|spa|1
|-boost|p2a: Clefable|spd|1
|move|p1a: EVA-08|Calm Mind|p1a: EVA-08
|-boost|p1a: EVA-08|spa|1
|-boost|p1a: EVA-08|spd|1
|
|upkeep
|turn|3
|
|t:|1641748406
|move|p2a: Clefable|Moonblast|p1a: EVA-08
|-damage|p1a: EVA-08|60/100
|-unboost|p1a: EVA-08|spa|1
|move|p1a: EVA-08|Calm Mind|p1a: EVA-08
|-boost|p1a: EVA-08|spa|1
|-boost|p1a: EVA-08|spd|1
|
|-heal|p1a: EVA-08|66/100|[from] item: Leftovers
|upkeep
|turn|4
|
|t:|1641748416
|move|p2a: Clefable|Moonblast|p1a: EVA-08
|-damage|p1a: EVA-08|33/100
|-unboost|p1a: EVA-08|spa|1
|move|p1a: EVA-08|Calm Mind|p1a: EVA-08
|-boost|p1a: EVA-08|spa|1
|-boost|p1a: EVA-08|spd|1
|
|-heal|p1a: EVA-08|39/100|[from] item: Leftovers
|upkeep
|turn|5
|
|t:|1641748426
|move|p2a: Clefable|Calm Mind|p2a: Clefable
|-boost|p2a: Clefable|spa|1
|-boost|p2a: Clefable|spd|1
|move|p1a: EVA-08|Soft-Boiled|p1a: EVA-08
|-heal|p1a: EVA-08|89/100
|
|-heal|p1a: EVA-08|95/100|[from] item: Leftovers
|upkeep
|turn|6
|
|t:|1641748435
|move|p2a: Clefable|Moonblast|p1a: EVA-08
|-damage|p1a: EVA-08|61/100
|-unboost|p1a: EVA-08|spa|1
|move|p1a: EVA-08|Calm Mind|p1a: EVA-08
|-boost|p1a: EVA-08|spa|1
|-boost|p1a: EVA-08|spd|1
|
|-heal|p1a: EVA-08|67/100|[from] item: Leftovers
|upkeep
|turn|7
|
|t:|1641748445
|move|p2a: Clefable|Moonblast|p1a: EVA-08
|-damage|p1a: EVA-08|39/100
|-unboost|p1a: EVA-08|spa|1
|move|p1a: EVA-08|Calm Mind|p1a: EVA-08
|-boost|p1a: EVA-08|spa|1
|-boost|p1a: EVA-08|spd|1
|
|-heal|p1a: EVA-08|45/100|[from] item: Leftovers
|upkeep
|turn|8
|
|t:|1641748454
|move|p2a: Clefable|Moonblast|p1a: EVA-08
|-damage|p1a: EVA-08|22/100
|move|p1a: EVA-08|Soft-Boiled|p1a: EVA-08
|-heal|p1a: EVA-08|72/100
|
|-heal|p1a: EVA-08|78/100|[from] item: Leftovers
|upkeep
|turn|9
|
|t:|1641748463
|move|p2a: Clefable|Calm Mind|p2a: Clefable
|-boost|p2a: Clefable|spa|1
|-boost|p2a: Clefable|spd|1
|move|p1a: EVA-08|Calm Mind|p1a: EVA-08
|-boost|p1a: EVA-08|spa|1
|-boost|p1a: EVA-08|spd|1
|
|-heal|p1a: EVA-08|85/100|[from] item: Leftovers
|upkeep
|turn|10
|
|t:|1641748472
|move|p2a: Clefable|Moonblast|p1a: EVA-08
|-damage|p1a: EVA-08|59/100
|-unboost|p1a: EVA-08|spa|1
|move|p1a: EVA-08|Moonblast|p2a: Clefable
|-damage|p2a: Clefable|78/100
|-unboost|p2a: Clefable|spa|1
|
|-heal|p1a: EVA-08|65/100|[from] item: Leftovers
|upkeep
|turn|11
|
|t:|1641748484
|move|p2a: Clefable|Calm Mind|p2a: Clefable
|-boost|p2a: Clefable|spa|1
|-boost|p2a: Clefable|spd|1
|move|p1a: EVA-08|Calm Mind|p1a: EVA-08
|-boost|p1a: EVA-08|spa|1
|-boost|p1a: EVA-08|spd|0
|
|-heal|p1a: EVA-08|71/100|[from] item: Leftovers
|upkeep
|turn|12
|
|t:|1641748493
|move|p2a: Clefable|Moonblast|p1a: EVA-08
|-damage|p1a: EVA-08|47/100
|move|p1a: EVA-08|Calm Mind|p1a: EVA-08
|-boost|p1a: EVA-08|spa|1
|-boost|p1a: EVA-08|spd|0
|
|-heal|p1a: EVA-08|53/100|[from] item: Leftovers
|upkeep
|turn|13
|
|t:|1641748503
|move|p2a: Clefable|Moonblast|p1a: EVA-08
|-damage|p1a: EVA-08|27/100
|-unboost|p1a: EVA-08|spa|1
|move|p1a: EVA-08|Moonblast|p2a: Clefable
|-damage|p2a: Clefable|62/100
|
|-heal|p1a: EVA-08|33/100|[from] item: Leftovers
|upkeep
|turn|14
|
|t:|1641748512
|move|p2a: Clefable|Moonblast|p1a: EVA-08
|-damage|p1a: EVA-08|9/100
|move|p1a: EVA-08|Soft-Boiled|p1a: EVA-08
|-heal|p1a: EVA-08|59/100
|
|-heal|p1a: EVA-08|65/100|[from] item: Leftovers
|upkeep
|turn|15
|
|t:|1641748521
|move|p2a: Clefable|Moonblast|p1a: EVA-08
|-damage|p1a: EVA-08|42/100
|move|p1a: EVA-08|Moonblast|p2a: Clefable
|-damage|p2a: Clefable|45/100
|
|-heal|p1a: EVA-08|48/100|[from] item: Leftovers
|upkeep
|turn|16
|
|t:|1641748532
|move|p2a: Clefable|Soft-Boiled|p2a: Clefable
|-heal|p2a: Clefable|95/100
|move|p1a: EVA-08|Soft-Boiled|p1a: EVA-08
|-heal|p1a: EVA-08|98/100
|
|-heal|p1a: EVA-08|100/100|[from] item: Leftovers
|upkeep
|turn|17
|
|t:|1641748542
|move|p2a: Clefable|Calm Mind|p2a: Clefable
|-boost|p2a: Clefable|spa|1
|-boost|p2a: Clefable|spd|1
|move|p1a: EVA-08|Calm Mind|p1a: EVA-08
|-boost|p1a: EVA-08|spa|1
|-boost|p1a: EVA-08|spd|0
|
|upkeep
|turn|18
|
|t:|1641748561
|move|p2a: Clefable|Moonblast|p1a: EVA-08
|-damage|p1a: EVA-08|69/100
|move|p1a: EVA-08|Calm Mind|p1a: EVA-08
|-boost|p1a: EVA-08|spa|1
|-boost|p1a: EVA-08|spd|0
|
|-heal|p1a: EVA-08|75/100|[from] item: Leftovers
|upkeep
|turn|19
|l|☆05luisyo
|player|p2|
|inactive|Battle timer is ON: inactive players will automatically lose when time's up. (requested by Gummie7)
|inactive|05luisyo has 30 seconds to reconnect!
|inactive|05luisyo has 20 seconds to reconnect!
|inactive|05luisyo has 15 seconds to reconnect!
|j|☆05luisyo
|inactive|05luisyo reconnected and has 105 seconds left.
|player|p2|05luisyo|1
|
|t:|1641748643
|move|p2a: Clefable|Moonblast|p1a: EVA-08
|-damage|p1a: EVA-08|46/100
|-unboost|p1a: EVA-08|spa|1
|move|p1a: EVA-08|Moonblast|p2a: Clefable
|-damage|p2a: Clefable|78/100
|-unboost|p2a: Clefable|spa|1
|
|-heal|p1a: EVA-08|52/100|[from] item: Leftovers
|upkeep
|turn|20
|
|t:|1641748654
|move|p2a: Clefable|Moonblast|p1a: EVA-08
|-damage|p1a: EVA-08|25/100
|move|p1a: EVA-08|Soft-Boiled|p1a: EVA-08
|-heal|p1a: EVA-08|75/100
|
|-heal|p1a: EVA-08|81/100|[from] item: Leftovers
|upkeep
|turn|21
|
|t:|1641748663
|move|p2a: Clefable|Moonblast|p1a: EVA-08
|-damage|p1a: EVA-08|59/100
|move|p1a: EVA-08|Moonblast|p2a: Clefable
|-damage|p2a: Clefable|60/100
|-unboost|p2a: Clefable|spa|1
|
|-heal|p1a: EVA-08|65/100|[from] item: Leftovers
|upkeep
|turn|22
|
|t:|1641748673
|move|p2a: Clefable|Calm Mind|p2a: Clefable
|-boost|p2a: Clefable|spa|1
|-boost|p2a: Clefable|spd|0
|move|p1a: EVA-08|Moonblast|p2a: Clefable
|-damage|p2a: Clefable|42/100
|-unboost|p2a: Clefable|spa|1
|
|-heal|p1a: EVA-08|71/100|[from] item: Leftovers
|upkeep
|turn|23
|
|t:|1641748683
|move|p2a: Clefable|Soft-Boiled|p2a: Clefable
|-heal|p2a: Clefable|92/100
|move|p1a: EVA-08|Moonblast|p2a: Clefable
|-damage|p2a: Clefable|72/100
|
|-heal|p1a: EVA-08|77/100|[from] item: Leftovers
|upkeep
|turn|24
|
|t:|1641748691
|move|p2a: Clefable|Moonblast|p1a: EVA-08
|-damage|p1a: EVA-08|55/100
|-unboost|p1a: EVA-08|spa|1
|move|p1a: EVA-08|Moonblast|p2a: Clefable
|-damage|p2a: Clefable|58/100
|
|-heal|p1a: EVA-08|61/100|[from] item: Leftovers
|upkeep
|turn|25
|
|t:|1641748701
|move|p2a: Clefable|Moonblast|p1a: EVA-08
|-crit|p1a: EVA-08
|-damage|p1a: EVA-08|0 fnt
|faint|p1a: EVA-08
|
|upkeep
|
|t:|1641748712
|switch|p1a: EVA-02|Crawdaunt, F|100/100
|turn|26
|
|t:|1641748717
|move|p1a: EVA-02|Crabhammer|p2a: Clefable|[miss]
|-miss|p1a: EVA-02|p2a: Clefable
|move|p2a: Clefable|Moonblast|p1a: EVA-02
|-supereffective|p1a: EVA-02
|-damage|p1a: EVA-02|0 fnt
|faint|p1a: EVA-02
|
|upkeep
|-message|Gummie7 forfeited.
|
|win|05luisyo
|raw|Gummie7's rating: 1343 &rarr; <strong>1323</strong><br />(-20 for losing)
|raw|05luisyo's rating: 1341 &rarr; <strong>1361</strong><br />(+20 for winning)
|l|☆Gummie7
