|j|☆Loki To 1
|j|☆Felix H.
|t:|1641704770
|gametype|singles
|player|p1|Loki To 1|elesa|1489
|player|p2|Felix H.|lucas|1555
|teamsize|p1|6
|teamsize|p2|6
|gen|8
|tier|[Gen 8] OU
|rated|
|rule|Sleep Clause Mod: Limit one foe put to sleep
|rule|Species Clause: Limit one of each Pokémon
|rule|OHKO Clause: OHKO moves are banned
|rule|Evasion Moves Clause: Evasion moves are banned
|rule|Endless Battle Clause: Forcing endless battles is banned
|rule|HP Percentage Mod: HP is shown in percentages
|rule|Dynamax Clause: You cannot dynamax
|clearpoke
|poke|p1|Dragapult, M|
|poke|p1|Blacephalon|
|poke|p1|Corviknight, F|
|poke|p1|Zarude|
|poke|p1|Toxapex, F|
|poke|p1|Landorus-Therian, M|
|poke|p2|Slowbro, M|
|poke|p2|Ferrothorn, M|
|poke|p2|Mandibuzz, F|
|poke|p2|Garchomp, F|
|poke|p2|Heatran, M|
|poke|p2|Scizor, F|
|teampreview
|
|t:|1641704788
|start
|switch|p1a: Blacephalon|Blacephalon|100/100
|switch|p2a: Slowbro|Slowbro, M|100/100
|turn|1
|
|t:|1641704794
|switch|p2a: Mandibuzz|Mandibuzz, F|100/100
|move|p1a: Blacephalon|Shadow Ball|p2a: Mandibuzz
|-resisted|p2a: Mandibuzz
|-damage|p2a: Mandibuzz|81/100
|
|upkeep
|turn|2
|
|t:|1641704800
|switch|p1a: Corviknight|Corviknight, F|100/100
|-ability|p1a: Corviknight|Pressure
|move|p2a: Mandibuzz|U-turn|p1a: Corviknight
|-resisted|p1a: Corviknight
|-damage|p1a: Corviknight|98/100
|-damage|p2a: Mandibuzz|65/100|[from] item: Rocky Helmet|[of] p1a: Corviknight
|
|t:|1641704803
|switch|p2a: Heatran|Heatran, M|100/100|[from]move: U-turn
|
|upkeep
|turn|3
|
|t:|1641704813
|switch|p1a: Toxapex|Toxapex, F|100/100
|move|p2a: Heatran|Toxic|p1a: Toxapex
|-immune|p1a: Toxapex
|
|upkeep
|turn|4
|inactive|Battle timer is ON: inactive players will automatically lose when time's up. (requested by Loki To 1)
|
|t:|1641704822
|switch|p2a: Garchomp|Garchomp, F|100/100
|move|p1a: Toxapex|Knock Off|p2a: Garchomp
|-damage|p2a: Garchomp|87/100
|-damage|p1a: Toxapex|88/100|[from] ability: Rough Skin|[of] p2a: Garchomp
|-enditem|p2a: Garchomp|Leftovers|[from] move: Knock Off|[of] p1a: Toxapex
|
|upkeep
|turn|5
|
|t:|1641704828
|switch|p2a: Slowbro|Slowbro, M|100/100
|switch|p1a: Landorus|Landorus-Therian, M|100/100
|-ability|p1a: Landorus|Intimidate|boost
|-unboost|p2a: Slowbro|atk|1
|
|upkeep
|turn|6
|
|t:|1641704837
|move|p1a: Landorus|U-turn|p2a: Slowbro
|-supereffective|p2a: Slowbro
|-damage|p2a: Slowbro|64/100
|
|t:|1641704840
|switch|p1a: Zarude|Zarude|100/100|[from]move: U-turn
|move|p2a: Slowbro|Ice Beam|p1a: Zarude
|-supereffective|p1a: Zarude
|-damage|p1a: Zarude|41/100
|
|-heal|p1a: Zarude|47/100|[from] item: Leftovers
|upkeep
|turn|7
|
|t:|1641704851
|switch|p2a: Ferrothorn|Ferrothorn, M|100/100
|move|p1a: Zarude|Power Whip|p2a: Ferrothorn
|-resisted|p2a: Ferrothorn
|-damage|p2a: Ferrothorn|93/100
|-damage|p1a: Zarude|35/100|[from] ability: Iron Barbs|[of] p2a: Ferrothorn
|
|-heal|p1a: Zarude|41/100|[from] item: Leftovers
|-heal|p2a: Ferrothorn|99/100|[from] item: Leftovers
|upkeep
|turn|8
|
|t:|1641704856
|move|p1a: Zarude|Jungle Healing|p1a: Zarude
|-heal|p1a: Zarude|66/100
|move|p2a: Ferrothorn|Stealth Rock|p1a: Zarude
|-sidestart|p1: Loki To 1|move: Stealth Rock
|
|-heal|p1a: Zarude|72/100|[from] item: Leftovers
|-heal|p2a: Ferrothorn|100/100|[from] item: Leftovers
|upkeep
|turn|9
|
|t:|1641704864
|move|p1a: Zarude|Bulk Up|p1a: Zarude
|-boost|p1a: Zarude|atk|1
|-boost|p1a: Zarude|def|1
|move|p2a: Ferrothorn|Leech Seed|p1a: Zarude
|-immune|p1a: Zarude
|
|-heal|p1a: Zarude|78/100|[from] item: Leftovers
|upkeep
|turn|10
|
|t:|1641704867
|switch|p2a: Scizor|Scizor, F|100/100
|move|p1a: Zarude|Bulk Up|p1a: Zarude
|-boost|p1a: Zarude|atk|1
|-boost|p1a: Zarude|def|1
|
|-heal|p1a: Zarude|85/100|[from] item: Leftovers
|upkeep
|turn|11
|
|t:|1641704870
|move|p1a: Zarude|Darkest Lariat|p2a: Scizor
|-damage|p2a: Scizor|46/100
|move|p2a: Scizor|U-turn|p1a: Zarude
|-supereffective|p1a: Zarude
|-crit|p1a: Zarude
|-damage|p1a: Zarude|0 fnt
|faint|p1a: Zarude
|
|t:|1641704880
|switch|p2a: Slowbro|Slowbro, M|97/100|[from]move: U-turn
|
|upkeep
|
|t:|1641704885
|switch|p1a: Dragapult|Dragapult, M|100/100
|-damage|p1a: Dragapult|88/100|[from] Stealth Rock
|turn|12
|
|t:|1641704889
|move|p1a: Dragapult|Draco Meteor|p2a: Slowbro
|-damage|p2a: Slowbro|34/100
|-unboost|p1a: Dragapult|spa|2
|move|p2a: Slowbro|Ice Beam|p1a: Dragapult
|-supereffective|p1a: Dragapult
|-damage|p1a: Dragapult|12/100
|
|upkeep
|turn|13
|
|t:|1641704902
|switch|p1a: Blacephalon|Blacephalon|100/100
|-damage|p1a: Blacephalon|76/100|[from] Stealth Rock
|switch|p2a: Ferrothorn|Ferrothorn, M|100/100
|
|upkeep
|turn|14
|
|t:|1641704907
|switch|p2a: Heatran|Heatran, M|100/100
|move|p1a: Blacephalon|Flamethrower|p2a: Heatran
|-start|p2a: Heatran|ability: Flash Fire
|
|upkeep
|turn|15
|
|t:|1641704911
|switch|p1a: Toxapex|Toxapex, F|100/100
|-damage|p1a: Toxapex|88/100|[from] Stealth Rock
|move|p2a: Heatran|Magma Storm|p1a: Toxapex
|-resisted|p1a: Toxapex
|-damage|p1a: Toxapex|63/100
|-activate|p1a: Toxapex|move: Magma Storm|[of] p2a: Heatran
|
|-damage|p1a: Toxapex|50/100|[from] move: Magma Storm|[partiallytrapped]
|upkeep
|turn|16
|
|t:|1641704920
|move|p2a: Heatran|Taunt|p1a: Toxapex
|-start|p1a: Toxapex|move: Taunt
|move|p1a: Toxapex|Knock Off|p2a: Heatran
|-damage|p2a: Heatran|88/100
|-enditem|p2a: Heatran|Leftovers|[from] move: Knock Off|[of] p1a: Toxapex
|
|-damage|p1a: Toxapex|38/100|[from] move: Magma Storm|[partiallytrapped]
|upkeep
|turn|17
|
|t:|1641704925
|switch|p1a: Landorus|Landorus-Therian, M|100/100
|-damage|p1a: Landorus|88/100|[from] Stealth Rock
|-ability|p1a: Landorus|Intimidate|boost
|-unboost|p2a: Heatran|atk|1
|move|p2a: Heatran|Magma Storm|p1a: Landorus|[miss]
|-miss|p2a: Heatran|p1a: Landorus
|
|-heal|p1a: Landorus|94/100|[from] item: Leftovers
|upkeep
|turn|18
|
|t:|1641704933
|-end|p2a: Heatran|ability: Flash Fire|[silent]
|switch|p2a: Mandibuzz|Mandibuzz, F|65/100
|move|p1a: Landorus|Stealth Rock|p2a: Mandibuzz
|-sidestart|p2: Felix H.|move: Stealth Rock
|
|-heal|p1a: Landorus|99/100|[from] item: Leftovers
|upkeep
|turn|19
|
|t:|1641704942
|move|p1a: Landorus|Toxic|p2a: Mandibuzz
|-status|p2a: Mandibuzz|tox
|move|p2a: Mandibuzz|Roost|p2a: Mandibuzz
|-heal|p2a: Mandibuzz|100/100 tox
|-singleturn|p2a: Mandibuzz|move: Roost
|
|-heal|p1a: Landorus|100/100|[from] item: Leftovers
|-damage|p2a: Mandibuzz|94/100 tox|[from] psn
|upkeep
|turn|20
|
|t:|1641704946
|move|p1a: Landorus|U-turn|p2a: Mandibuzz
|-crit|p2a: Mandibuzz
|-damage|p2a: Mandibuzz|74/100 tox
|
|t:|1641704948
|switch|p1a: Toxapex|Toxapex, F|71/100|[from]move: U-turn
|-damage|p1a: Toxapex|59/100|[from] Stealth Rock
|move|p2a: Mandibuzz|Defog|p1a: Toxapex
|-unboost|p1a: Toxapex|evasion|1
|-sideend|p1: Loki To 1|Stealth Rock|[from] move: Defog|[of] p2a: Mandibuzz
|-sideend|p2: Felix H.|Stealth Rock|[from] move: Defog|[of] p2a: Mandibuzz
|
|-damage|p2a: Mandibuzz|61/100 tox|[from] psn
|upkeep
|turn|21
|
|t:|1641704953
|switch|p2a: Garchomp|Garchomp, F|87/100
|move|p1a: Toxapex|Knock Off|p2a: Garchomp
|-damage|p2a: Garchomp|78/100
|-damage|p1a: Toxapex|47/100|[from] ability: Rough Skin|[of] p2a: Garchomp
|
|upkeep
|turn|22
|inactive|Loki To 1 has 120 seconds left.
|
|t:|1641705007
|switch|p1a: Corviknight|Corviknight, F|98/100
|-ability|p1a: Corviknight|Pressure
|move|p2a: Garchomp|Earthquake|p1a: Corviknight
|-immune|p1a: Corviknight
|
|upkeep
|turn|23
|
|t:|1641705010
|switch|p2a: Slowbro|Slowbro, M|67/100
|move|p1a: Corviknight|U-turn|p2a: Slowbro
|-supereffective|p2a: Slowbro
|-damage|p2a: Slowbro|45/100
|
|t:|1641705018
|switch|p1a: Blacephalon|Blacephalon|76/100|[from]move: U-turn
|
|upkeep
|turn|24
|
|t:|1641705026
|switch|p2a: Heatran|Heatran, M|88/100
|move|p1a: Blacephalon|Shadow Ball|p2a: Heatran
|-damage|p2a: Heatran|60/100
|
|upkeep
|turn|25
|inactive|Loki To 1 has 120 seconds left.
|
|t:|1641705044
|move|p1a: Blacephalon|Shadow Ball|p2a: Heatran
|-damage|p2a: Heatran|33/100
|move|p2a: Heatran|Magma Storm|p1a: Blacephalon
|-resisted|p1a: Blacephalon
|-damage|p1a: Blacephalon|38/100
|-activate|p1a: Blacephalon|move: Magma Storm|[of] p2a: Heatran
|
|-damage|p1a: Blacephalon|26/100|[from] move: Magma Storm|[partiallytrapped]
|upkeep
|turn|26
|
|t:|1641705052
|switch|p1a: Toxapex|Toxapex, F|80/100
|move|p2a: Heatran|Protect||[still]
|-fail|p2a: Heatran
|
|upkeep
|turn|27
|
|t:|1641705056
|switch|p2a: Garchomp|Garchomp, F|78/100
|move|p1a: Toxapex|Scald|p2a: Garchomp
|-damage|p2a: Garchomp|56/100
|-status|p2a: Garchomp|brn
|
|-damage|p2a: Garchomp|50/100 brn|[from] brn
|upkeep
|turn|28
|
|t:|1641705068
|switch|p2a: Ferrothorn|Ferrothorn, M|100/100
|switch|p1a: Landorus|Landorus-Therian, M|100/100
|-ability|p1a: Landorus|Intimidate|boost
|-unboost|p2a: Ferrothorn|atk|1
|
|upkeep
|turn|29
|
|t:|1641705072
|move|p1a: Landorus|Stealth Rock|p2a: Ferrothorn
|-sidestart|p2: Felix H.|move: Stealth Rock
|move|p2a: Ferrothorn|Stealth Rock|p1a: Landorus
|-sidestart|p1: Loki To 1|move: Stealth Rock
|
|upkeep
|turn|30
|
|t:|1641705076
|switch|p1a: Toxapex|Toxapex, F|100/100
|-damage|p1a: Toxapex|88/100|[from] Stealth Rock
|move|p2a: Ferrothorn|Leech Seed|p1a: Toxapex|[miss]
|-miss|p2a: Ferrothorn|p1a: Toxapex
|
|upkeep
|turn|31
|
|t:|1641705082
|move|p1a: Toxapex|Knock Off|p2a: Ferrothorn
|-damage|p2a: Ferrothorn|93/100
|-damage|p1a: Toxapex|76/100|[from] ability: Iron Barbs|[of] p2a: Ferrothorn
|-enditem|p2a: Ferrothorn|Leftovers|[from] move: Knock Off|[of] p1a: Toxapex
|move|p2a: Ferrothorn|Leech Seed|p1a: Toxapex
|-start|p1a: Toxapex|move: Leech Seed
|
|-damage|p1a: Toxapex|64/100|[from] Leech Seed|[of] p2a: Ferrothorn
|-heal|p2a: Ferrothorn|100/100|[silent]
|upkeep
|turn|32
|
|t:|1641705096
|switch|p1a: Corviknight|Corviknight, F|98/100
|-damage|p1a: Corviknight|86/100|[from] Stealth Rock
|-ability|p1a: Corviknight|Pressure
|switch|p2a: Slowbro|Slowbro, M|78/100
|-damage|p2a: Slowbro|65/100|[from] Stealth Rock
|
|upkeep
|turn|33
|
|t:|1641705099
|move|p1a: Corviknight|U-turn|p2a: Slowbro
|-supereffective|p2a: Slowbro
|-damage|p2a: Slowbro|44/100
|
|t:|1641705103
|switch|p1a: Landorus|Landorus-Therian, M|100/100|[from]move: U-turn
|-damage|p1a: Landorus|88/100|[from] Stealth Rock
|-ability|p1a: Landorus|Intimidate|boost
|-unboost|p2a: Slowbro|atk|1
|move|p2a: Slowbro|Fire Blast|p1a: Landorus
|-damage|p1a: Landorus|61/100
|
|-heal|p1a: Landorus|67/100|[from] item: Leftovers
|upkeep
|turn|34
|
|t:|1641705113
|switch|p2a: Garchomp|Garchomp, F|50/100 brn
|-damage|p2a: Garchomp|44/100 brn|[from] Stealth Rock
|move|p1a: Landorus|U-turn|p2a: Garchomp
|-damage|p2a: Garchomp|22/100 brn
|-damage|p1a: Landorus|55/100|[from] ability: Rough Skin|[of] p2a: Garchomp
|inactive|Loki To 1 has 120 seconds left.
|
|t:|1641705151
|switch|p1a: Corviknight|Corviknight, F|86/100|[from]move: U-turn
|-damage|p1a: Corviknight|74/100|[from] Stealth Rock
|-ability|p1a: Corviknight|Pressure
|
|-damage|p2a: Garchomp|16/100 brn|[from] brn
|upkeep
|turn|35
|
|t:|1641705157
|switch|p2a: Slowbro|Slowbro, M|77/100
|-damage|p2a: Slowbro|64/100|[from] Stealth Rock
|move|p1a: Corviknight|Defog|p2a: Slowbro
|-unboost|p2a: Slowbro|evasion|1
|-sideend|p2: Felix H.|Stealth Rock|[from] move: Defog|[of] p1a: Corviknight
|-sideend|p1: Loki To 1|Stealth Rock|[from] move: Defog|[of] p1a: Corviknight
|
|upkeep
|turn|36
|
|t:|1641705164
|move|p1a: Corviknight|U-turn|p2a: Slowbro
|-supereffective|p2a: Slowbro
|-damage|p2a: Slowbro|40/100
|
|t:|1641705166
|switch|p1a: Dragapult|Dragapult, M|12/100|[from]move: U-turn
|move|p2a: Slowbro|Scald|p1a: Dragapult
|-resisted|p1a: Dragapult
|-damage|p1a: Dragapult|0 fnt
|faint|p1a: Dragapult
|
|upkeep
|
|t:|1641705168
|switch|p1a: Blacephalon|Blacephalon|26/100
|turn|37
|
|t:|1641705178
|switch|p2a: Ferrothorn|Ferrothorn, M|100/100
|move|p1a: Blacephalon|Shadow Ball|p2a: Ferrothorn
|-damage|p2a: Ferrothorn|57/100
|
|upkeep
|turn|38
|
|t:|1641705186
|move|p1a: Blacephalon|Shadow Ball|p2a: Ferrothorn
|-damage|p2a: Ferrothorn|17/100
|move|p2a: Ferrothorn|Leech Seed|p1a: Blacephalon|[miss]
|-miss|p2a: Ferrothorn|p1a: Blacephalon
|
|upkeep
|turn|39
|c|☆Felix H.|uff
|
|t:|1641705199
|switch|p2a: Mandibuzz|Mandibuzz, F|61/100 tox
|move|p1a: Blacephalon|Shadow Ball|p2a: Mandibuzz
|-resisted|p2a: Mandibuzz
|-damage|p2a: Mandibuzz|42/100 tox
|
|-damage|p2a: Mandibuzz|36/100 tox|[from] psn
|upkeep
|turn|40
|
|t:|1641705206
|switch|p1a: Corviknight|Corviknight, F|74/100
|-ability|p1a: Corviknight|Pressure
|move|p2a: Mandibuzz|Roost|p2a: Mandibuzz
|-heal|p2a: Mandibuzz|86/100 tox
|-singleturn|p2a: Mandibuzz|move: Roost
|
|-damage|p2a: Mandibuzz|74/100 tox|[from] psn
|upkeep
|turn|41
|
|t:|1641705210
|switch|p2a: Slowbro|Slowbro, M|73/100
|move|p1a: Corviknight|U-turn|p2a: Slowbro
|-supereffective|p2a: Slowbro
|-crit|p2a: Slowbro
|-damage|p2a: Slowbro|41/100
|
|t:|1641705212
|switch|p1a: Blacephalon|Blacephalon|26/100|[from]move: U-turn
|
|upkeep
|turn|42
|
|t:|1641705216
|switch|p2a: Heatran|Heatran, M|33/100
|move|p1a: Blacephalon|Shadow Ball|p2a: Heatran
|-damage|p2a: Heatran|3/100
|
|upkeep
|turn|43
|
|t:|1641705221
|move|p2a: Heatran|Protect|p2a: Heatran
|-singleturn|p2a: Heatran|Protect
|move|p1a: Blacephalon|Shadow Ball|p2a: Heatran
|-activate|p2a: Heatran|move: Protect
|
|upkeep
|turn|44
|
|t:|1641705224
|switch|p2a: Mandibuzz|Mandibuzz, F|74/100 tox
|move|p1a: Blacephalon|Shadow Ball|p2a: Mandibuzz
|-resisted|p2a: Mandibuzz
|-damage|p2a: Mandibuzz|55/100 tox
|
|-damage|p2a: Mandibuzz|49/100 tox|[from] psn
|upkeep
|turn|45
|
|t:|1641705227
|switch|p1a: Corviknight|Corviknight, F|74/100
|-ability|p1a: Corviknight|Pressure
|move|p2a: Mandibuzz|Roost|p2a: Mandibuzz
|-heal|p2a: Mandibuzz|99/100 tox
|-singleturn|p2a: Mandibuzz|move: Roost
|
|-damage|p2a: Mandibuzz|87/100 tox|[from] psn
|upkeep
|turn|46
|
|t:|1641705233
|move|p2a: Mandibuzz|U-turn|p1a: Corviknight
|-resisted|p1a: Corviknight
|-damage|p1a: Corviknight|72/100
|-damage|p2a: Mandibuzz|70/100 tox|[from] item: Rocky Helmet|[of] p1a: Corviknight
|
|t:|1641705236
|switch|p2a: Garchomp|Garchomp, F|16/100 brn|[from]move: U-turn
|move|p1a: Corviknight|U-turn|p2a: Garchomp
|-damage|p2a: Garchomp|1/100 brn
|-damage|p1a: Corviknight|60/100|[from] ability: Rough Skin|[of] p2a: Garchomp
|
|t:|1641705238
|switch|p1a: Blacephalon|Blacephalon|26/100|[from]move: U-turn
|
|-damage|p2a: Garchomp|0 fnt|[from] brn
|faint|p2a: Garchomp
|upkeep
|
|t:|1641705247
|switch|p2a: Mandibuzz|Mandibuzz, F|70/100 tox
|turn|47
|
|t:|1641705250
|switch|p1a: Corviknight|Corviknight, F|60/100
|-ability|p1a: Corviknight|Pressure
|move|p2a: Mandibuzz|Roost|p2a: Mandibuzz
|-heal|p2a: Mandibuzz|100/100 tox
|-singleturn|p2a: Mandibuzz|move: Roost
|
|-damage|p2a: Mandibuzz|94/100 tox|[from] psn
|upkeep
|turn|48
|
|t:|1641705255
|switch|p2a: Ferrothorn|Ferrothorn, M|17/100
|move|p1a: Corviknight|U-turn|p2a: Ferrothorn
|-damage|p2a: Ferrothorn|8/100
|-damage|p1a: Corviknight|48/100|[from] ability: Iron Barbs|[of] p2a: Ferrothorn
|
|t:|1641705256
|switch|p1a: Blacephalon|Blacephalon|26/100|[from]move: U-turn
|
|upkeep
|turn|49
|
|t:|1641705263
|move|p2a: Ferrothorn|Protect|p2a: Ferrothorn
|-singleturn|p2a: Ferrothorn|Protect
|move|p1a: Blacephalon|Shadow Ball|p2a: Ferrothorn
|-activate|p2a: Ferrothorn|move: Protect
|
|upkeep
|turn|50
|
|t:|1641705267
|switch|p2a: Mandibuzz|Mandibuzz, F|94/100 tox
|move|p1a: Blacephalon|Shadow Ball|p2a: Mandibuzz
|-resisted|p2a: Mandibuzz
|-damage|p2a: Mandibuzz|75/100 tox
|
|-damage|p2a: Mandibuzz|69/100 tox|[from] psn
|upkeep
|turn|51
|
|t:|1641705274
|switch|p1a: Toxapex|Toxapex, F|97/100
|switch|p2a: Slowbro|Slowbro, M|74/100
|
|upkeep
|turn|52
|
|t:|1641705277
|move|p1a: Toxapex|Knock Off|p2a: Slowbro
|-supereffective|p2a: Slowbro
|-damage|p2a: Slowbro|51/100
|-enditem|p2a: Slowbro|Assault Vest|[from] move: Knock Off|[of] p1a: Toxapex
|move|p2a: Slowbro|Psyshock|p1a: Toxapex
|-supereffective|p1a: Toxapex
|-damage|p1a: Toxapex|48/100
|
|upkeep
|turn|53
|
|t:|1641705291
|switch|p1a: Corviknight|Corviknight, F|48/100
|-ability|p1a: Corviknight|Pressure
|move|p2a: Slowbro|Psyshock|p1a: Corviknight
|-resisted|p1a: Corviknight
|-damage|p1a: Corviknight|36/100
|
|upkeep
|turn|54
|
|t:|1641705296
|move|p1a: Corviknight|Roost|p1a: Corviknight
|-heal|p1a: Corviknight|86/100
|-singleturn|p1a: Corviknight|move: Roost
|move|p2a: Slowbro|Fire Blast|p1a: Corviknight
|-supereffective|p1a: Corviknight
|-damage|p1a: Corviknight|27/100
|
|upkeep
|turn|55
|
|t:|1641705301
|move|p1a: Corviknight|Roost|p1a: Corviknight
|-heal|p1a: Corviknight|77/100
|-singleturn|p1a: Corviknight|move: Roost
|move|p2a: Slowbro|Fire Blast|p1a: Corviknight
|-supereffective|p1a: Corviknight
|-damage|p1a: Corviknight|14/100
|
|upkeep
|turn|56
|
|t:|1641705307
|move|p1a: Corviknight|Roost|p1a: Corviknight
|-heal|p1a: Corviknight|64/100
|-singleturn|p1a: Corviknight|move: Roost
|move|p2a: Slowbro|Scald|p1a: Corviknight
|-damage|p1a: Corviknight|30/100
|-status|p1a: Corviknight|brn
|
|-damage|p1a: Corviknight|24/100 brn|[from] brn
|upkeep
|turn|57
|
|t:|1641705314
|move|p1a: Corviknight|Roost|p1a: Corviknight
|-heal|p1a: Corviknight|74/100 brn
|-singleturn|p1a: Corviknight|move: Roost
|move|p2a: Slowbro|Fire Blast|p1a: Corviknight
|-supereffective|p1a: Corviknight
|-damage|p1a: Corviknight|12/100 brn
|
|-damage|p1a: Corviknight|6/100 brn|[from] brn
|upkeep
|turn|58
|
|t:|1641705316
|move|p1a: Corviknight|Roost|p1a: Corviknight
|-heal|p1a: Corviknight|56/100 brn
|-singleturn|p1a: Corviknight|move: Roost
|move|p2a: Slowbro|Scald|p1a: Corviknight
|-damage|p1a: Corviknight|22/100 brn
|
|-damage|p1a: Corviknight|16/100 brn|[from] brn
|upkeep
|turn|59
|
|t:|1641705319
|move|p1a: Corviknight|Roost|p1a: Corviknight
|-heal|p1a: Corviknight|66/100 brn
|-singleturn|p1a: Corviknight|move: Roost
|move|p2a: Slowbro|Scald|p1a: Corviknight
|-damage|p1a: Corviknight|34/100 brn
|
|-damage|p1a: Corviknight|28/100 brn|[from] brn
|upkeep
|turn|60
|
|t:|1641705322
|move|p1a: Corviknight|Roost|p1a: Corviknight
|-heal|p1a: Corviknight|78/100 brn
|-singleturn|p1a: Corviknight|move: Roost
|move|p2a: Slowbro|Fire Blast|p1a: Corviknight
|-supereffective|p1a: Corviknight
|-damage|p1a: Corviknight|11/100 brn
|
|-damage|p1a: Corviknight|5/100 brn|[from] brn
|upkeep
|turn|61
|
|t:|1641705324
|move|p1a: Corviknight|Roost|p1a: Corviknight
|-heal|p1a: Corviknight|55/100 brn
|-singleturn|p1a: Corviknight|move: Roost
|move|p2a: Slowbro|Scald|p1a: Corviknight
|-damage|p1a: Corviknight|21/100 brn
|
|-damage|p1a: Corviknight|15/100 brn|[from] brn
|upkeep
|turn|62
|
|t:|1641705332
|move|p1a: Corviknight|Roost|p1a: Corviknight
|-heal|p1a: Corviknight|65/100 brn
|-singleturn|p1a: Corviknight|move: Roost
|move|p2a: Slowbro|Scald|p1a: Corviknight
|-damage|p1a: Corviknight|31/100 brn
|
|-damage|p1a: Corviknight|25/100 brn|[from] brn
|upkeep
|turn|63
|
|t:|1641705337
|switch|p2a: Scizor|Scizor, F|46/100
|move|p1a: Corviknight|Roost|p1a: Corviknight
|-heal|p1a: Corviknight|75/100 brn
|-singleturn|p1a: Corviknight|move: Roost
|
|-heal|p2a: Scizor|52/100|[from] item: Leftovers
|-damage|p1a: Corviknight|69/100 brn|[from] brn
|upkeep
|turn|64
|
|t:|1641705339
|move|p1a: Corviknight|U-turn|p2a: Scizor
|-resisted|p2a: Scizor
|-damage|p2a: Scizor|49/100
|
|t:|1641705342
|switch|p1a: Toxapex|Toxapex, F|81/100|[from]move: U-turn
|move|p2a: Scizor|Roost|p2a: Scizor
|-heal|p2a: Scizor|99/100
|-singleturn|p2a: Scizor|move: Roost
|
|-heal|p2a: Scizor|100/100|[from] item: Leftovers
|upkeep
|turn|65
|
|t:|1641705347
|move|p2a: Scizor|U-turn|p1a: Toxapex
|-resisted|p1a: Toxapex
|-damage|p1a: Toxapex|71/100
|
|t:|1641705349
|switch|p2a: Slowbro|Slowbro, M|84/100|[from]move: U-turn
|move|p1a: Toxapex|Scald|p2a: Slowbro
|-resisted|p2a: Slowbro
|-damage|p2a: Slowbro|75/100
|-status|p2a: Slowbro|brn
|
|-damage|p2a: Slowbro|69/100 brn|[from] brn
|upkeep
|turn|66
|
|t:|1641705354
|switch|p1a: Corviknight|Corviknight, F|69/100 brn
|-ability|p1a: Corviknight|Pressure
|move|p2a: Slowbro|Psyshock|p1a: Corviknight
|-resisted|p1a: Corviknight
|-damage|p1a: Corviknight|57/100 brn
|
|-damage|p1a: Corviknight|51/100 brn|[from] brn
|-damage|p2a: Slowbro|63/100 brn|[from] brn
|upkeep
|turn|67
|
|t:|1641705357
|switch|p2a: Heatran|Heatran, M|3/100
|move|p1a: Corviknight|Roost|p1a: Corviknight
|-heal|p1a: Corviknight|100/100 brn
|-singleturn|p1a: Corviknight|move: Roost
|
|-damage|p1a: Corviknight|94/100 brn|[from] brn
|upkeep
|turn|68
|
|t:|1641705362
|switch|p1a: Toxapex|Toxapex, F|100/100
|move|p2a: Heatran|Magma Storm|p1a: Toxapex
|-resisted|p1a: Toxapex
|-damage|p1a: Toxapex|83/100
|-activate|p1a: Toxapex|move: Magma Storm|[of] p2a: Heatran
|
|-damage|p1a: Toxapex|71/100|[from] move: Magma Storm|[partiallytrapped]
|upkeep
|turn|69
|
|t:|1641705369
|move|p2a: Heatran|Protect|p2a: Heatran
|-singleturn|p2a: Heatran|Protect
|move|p1a: Toxapex|Knock Off|p2a: Heatran
|-activate|p2a: Heatran|move: Protect
|
|-damage|p1a: Toxapex|59/100|[from] move: Magma Storm|[partiallytrapped]
|upkeep
|turn|70
|
|t:|1641705375
|switch|p2a: Slowbro|Slowbro, M|96/100 brn
|move|p1a: Toxapex|Scald|p2a: Slowbro
|-resisted|p2a: Slowbro
|-damage|p2a: Slowbro|88/100 brn
|
|-damage|p2a: Slowbro|82/100 brn|[from] brn
|-end|p1a: Toxapex|Magma Storm|[partiallytrapped]|[silent]
|upkeep
|turn|71
|
|t:|1641705383
|switch|p1a: Corviknight|Corviknight, F|94/100 brn
|-ability|p1a: Corviknight|Pressure
|move|p2a: Slowbro|Psyshock|p1a: Corviknight
|-resisted|p1a: Corviknight
|-damage|p1a: Corviknight|83/100 brn
|
|-damage|p1a: Corviknight|77/100 brn|[from] brn
|-damage|p2a: Slowbro|76/100 brn|[from] brn
|upkeep
|turn|72
|c|☆Felix H.|goshthis game is disgusting
|-message|Felix H. forfeited.
|
|win|Loki To 1
|raw|Loki To 1's rating: 1489 &rarr; <strong>1513</strong><br />(+24 for winning)
|raw|Felix H.'s rating: 1555 &rarr; <strong>1531</strong><br />(-24 for losing)
|l|☆Felix H.
