|j|☆mistborn1371
|j|☆Suunyydii
|t:|1641850334
|gametype|singles
|player|p1|mistborn1371|101|1224
|player|p2|Suunyydii|lance|1192
|teamsize|p1|6
|teamsize|p2|6
|gen|8
|tier|[Gen 8] OU
|rated|
|rule|Sleep Clause Mod: Limit one foe put to sleep
|rule|Species Clause: Limit one of each Pokémon
|rule|OHKO Clause: OHKO moves are banned
|rule|Evasion Moves Clause: Evasion moves are banned
|rule|Endless Battle Clause: Forcing endless battles is banned
|rule|HP Percentage Mod: HP is shown in percentages
|rule|Dynamax Clause: You cannot dynamax
|clearpoke
|poke|p1|Tapu Lele|
|poke|p1|Buzzwole|
|poke|p1|Dragonite, M|
|poke|p1|Bisharp, F|
|poke|p1|Landorus-Therian, M|
|poke|p1|Blacephalon|
|poke|p2|Dragonite, F|
|poke|p2|Kommo-o, M|
|poke|p2|Garchomp, M|
|poke|p2|Dragapult, F|
|poke|p2|Salamence, F|
|poke|p2|Latios, M|
|teampreview
|inactive|Battle timer is ON: inactive players will automatically lose when time's up. (requested by Suunyydii)
|inactive|mistborn1371 also wants the timer to be on.
|inactive|Suunyydii has 120 seconds left.
|
|t:|1641850369
|start
|switch|p1a: Tapu Lele|Tapu Lele, shiny|100/100
|switch|p2a: Kommo-o|Kommo-o, M|100/100
|-fieldstart|move: Psychic Terrain|[from] ability: Psychic Surge|[of] p1a: Tapu Lele
|turn|1
|
|t:|1641850379
|move|p1a: Tapu Lele|Moonblast|p2a: Kommo-o
|-supereffective|p2a: Kommo-o
|-damage|p2a: Kommo-o|0 fnt
|faint|p2a: Kommo-o
|
|upkeep
|
|t:|1641850391
|switch|p2a: Dragonite|Dragonite, F|100/100
|turn|2
|
|t:|1641850395
|move|p1a: Tapu Lele|Moonblast|p2a: Dragonite
|-supereffective|p2a: Dragonite
|-damage|p2a: Dragonite|18/100
|-unboost|p2a: Dragonite|spa|1
|-enditem|p2a: Dragonite|Weakness Policy
|-boost|p2a: Dragonite|atk|2|[from] item: Weakness Policy
|-boost|p2a: Dragonite|spa|2|[from] item: Weakness Policy
|move|p2a: Dragonite|Dragon Dance|p2a: Dragonite
|-boost|p2a: Dragonite|atk|1
|-boost|p2a: Dragonite|spe|1
|
|upkeep
|turn|3
|
|t:|1641850413
|switch|p1a: Landorus|Landorus-Therian, M|100/100
|-ability|p1a: Landorus|Intimidate|boost
|-unboost|p2a: Dragonite|atk|1
|move|p2a: Dragonite|Dual Wingbeat|p1a: Landorus
|-damage|p1a: Landorus|63/100
|-damage|p2a: Dragonite|1/100|[from] item: Rocky Helmet|[of] p1a: Landorus
|-damage|p1a: Landorus|29/100
|-damage|p2a: Dragonite|0 fnt|[from] item: Rocky Helmet|[of] p1a: Landorus
|faint|p2a: Dragonite
|-hitcount|p1a: Landorus|2
|
|upkeep
|c|☆Suunyydii|Not bad
|
|t:|1641850435
|switch|p2a: Dragapult|Dragapult, F|100/100
|turn|4
|inactive|Suunyydii has 120 seconds left.
|
|t:|1641850450
|move|p2a: Dragapult|Flamethrower|p1a: Landorus
|-damage|p1a: Landorus|0 fnt
|faint|p1a: Landorus
|
|upkeep
|
|t:|1641850467
|switch|p1a: Dragonite|Dragonite, M|100/100
|turn|5
|
|t:|1641850473
|switch|p2a: Latios|Latios, M|100/100
|move|p1a: Dragonite|Ice Beam|p2a: Latios
|-supereffective|p2a: Latios
|-damage|p2a: Latios|60/100
|
|-fieldend|move: Psychic Terrain
|upkeep
|turn|6
|
|t:|1641850482
|move|p2a: Latios|Calm Mind|p2a: Latios
|-boost|p2a: Latios|spa|1
|-boost|p2a: Latios|spd|1
|move|p1a: Dragonite|Ice Beam|p2a: Latios
|-supereffective|p2a: Latios
|-damage|p2a: Latios|33/100
|
|upkeep
|turn|7
|
|t:|1641850497
|switch|p1a: Bisharp|Bisharp, F|100/100
|move|p2a: Latios|Ice Beam|p1a: Bisharp
|-resisted|p1a: Bisharp
|-damage|p1a: Bisharp|69/100
|
|upkeep
|turn|8
|
|t:|1641850519
|switch|p2a: Garchomp|Garchomp, M|100/100
|move|p1a: Bisharp|Knock Off|p2a: Garchomp
|-damage|p2a: Garchomp|32/100
|-damage|p1a: Bisharp|57/100|[from] ability: Rough Skin|[of] p2a: Garchomp
|-enditem|p2a: Garchomp|Choice Band|[from] move: Knock Off|[of] p1a: Bisharp
|
|upkeep
|turn|9
|
|t:|1641850537
|move|p1a: Bisharp|Sucker Punch|p2a: Garchomp
|-damage|p2a: Garchomp|0 fnt
|-damage|p1a: Bisharp|45/100|[from] ability: Rough Skin|[of] p2a: Garchomp
|faint|p2a: Garchomp
|
|upkeep
|
|t:|1641850546
|switch|p2a: Salamence|Salamence, F|100/100
|turn|10
|
|t:|1641850551
|move|p2a: Salamence|Dragon Dance|p2a: Salamence
|-boost|p2a: Salamence|atk|1
|-boost|p2a: Salamence|spe|1
|move|p1a: Bisharp|Swords Dance|p1a: Bisharp
|-boost|p1a: Bisharp|atk|2
|
|upkeep
|turn|11
|
|t:|1641850561
|move|p1a: Bisharp|Sucker Punch||[still]
|-fail|p1a: Bisharp
|move|p2a: Salamence|Dragon Dance|p2a: Salamence
|-boost|p2a: Salamence|atk|1
|-boost|p2a: Salamence|spe|1
|
|upkeep
|turn|12
|
|t:|1641850569
|move|p1a: Bisharp|Sucker Punch|p2a: Salamence
|-damage|p2a: Salamence|0 fnt
|faint|p2a: Salamence
|
|upkeep
|c|☆Suunyydii|Gg
|-message|Suunyydii forfeited.
|
|win|mistborn1371
|raw|mistborn1371's rating: 1224 &rarr; <strong>1247</strong><br />(+23 for winning)
|raw|Suunyydii's rating: 1192 &rarr; <strong>1169</strong><br />(-23 for losing)
|l|☆Suunyydii
