|j|☆yes bruh moment
|j|☆Shivam_Z
|t:|1641700329
|gametype|singles
|player|p1|yes bruh moment|169|1192
|player|p2|Shivam_Z|unknown|1166
|teamsize|p1|6
|teamsize|p2|6
|gen|8
|tier|[Gen 8] OU
|rated|
|rule|Sleep Clause Mod: Limit one foe put to sleep
|rule|Species Clause: Limit one of each Pokémon
|rule|OHKO Clause: OHKO moves are banned
|rule|Evasion Moves Clause: Evasion moves are banned
|rule|Endless Battle Clause: Forcing endless battles is banned
|rule|HP Percentage Mod: HP is shown in percentages
|rule|Dynamax Clause: You cannot dynamax
|clearpoke
|poke|p1|Incineroar, F|
|poke|p1|Hippowdon, M|
|poke|p1|Garchomp, F|
|poke|p1|Sandslash, M|
|poke|p1|Tapu Fini|
|poke|p1|Dracozolt|
|poke|p2|Tapu Lele|
|poke|p2|Magnezone|
|poke|p2|Weavile, M|
|poke|p2|Slowbro, M|
|poke|p2|Landorus-Therian, M|
|poke|p2|Nihilego|
|teampreview
|
|t:|1641700363
|start
|switch|p1a: Hippowdon|Hippowdon, M|100/100
|switch|p2a: Tapu Lele|Tapu Lele|100/100
|-fieldstart|move: Psychic Terrain|[from] ability: Psychic Surge|[of] p2a: Tapu Lele
|-weather|Sandstorm|[from] ability: Sand Stream|[of] p1a: Hippowdon
|turn|1
|
|t:|1641700381
|move|p2a: Tapu Lele|Energy Ball|p1a: Hippowdon
|-supereffective|p1a: Hippowdon
|-damage|p1a: Hippowdon|27/100
|move|p1a: Hippowdon|Stealth Rock|p2a: Tapu Lele
|-sidestart|p2: Shivam_Z|move: Stealth Rock
|
|-weather|Sandstorm|[upkeep]
|-damage|p2a: Tapu Lele|94/100|[from] Sandstorm
|upkeep
|turn|2
|
|t:|1641700408
|switch|p1a: Garchomp|Garchomp, F|100/100
|move|p2a: Tapu Lele|Energy Ball|p1a: Garchomp
|-damage|p1a: Garchomp|64/100
|
|-weather|Sandstorm|[upkeep]
|-damage|p2a: Tapu Lele|88/100|[from] Sandstorm
|upkeep
|turn|3
|
|t:|1641700417
|switch|p2a: Slowbro|Slowbro, M|100/100
|move|p1a: Garchomp|Crunch|p2a: Slowbro
|-supereffective|p2a: Slowbro
|-damage|p2a: Slowbro|59/100
|
|-weather|Sandstorm|[upkeep]
|-damage|p2a: Slowbro|53/100|[from] Sandstorm
|upkeep
|turn|4
|
|t:|1641700429
|move|p1a: Garchomp|Crunch|p2a: Slowbro
|-supereffective|p2a: Slowbro
|-damage|p2a: Slowbro|12/100
|-unboost|p2a: Slowbro|def|1
|move|p2a: Slowbro|Slack Off|p2a: Slowbro
|-heal|p2a: Slowbro|62/100
|
|-weather|Sandstorm|[upkeep]
|-damage|p2a: Slowbro|56/100|[from] Sandstorm
|upkeep
|turn|5
|
|t:|1641700436
|switch|p2a: Magnezone|Magnezone|100/100
|-damage|p2a: Magnezone|94/100|[from] Stealth Rock
|move|p1a: Garchomp|Crunch|p2a: Magnezone
|-damage|p2a: Magnezone|69/100
|-unboost|p2a: Magnezone|def|1
|-damage|p1a: Garchomp|47/100|[from] item: Rocky Helmet|[of] p2a: Magnezone
|
|-weather|Sandstorm|[upkeep]
|-fieldend|move: Psychic Terrain
|upkeep
|turn|6
|
|t:|1641700446
|move|p1a: Garchomp|Earthquake|p2a: Magnezone
|-supereffective|p2a: Magnezone
|-damage|p2a: Magnezone|0 fnt
|faint|p2a: Magnezone
|
|-weather|Sandstorm|[upkeep]
|upkeep
|
|t:|1641700450
|switch|p2a: Landorus|Landorus-Therian, M|100/100
|-damage|p2a: Landorus|88/100|[from] Stealth Rock
|-ability|p2a: Landorus|Intimidate|boost
|-unboost|p1a: Garchomp|atk|1
|turn|7
|
|t:|1641700465
|move|p1a: Garchomp|Hone Claws|p1a: Garchomp
|-boost|p1a: Garchomp|atk|1
|-boost|p1a: Garchomp|accuracy|1
|move|p2a: Landorus|Defog|p1a: Garchomp
|-unboost|p1a: Garchomp|evasion|1
|-sideend|p2: Shivam_Z|Stealth Rock|[from] move: Defog|[of] p2a: Landorus
|
|-weather|Sandstorm|[upkeep]
|-heal|p2a: Landorus|94/100|[from] item: Leftovers
|upkeep
|turn|8
|
|t:|1641700475
|move|p1a: Garchomp|Hone Claws|p1a: Garchomp
|-boost|p1a: Garchomp|atk|1
|-boost|p1a: Garchomp|accuracy|1
|move|p2a: Landorus|Earthquake|p1a: Garchomp
|-damage|p1a: Garchomp|2/100
|
|-weather|none
|-heal|p2a: Landorus|99/100|[from] item: Leftovers
|upkeep
|turn|9
|
|t:|1641700487
|move|p1a: Garchomp|Stone Edge|p2a: Landorus
|-damage|p2a: Landorus|59/100
|move|p2a: Landorus|U-turn|p1a: Garchomp
|-damage|p1a: Garchomp|0 fnt
|-damage|p2a: Landorus|46/100|[from] ability: Rough Skin|[of] p1a: Garchomp
|-damage|p2a: Landorus|30/100|[from] item: Rocky Helmet|[of] p1a: Garchomp
|faint|p1a: Garchomp
|
|t:|1641700504
|switch|p2a: Slowbro|Slowbro, M|89/100|[from]move: U-turn
|
|upkeep
|
|t:|1641700524
|switch|p1a: Incineroar|Incineroar, F|100/100
|-ability|p1a: Incineroar|Intimidate|boost
|-unboost|p2a: Slowbro|atk|1
|turn|10
|
|t:|1641700530
|move|p1a: Incineroar|Fake Out|p2a: Slowbro
|-damage|p2a: Slowbro|77/100
|cant|p2a: Slowbro|flinch
|
|upkeep
|turn|11
|inactive|Battle timer is ON: inactive players will automatically lose when time's up. (requested by Shivam_Z)
|
|t:|1641700546
|move|p1a: Incineroar|Knock Off|p2a: Slowbro
|-supereffective|p2a: Slowbro
|-damage|p2a: Slowbro|0 fnt
|-enditem|p2a: Slowbro|Heavy-Duty Boots|[from] move: Knock Off|[of] p1a: Incineroar
|faint|p2a: Slowbro
|
|upkeep
|
|t:|1641700551
|switch|p2a: Nihilego|Nihilego|100/100
|turn|12
|
|t:|1641700559
|move|p2a: Nihilego|Grass Knot|p1a: Incineroar
|-resisted|p1a: Incineroar
|-damage|p1a: Incineroar|83/100
|move|p1a: Incineroar|Parting Shot|p2a: Nihilego
|-unboost|p2a: Nihilego|atk|1
|-unboost|p2a: Nihilego|spa|1
|
|t:|1641700587
|switch|p1a: Hippowdon|Hippowdon, M|27/100|[from]move: Parting Shot
|-weather|Sandstorm|[from] ability: Sand Stream|[of] p1a: Hippowdon
|
|-weather|Sandstorm|[upkeep]
|upkeep
|turn|13
|
|t:|1641700608
|switch|p1a: Incineroar|Incineroar, F|83/100
|-ability|p1a: Incineroar|Intimidate|boost
|-unboost|p2a: Nihilego|atk|1
|move|p2a: Nihilego|Grass Knot|p1a: Incineroar
|-resisted|p1a: Incineroar
|-damage|p1a: Incineroar|69/100
|
|-weather|Sandstorm|[upkeep]
|-damage|p1a: Incineroar|63/100|[from] Sandstorm
|-heal|p1a: Incineroar|69/100|[from] item: Leftovers
|upkeep
|turn|14
|
|t:|1641700623
|switch|p2a: Landorus|Landorus-Therian, M|30/100
|-ability|p2a: Landorus|Intimidate|boost
|-unboost|p1a: Incineroar|atk|1
|move|p1a: Incineroar|Parting Shot|p2a: Landorus
|-unboost|p2a: Landorus|atk|1
|-unboost|p2a: Landorus|spa|1
|inactive|yes bruh moment has 120 seconds left.
|
|t:|1641700634
|switch|p1a: Tapu Fini|Tapu Fini|100/100|[from]move: Parting Shot
|-fieldstart|move: Misty Terrain|[from] ability: Misty Surge|[of] p1a: Tapu Fini
|
|-weather|Sandstorm|[upkeep]
|-damage|p1a: Tapu Fini|94/100|[from] Sandstorm
|-heal|p1a: Tapu Fini|100/100|[from] item: Leftovers
|-heal|p2a: Landorus|36/100|[from] item: Leftovers
|upkeep
|turn|15
|
|t:|1641700641
|switch|p2a: Weavile|Weavile, M|100/100
|-ability|p2a: Weavile|Pressure
|move|p1a: Tapu Fini|Scald|p2a: Weavile
|-crit|p2a: Weavile
|-damage|p2a: Weavile|42/100
|
|-weather|Sandstorm|[upkeep]
|-damage|p2a: Weavile|36/100|[from] Sandstorm
|-damage|p1a: Tapu Fini|94/100|[from] Sandstorm
|-heal|p1a: Tapu Fini|100/100|[from] item: Leftovers
|upkeep
|turn|16
|
|t:|1641700657
|move|p2a: Weavile|Triple Axel|p1a: Tapu Fini
|-resisted|p1a: Tapu Fini
|-damage|p1a: Tapu Fini|96/100
|-hitcount|p1a: Tapu Fini|1
|move|p1a: Tapu Fini|Moonblast|p2a: Weavile
|-supereffective|p2a: Weavile
|-damage|p2a: Weavile|0 fnt
|faint|p2a: Weavile
|
|-weather|Sandstorm|[upkeep]
|-damage|p1a: Tapu Fini|90/100|[from] Sandstorm
|-heal|p1a: Tapu Fini|96/100|[from] item: Leftovers
|upkeep
|l|☆Shivam_Z
|inactive|Shivam_Z disconnected and has a minute to reconnect!
|player|p2|
|inactive|Shivam_Z has 30 seconds to reconnect!
|inactive|Shivam_Z has 20 seconds to reconnect!
|inactive|Shivam_Z has 15 seconds to reconnect!
|inactive|Shivam_Z has 10 seconds to reconnect!
|inactive|Shivam_Z has 5 seconds to reconnect!
|-message|Shivam_Z lost due to inactivity.
|
|win|yes bruh moment
|raw|yes bruh moment's rating: 1192 &rarr; <strong>1215</strong><br />(+23 for winning)
|raw|Shivam_Z's rating: 1166 &rarr; <strong>1143</strong><br />(-23 for losing)
