|j|☆alger alt
|j|☆alucemet
|t:|1641700553
|gametype|singles
|player|p1|alger alt|iris-gen5bw2|1455
|player|p2|alucemet|101|1588
|teamsize|p1|6
|teamsize|p2|6
|gen|8
|tier|[Gen 8] OU
|rated|
|rule|Sleep Clause Mod: Limit one foe put to sleep
|rule|Species Clause: Limit one of each Pokémon
|rule|OHKO Clause: OHKO moves are banned
|rule|Evasion Moves Clause: Evasion moves are banned
|rule|Endless Battle Clause: Forcing endless battles is banned
|rule|HP Percentage Mod: HP is shown in percentages
|rule|Dynamax Clause: You cannot dynamax
|clearpoke
|poke|p1|Volcanion|
|poke|p1|Ninetales-Alola, M|
|poke|p1|Corviknight, M|
|poke|p1|Arctozolt|
|poke|p1|Landorus-Therian, M|
|poke|p1|Tornadus-Therian, M|
|poke|p2|Heatran, M|
|poke|p2|Rillaboom, M|
|poke|p2|Xurkitree|
|poke|p2|Landorus-Therian, M|
|poke|p2|Urshifu-*, M|
|poke|p2|Tapu Fini|
|teampreview
|inactive|Battle timer is ON: inactive players will automatically lose when time's up. (requested by alucemet)
|
|t:|1641700567
|start
|switch|p1a: Ninetales|Ninetales-Alola, M|100/100
|switch|p2a: Heatran|Heatran, M|100/100
|-weather|Hail|[from] ability: Snow Warning|[of] p1a: Ninetales
|turn|1
|
|t:|1641700577
|switch|p1a: Volcanion|Volcanion|100/100
|move|p2a: Heatran|Earth Power|p1a: Volcanion
|-supereffective|p1a: Volcanion
|-damage|p1a: Volcanion|0 fnt
|faint|p1a: Volcanion
|
|-weather|Hail|[upkeep]
|-damage|p2a: Heatran|94/100|[from] Hail
|upkeep
|
|t:|1641700581
|switch|p1a: Landorus|Landorus-Therian, M|100/100
|-ability|p1a: Landorus|Intimidate|boost
|-unboost|p2a: Heatran|atk|1
|turn|2
|
|t:|1641700585
|switch|p2a: Landorus|Landorus-Therian, M|100/100
|-ability|p2a: Landorus|Intimidate|boost
|-unboost|p1a: Landorus|atk|1
|move|p1a: Landorus|Stealth Rock|p2a: Landorus
|-sidestart|p2: alucemet|move: Stealth Rock
|
|-weather|Hail|[upkeep]
|-damage|p2a: Landorus|94/100|[from] Hail
|-damage|p1a: Landorus|94/100|[from] Hail
|-heal|p2a: Landorus|100/100|[from] item: Leftovers
|-heal|p1a: Landorus|100/100|[from] item: Leftovers
|upkeep
|turn|3
|
|t:|1641700588
|move|p2a: Landorus|Stealth Rock|p1a: Landorus
|-sidestart|p1: alger alt|move: Stealth Rock
|move|p1a: Landorus|U-turn|p2a: Landorus
|-resisted|p2a: Landorus
|-damage|p2a: Landorus|95/100
|
|t:|1641700590
|switch|p1a: Arctozolt|Arctozolt|100/100|[from]move: U-turn
|-damage|p1a: Arctozolt|76/100|[from] Stealth Rock
|
|-weather|Hail|[upkeep]
|-damage|p2a: Landorus|89/100|[from] Hail
|-heal|p1a: Arctozolt|82/100|[from] item: Leftovers
|-heal|p2a: Landorus|95/100|[from] item: Leftovers
|upkeep
|turn|4
|
|t:|1641700601
|switch|p2a: Tapu Fini|Tapu Fini|100/100
|-damage|p2a: Tapu Fini|88/100|[from] Stealth Rock
|-fieldstart|move: Misty Terrain|[from] ability: Misty Surge|[of] p2a: Tapu Fini
|move|p1a: Arctozolt|Substitute|p1a: Arctozolt
|-start|p1a: Arctozolt|Substitute
|-damage|p1a: Arctozolt|57/100
|
|-weather|Hail|[upkeep]
|-damage|p2a: Tapu Fini|82/100|[from] Hail
|-heal|p1a: Arctozolt|63/100|[from] item: Leftovers
|upkeep
|turn|5
|
|t:|1641700607
|move|p1a: Arctozolt|Blizzard|p2a: Tapu Fini
|-resisted|p2a: Tapu Fini
|-damage|p2a: Tapu Fini|64/100
|move|p2a: Tapu Fini|Moonblast|p1a: Arctozolt
|-end|p1a: Arctozolt|Substitute
|
|-weather|Hail|[upkeep]
|-damage|p2a: Tapu Fini|58/100|[from] Hail
|-heal|p1a: Arctozolt|69/100|[from] item: Leftovers
|upkeep
|turn|6
|
|t:|1641700613
|move|p1a: Arctozolt|Bolt Beak|p2a: Tapu Fini
|-supereffective|p2a: Tapu Fini
|-damage|p2a: Tapu Fini|0 fnt
|faint|p2a: Tapu Fini
|
|-weather|Hail|[upkeep]
|-heal|p1a: Arctozolt|76/100|[from] item: Leftovers
|upkeep
|
|t:|1641700617
|switch|p2a: Heatran|Heatran, M|94/100
|-damage|p2a: Heatran|82/100|[from] Stealth Rock
|turn|7
|
|t:|1641700643
|move|p1a: Arctozolt|Bolt Beak|p2a: Heatran
|-damage|p2a: Heatran|13/100
|move|p2a: Heatran|Fire Blast|p1a: Arctozolt
|-supereffective|p1a: Arctozolt
|-damage|p1a: Arctozolt|0 fnt
|faint|p1a: Arctozolt
|
|-weather|Hail|[upkeep]
|-damage|p2a: Heatran|7/100|[from] Hail
|upkeep
|inactive|alger alt has 120 seconds left.
|
|t:|1641700670
|switch|p1a: Tornadus|Tornadus-Therian, M|100/100
|-damage|p1a: Tornadus|76/100|[from] Stealth Rock
|turn|8
|
|t:|1641700691
|move|p1a: Tornadus|Knock Off|p2a: Heatran
|-damage|p2a: Heatran|0 fnt
|-enditem|p2a: Heatran|Choice Specs|[from] move: Knock Off|[of] p1a: Tornadus
|faint|p2a: Heatran
|
|-weather|none
|-fieldend|Misty Terrain
|upkeep
|
|t:|1641700694
|switch|p2a: Xurkitree|Xurkitree|100/100
|-damage|p2a: Xurkitree|88/100|[from] Stealth Rock
|turn|9
|
|t:|1641700698
|switch|p1a: Landorus|Landorus-Therian, M|100/100
|-damage|p1a: Landorus|88/100|[from] Stealth Rock
|-ability|p1a: Landorus|Intimidate|boost
|-unboost|p2a: Xurkitree|atk|1
|move|p2a: Xurkitree|Hypnosis|p1a: Landorus|[miss]
|-miss|p2a: Xurkitree|p1a: Landorus
|-enditem|p2a: Xurkitree|Blunder Policy
|-boost|p2a: Xurkitree|spe|2
|
|-heal|p1a: Landorus|94/100|[from] item: Leftovers
|upkeep
|turn|10
|
|t:|1641700702
|move|p2a: Xurkitree|Hypnosis|p1a: Landorus
|-status|p1a: Landorus|slp|[from] move: Hypnosis
|cant|p1a: Landorus|slp
|
|-heal|p1a: Landorus|99/100 slp|[from] item: Leftovers
|upkeep
|turn|11
|
|t:|1641700708
|move|p2a: Xurkitree|Energy Ball|p1a: Landorus
|-damage|p1a: Landorus|68/100 slp
|cant|p1a: Landorus|slp
|
|-heal|p1a: Landorus|74/100 slp|[from] item: Leftovers
|upkeep
|turn|12
|
|t:|1641700711
|move|p2a: Xurkitree|Energy Ball|p1a: Landorus
|-damage|p1a: Landorus|41/100 slp
|-unboost|p1a: Landorus|spd|1
|cant|p1a: Landorus|slp
|
|-heal|p1a: Landorus|47/100 slp|[from] item: Leftovers
|upkeep
|turn|13
|
|t:|1641700713
|move|p2a: Xurkitree|Energy Ball|p1a: Landorus
|-damage|p1a: Landorus|3/100 slp
|-curestatus|p1a: Landorus|slp|[msg]
|move|p1a: Landorus|Earthquake|p2a: Xurkitree
|-supereffective|p2a: Xurkitree
|-damage|p2a: Xurkitree|0 fnt
|faint|p2a: Xurkitree
|
|-heal|p1a: Landorus|9/100|[from] item: Leftovers
|upkeep
|
|t:|1641700731
|switch|p2a: Urshifu|Urshifu-Rapid-Strike, M|100/100
|-damage|p2a: Urshifu|94/100|[from] Stealth Rock
|turn|14
|
|t:|1641700734
|switch|p1a: Corviknight|Corviknight, M|100/100
|-damage|p1a: Corviknight|88/100|[from] Stealth Rock
|-ability|p1a: Corviknight|Pressure
|move|p2a: Urshifu|Surging Strikes|p1a: Corviknight
|-crit|p1a: Corviknight
|-damage|p1a: Corviknight|68/100
|-damage|p2a: Urshifu|78/100|[from] item: Rocky Helmet|[of] p1a: Corviknight
|-crit|p1a: Corviknight
|-damage|p1a: Corviknight|50/100
|-damage|p2a: Urshifu|61/100|[from] item: Rocky Helmet|[of] p1a: Corviknight
|-crit|p1a: Corviknight
|-damage|p1a: Corviknight|31/100
|-damage|p2a: Urshifu|45/100|[from] item: Rocky Helmet|[of] p1a: Corviknight
|-hitcount|p1a: Corviknight|3
|
|upkeep
|turn|15
|
|t:|1641700743
|move|p2a: Urshifu|Surging Strikes|p1a: Corviknight
|-crit|p1a: Corviknight
|-damage|p1a: Corviknight|13/100
|-damage|p2a: Urshifu|29/100|[from] item: Rocky Helmet|[of] p1a: Corviknight
|-crit|p1a: Corviknight
|-damage|p1a: Corviknight|0 fnt
|-damage|p2a: Urshifu|12/100|[from] item: Rocky Helmet|[of] p1a: Corviknight
|faint|p1a: Corviknight
|-hitcount|p1: Corviknight|2
|
|upkeep
|
|t:|1641700750
|switch|p1a: Ninetales|Ninetales-Alola, M|100/100
|-damage|p1a: Ninetales|76/100|[from] Stealth Rock
|-weather|Hail|[from] ability: Snow Warning|[of] p1a: Ninetales
|turn|16
|
|t:|1641700753
|move|p1a: Ninetales|Freeze-Dry|p2a: Urshifu
|-supereffective|p2a: Urshifu
|-damage|p2a: Urshifu|0 fnt
|faint|p2a: Urshifu
|
|-weather|Hail|[upkeep]
|upkeep
|
|t:|1641700755
|switch|p2a: Rillaboom|Rillaboom, M|100/100
|-damage|p2a: Rillaboom|88/100|[from] Stealth Rock
|-fieldstart|move: Grassy Terrain|[from] ability: Grassy Surge|[of] p2a: Rillaboom
|turn|17
|
|t:|1641700761
|switch|p1a: Landorus|Landorus-Therian, M|9/100
|-damage|p1a: Landorus|0 fnt|[from] Stealth Rock
|faint|p1a: Landorus
|move|p2a: Rillaboom|Grassy Glide|p1: Landorus|[notarget]
|-fail|p2a: Rillaboom
|
|-weather|Hail|[upkeep]
|-damage|p2a: Rillaboom|82/100|[from] Hail
|-heal|p2a: Rillaboom|88/100|[from] Grassy Terrain
|upkeep
|
|t:|1641700763
|switch|p1a: Tornadus|Tornadus-Therian, M|100/100
|-damage|p1a: Tornadus|76/100|[from] Stealth Rock
|turn|18
|
|t:|1641700767
|switch|p2a: Landorus|Landorus-Therian, M|95/100
|-damage|p2a: Landorus|83/100|[from] Stealth Rock
|-ability|p2a: Landorus|Intimidate|boost
|-unboost|p1a: Tornadus|atk|1
|move|p1a: Tornadus|Weather Ball|p2a: Landorus
|-supereffective|p2a: Landorus
|-damage|p2a: Landorus|0 fnt
|faint|p2a: Landorus
|
|-weather|Hail|[upkeep]
|-damage|p1a: Tornadus|69/100|[from] Hail
|upkeep
|
|t:|1641700769
|switch|p2a: Rillaboom|Rillaboom, M|88/100
|-damage|p2a: Rillaboom|76/100|[from] Stealth Rock
|turn|19
|
|t:|1641700771
|move|p2a: Rillaboom|Grassy Glide|p1a: Tornadus
|-resisted|p1a: Tornadus
|-damage|p1a: Tornadus|36/100
|-damage|p2a: Rillaboom|66/100|[from] item: Life Orb
|move|p1a: Tornadus|Weather Ball|p2a: Rillaboom
|-supereffective|p2a: Rillaboom
|-damage|p2a: Rillaboom|4/100
|
|-weather|Hail|[upkeep]
|-damage|p1a: Tornadus|30/100|[from] Hail
|-damage|p2a: Rillaboom|0 fnt|[from] Hail
|faint|p2a: Rillaboom
|
|win|alger alt
|upkeep
|raw|alger alt's rating: 1433 &rarr; <strong>1461</strong><br />(+28 for winning)
|raw|alucemet's rating: 1588 &rarr; <strong>1560</strong><br />(-28 for losing)
|l|☆alucemet
