|j|☆CaseyAnthnysBaby
|j|☆Jqlove
|inactive|Battle timer is ON: inactive players will automatically lose when time's up.
|t:|1641879556
|gametype|singles
|player|p1|CaseyAnthnysBaby|hilda|
|player|p2|Jqlove|caitlin|
|teamsize|p1|6
|teamsize|p2|6
|gen|8
|tier|[Gen 8] OU
|rated|Tournament battle
|rule|Sleep Clause Mod: Limit one foe put to sleep
|rule|Species Clause: Limit one of each Pokémon
|rule|OHKO Clause: OHKO moves are banned
|rule|Evasion Moves Clause: Evasion moves are banned
|rule|Endless Battle Clause: Forcing endless battles is banned
|rule|HP Percentage Mod: HP is shown in percentages
|rule|Dynamax Clause: You cannot dynamax
|clearpoke
|poke|p1|Swampert, F|
|poke|p1|Bisharp, F|
|poke|p1|Heatran, M|
|poke|p1|Latios, M|
|poke|p1|Kommo-o, M|
|poke|p1|Tapu Lele|
|poke|p2|Marowak-Alola, M|
|poke|p2|Hatterene, F|
|poke|p2|Crawdaunt, M|
|poke|p2|Melmetal|
|poke|p2|Porygon2|
|poke|p2|Cresselia, F|
|teampreview
|j| Anonymous43567
|inactive|Jqlove has 120 seconds left.
|
|t:|1641879586
|start
|switch|p1a: Bisharp|Bisharp, F|100/100
|switch|p2a: Hatterene|Hatterene, F|100/100
|turn|1
|j| yourmamaisobama
|
|t:|1641879603
|move|p1a: Bisharp|Iron Head|p2a: Hatterene
|-supereffective|p2a: Hatterene
|-damage|p2a: Hatterene|32/100
|move|p2a: Hatterene|Trick Room|p2a: Hatterene
|-fieldstart|move: Trick Room|[of] p2a: Hatterene
|
|upkeep
|turn|2
|j| Syrinix
|
|t:|1641879612
|move|p1a: Bisharp|Sucker Punch||[still]
|-fail|p1a: Bisharp
|move|p2a: Hatterene|Healing Wish|p2a: Hatterene
|faint|p2a: Hatterene
|
|upkeep
|
|t:|1641879625
|switch|p2a: Crawdaunt|Crawdaunt, M|100/100
|turn|3
|
|t:|1641879635
|switch|p1a: Swampert|Swampert, F|100/100
|move|p2a: Crawdaunt|Swords Dance|p2a: Crawdaunt
|-boost|p2a: Crawdaunt|atk|2
|
|upkeep
|turn|4
|
|t:|1641879644
|move|p2a: Crawdaunt|Knock Off|p1a: Swampert
|-damage|p1a: Swampert|0 fnt
|-enditem|p1a: Swampert|Leftovers|[from] move: Knock Off|[of] p2a: Crawdaunt
|faint|p1a: Swampert
|-damage|p2a: Crawdaunt|90/100|[from] item: Life Orb
|
|upkeep
|
|t:|1641879655
|switch|p1a: Latios|Latios, M|100/100
|turn|5
|
|t:|1641879669
|move|p2a: Crawdaunt|Knock Off|p1a: Latios
|-supereffective|p1a: Latios
|-damage|p1a: Latios|0 fnt
|-enditem|p1a: Latios|Choice Specs|[from] move: Knock Off|[of] p2a: Crawdaunt
|faint|p1a: Latios
|-damage|p2a: Crawdaunt|80/100|[from] item: Life Orb
|
|-fieldend|move: Trick Room
|upkeep
|
|t:|1641879676
|switch|p1a: Kommo-o|Kommo-o, M|100/100
|turn|6
|j| Mrrawb
|j| breadupt
|inactive|Jqlove has 120 seconds left.
|
|t:|1641879710
|move|p1a: Kommo-o|Substitute|p1a: Kommo-o
|-start|p1a: Kommo-o|Substitute
|-damage|p1a: Kommo-o|75/100
|move|p2a: Crawdaunt|Crabhammer|p1a: Kommo-o
|-resisted|p1a: Kommo-o
|-end|p1a: Kommo-o|Substitute
|-damage|p2a: Crawdaunt|70/100|[from] item: Life Orb
|
|upkeep
|turn|7
|j| cranking 90's rn
|
|t:|1641879720
|move|p2a: Crawdaunt|Aqua Jet|p1a: Kommo-o
|-resisted|p1a: Kommo-o
|-damage|p1a: Kommo-o|40/100
|-damage|p2a: Crawdaunt|60/100|[from] item: Life Orb
|move|p1a: Kommo-o|Drain Punch|p2a: Crawdaunt
|-supereffective|p2a: Crawdaunt
|-damage|p2a: Crawdaunt|0 fnt
|-heal|p1a: Kommo-o|74/100|[from] drain|[of] p2a: Crawdaunt
|faint|p2a: Crawdaunt
|
|upkeep
|inactive|Jqlove has 120 seconds left.
|
|t:|1641879735
|switch|p2a: Cresselia|Cresselia, F|100/100
|turn|8
|l| cranking 90's rn
|
|t:|1641879738
|switch|p1a: Bisharp|Bisharp, F|100/100
|move|p2a: Cresselia|Trick Room|p2a: Cresselia
|-fieldstart|move: Trick Room|[of] p2a: Cresselia
|
|upkeep
|turn|9
|
|t:|1641879746
|switch|p2a: Melmetal|Melmetal|100/100
|move|p1a: Bisharp|Knock Off|p2a: Melmetal
|-damage|p2a: Melmetal|69/100
|-enditem|p2a: Melmetal|Choice Band|[from] move: Knock Off|[of] p1a: Bisharp
|
|upkeep
|turn|10
|
|t:|1641879752
|switch|p1a: Heatran|Heatran, M|100/100
|-item|p1a: Heatran|Air Balloon
|move|p2a: Melmetal|Earthquake|p1a: Heatran
|-immune|p1a: Heatran
|
|upkeep
|turn|11
|
|t:|1641879758
|move|p2a: Melmetal|Double Iron Bash|p1a: Heatran
|-resisted|p1a: Heatran
|-damage|p1a: Heatran|93/100
|-enditem|p1a: Heatran|Air Balloon
|-resisted|p1a: Heatran
|-damage|p1a: Heatran|87/100
|-hitcount|p1a: Heatran|2
|move|p1a: Heatran|Magma Storm|p2a: Melmetal
|-supereffective|p2a: Melmetal
|-damage|p2a: Melmetal|0 fnt
|faint|p2a: Melmetal
|
|upkeep
|
|t:|1641879774
|switch|p2a: Marowak|Marowak-Alola, M|100/100
|turn|12
|
|t:|1641879782
|switch|p1a: Kommo-o|Kommo-o, M|74/100
|move|p2a: Marowak|Earthquake|p1a: Kommo-o
|-damage|p1a: Kommo-o|24/100
|-enditem|p1a: Kommo-o|Salac Berry|[eat]
|-boost|p1a: Kommo-o|spe|1|[from] item: Salac Berry
|
|-fieldend|move: Trick Room
|upkeep
|turn|13
|
|t:|1641879789
|switch|p2a: Cresselia|Cresselia, F|100/100
|move|p1a: Kommo-o|Thunder Punch|p2a: Cresselia
|-damage|p2a: Cresselia|90/100
|
|upkeep
|turn|14
|
|t:|1641879794
|switch|p1a: Bisharp|Bisharp, F|100/100
|move|p2a: Cresselia|Trick Room|p2a: Cresselia
|-fieldstart|move: Trick Room|[of] p2a: Cresselia
|
|upkeep
|turn|15
|
|t:|1641879805
|move|p1a: Bisharp|Swords Dance|p1a: Bisharp
|-boost|p1a: Bisharp|atk|2
|move|p2a: Cresselia|Lunar Dance|p2a: Cresselia
|faint|p2a: Cresselia
|
|upkeep
|
|t:|1641879807
|switch|p2a: Marowak|Marowak-Alola, M|100/100
|-heal|p2a: Marowak|100/100|[from] move: Lunar Dance
|turn|16
|
|t:|1641879811
|move|p1a: Bisharp|Sucker Punch||[still]
|-fail|p1a: Bisharp
|move|p2a: Marowak|Swords Dance|p2a: Marowak
|-boost|p2a: Marowak|atk|2
|
|upkeep
|turn|17
|
|t:|1641879815
|move|p1a: Bisharp|Sucker Punch||[still]
|-fail|p1a: Bisharp
|move|p2a: Marowak|Swords Dance|p2a: Marowak
|-boost|p2a: Marowak|atk|2
|
|upkeep
|turn|18
|
|t:|1641879817
|move|p1a: Bisharp|Sucker Punch||[still]
|-fail|p1a: Bisharp
|move|p2a: Marowak|Swords Dance|p2a: Marowak
|-boost|p2a: Marowak|atk|2
|
|-fieldend|move: Trick Room
|upkeep
|turn|19
|
|t:|1641879822
|move|p1a: Bisharp|Knock Off|p2a: Marowak
|-supereffective|p2a: Marowak
|-damage|p2a: Marowak|0 fnt
|-enditem|p2a: Marowak|Thick Club|[from] move: Knock Off|[of] p1a: Bisharp
|faint|p2a: Marowak
|
|upkeep
|-message|Jqlove forfeited.
|
|win|CaseyAnthnysBaby
|n|☆CaseyAnthnysBaby|caseyanthnysbaby
|n|☆Jqlove|jqlove
|n| Anonymous43567|anonymous43567
|n| yourmamaisobama|yourmamaisobama
|n| Syrinix|syrinix
|n| Mrrawb|mrrawb
|n| breadupt|breadupt
|l|☆Jqlove
|j| FunTeamsMagicSets
