|j|☆TheBoopening
|j|‽bigppkris
|t:|1641850234
|gametype|singles
|player|p1|TheBoopening|schoolkidf|1122
|player|p2|bigppkris|lass-gen4dp|1124
|teamsize|p1|6
|teamsize|p2|6
|gen|8
|tier|[Gen 8] OU
|rated|
|rule|Sleep Clause Mod: Limit one foe put to sleep
|rule|Species Clause: Limit one of each Pokémon
|rule|OHKO Clause: OHKO moves are banned
|rule|Evasion Moves Clause: Evasion moves are banned
|rule|Endless Battle Clause: Forcing endless battles is banned
|rule|HP Percentage Mod: HP is shown in percentages
|rule|Dynamax Clause: You cannot dynamax
|clearpoke
|poke|p1|Quagsire, F|
|poke|p1|Nihilego|
|poke|p1|Mew|
|poke|p1|Klefki, F|
|poke|p1|Reuniclus, F|
|poke|p1|Sirfetch’d, F|
|poke|p2|Xurkitree|
|poke|p2|Moltres-Galar|
|poke|p2|Clefable, F|
|poke|p2|Aegislash, F|
|poke|p2|Victini|
|poke|p2|Urshifu-*, F|
|teampreview
|
|t:|1641850243
|start
|switch|p1a: Nihilego|Nihilego|100/100
|switch|p2a: Clefable|Clefable, F|100/100
|turn|1
|
|t:|1641850246
|move|p1a: Nihilego|Sludge Wave|p2a: Clefable
|-supereffective|p2a: Clefable
|-damage|p2a: Clefable|0 fnt
|faint|p2a: Clefable
|-ability|p1a: Nihilego|Beast Boost|boost
|-boost|p1a: Nihilego|spa|1
|
|upkeep
|
|t:|1641850254
|switch|p2a: Urshifu|Urshifu-Rapid-Strike, F|100/100
|turn|2
|
|t:|1641850258
|move|p1a: Nihilego|Sludge Wave|p2a: Urshifu
|-enditem|p2a: Urshifu|Focus Sash
|-damage|p2a: Urshifu|1/100
|move|p2a: Urshifu|Close Combat|p1a: Nihilego
|-damage|p1a: Nihilego|0 fnt
|-unboost|p2a: Urshifu|def|1
|-unboost|p2a: Urshifu|spd|1
|faint|p1a: Nihilego
|
|upkeep
|
|t:|1641850262
|switch|p1a: Klefki|Klefki, F|100/100
|turn|3
|
|t:|1641850276
|move|p1a: Klefki|Toxic|p2a: Urshifu
|-status|p2a: Urshifu|tox
|move|p2a: Urshifu|Surging Strikes|p1a: Klefki
|-crit|p1a: Klefki
|-damage|p1a: Klefki|79/100
|-crit|p1a: Klefki
|-damage|p1a: Klefki|58/100
|-crit|p1a: Klefki
|-damage|p1a: Klefki|35/100
|-hitcount|p1a: Klefki|3
|
|-damage|p2a: Urshifu|0 fnt|[from] psn
|faint|p2a: Urshifu
|upkeep
|
|t:|1641850295
|switch|p2a: Aegislash|Aegislash, F|100/100
|turn|4
|
|t:|1641850300
|move|p1a: Klefki|Thunder Wave|p2a: Aegislash
|-status|p2a: Aegislash|par
|cant|p2a: Aegislash|par
|
|upkeep
|turn|5
|
|t:|1641850305
|move|p1a: Klefki|Foul Play|p2a: Aegislash
|-supereffective|p2a: Aegislash
|-damage|p2a: Aegislash|87/100 par
|-formechange|p2a: Aegislash|Aegislash-Blade||[from] ability: Stance Change
|move|p2a: Aegislash|Flash Cannon|p1a: Klefki
|-damage|p1a: Klefki|0 fnt
|faint|p1a: Klefki
|
|-heal|p2a: Aegislash|93/100 par|[from] item: Leftovers
|upkeep
|
|t:|1641850316
|switch|p1a: Mew|Mew|100/100
|turn|6
|
|t:|1641850321
|cant|p2a: Aegislash|par
|move|p1a: Mew|Nasty Plot|p1a: Mew
|-boost|p1a: Mew|spa|2
|
|-heal|p2a: Aegislash|99/100 par|[from] item: Leftovers
|upkeep
|turn|7
|
|t:|1641850325
|move|p1a: Mew|Flamethrower|p2a: Aegislash
|-supereffective|p2a: Aegislash
|-damage|p2a: Aegislash|0 fnt
|faint|p2a: Aegislash
|
|upkeep
|
|t:|1641850329
|switch|p2a: Moltres|Moltres-Galar|100/100
|turn|8
|
|t:|1641850334
|move|p1a: Mew|Ice Beam|p2a: Moltres
|-supereffective|p2a: Moltres
|-damage|p2a: Moltres|3/100
|-ability|p2a: Moltres|Berserk|boost
|-boost|p2a: Moltres|spa|1
|-enditem|p2a: Moltres|Iapapa Berry|[eat]
|-heal|p2a: Moltres|36/100|[from] item: Iapapa Berry
|move|p2a: Moltres|Fiery Wrath|p1a: Mew
|-supereffective|p1a: Mew
|-damage|p1a: Mew|2/100
|
|upkeep
|turn|9
|
|t:|1641850340
|move|p2a: Moltres|Protect|p2a: Moltres
|-singleturn|p2a: Moltres|Protect
|move|p1a: Mew|Ice Beam|p2a: Moltres
|-activate|p2a: Moltres|move: Protect
|
|upkeep
|turn|10
|
|t:|1641850352
|move|p1a: Mew|Ice Beam|p2a: Moltres
|-supereffective|p2a: Moltres
|-damage|p2a: Moltres|0 fnt
|faint|p2a: Moltres
|
|upkeep
|
|t:|1641850359
|switch|p2a: Xurkitree|Xurkitree|100/100
|turn|11
|
|t:|1641850364
|switch|p1a: Quagsire|Quagsire, F|100/100
|move|p2a: Xurkitree|Dazzling Gleam|p1a: Quagsire
|-damage|p1a: Quagsire|62/100
|
|-heal|p1a: Quagsire|68/100|[from] item: Leftovers
|upkeep
|turn|12
|
|t:|1641850371
|move|p2a: Xurkitree|Magnet Rise|p2a: Xurkitree
|-start|p2a: Xurkitree|Magnet Rise
|move|p1a: Quagsire|Toxic|p2a: Xurkitree
|-status|p2a: Xurkitree|tox
|
|-heal|p1a: Quagsire|74/100|[from] item: Leftovers
|-damage|p2a: Xurkitree|94/100 tox|[from] psn
|upkeep
|turn|13
|
|t:|1641850376
|move|p2a: Xurkitree|Grass Knot|p1a: Quagsire
|-supereffective|p1a: Quagsire
|-damage|p1a: Quagsire|0 fnt
|faint|p1a: Quagsire
|-ability|p2a: Xurkitree|Beast Boost|boost
|-boost|p2a: Xurkitree|spa|1
|
|-damage|p2a: Xurkitree|82/100 tox|[from] psn
|upkeep
|
|t:|1641850380
|switch|p1a: Sirfetch’d|Sirfetch’d, F|100/100
|turn|14
|
|t:|1641850383
|move|p1a: Sirfetch’d|First Impression|p2a: Xurkitree
|-damage|p2a: Xurkitree|38/100 tox
|move|p2a: Xurkitree|Dazzling Gleam|p1a: Sirfetch’d
|-supereffective|p1a: Sirfetch’d
|-damage|p1a: Sirfetch’d|0 fnt
|faint|p1a: Sirfetch’d
|-ability|p2a: Xurkitree|Beast Boost|boost
|-boost|p2a: Xurkitree|spa|1
|
|-damage|p2a: Xurkitree|19/100 tox|[from] psn
|upkeep
|
|t:|1641850387
|switch|p1a: Mew|Mew|2/100
|turn|15
|
|t:|1641850394
|move|p1a: Mew|Ice Beam|p2a: Xurkitree
|-damage|p2a: Xurkitree|0 fnt
|faint|p2a: Xurkitree
|
|upkeep
|
|t:|1641850397
|switch|p2a: Victini|Victini|100/100
|turn|16
|
|t:|1641850417
|move|p2a: Victini|Bolt Strike|p1a: Mew
|-damage|p1a: Mew|0 fnt
|faint|p1a: Mew
|
|upkeep
|
|t:|1641850420
|switch|p1a: Reuniclus|Reuniclus, F|100/100
|turn|17
|
|t:|1641850423
|move|p2a: Victini|Bolt Strike|p1a: Reuniclus
|-damage|p1a: Reuniclus|67/100
|move|p1a: Reuniclus|Calm Mind|p1a: Reuniclus
|-boost|p1a: Reuniclus|spa|1
|-boost|p1a: Reuniclus|spd|1
|
|-heal|p1a: Reuniclus|73/100|[from] item: Leftovers
|upkeep
|turn|18
|
|t:|1641850428
|move|p2a: Victini|Bolt Strike|p1a: Reuniclus
|-damage|p1a: Reuniclus|41/100
|move|p1a: Reuniclus|Recover|p1a: Reuniclus
|-heal|p1a: Reuniclus|91/100
|
|-heal|p1a: Reuniclus|97/100|[from] item: Leftovers
|upkeep
|turn|19
|
|t:|1641850432
|move|p2a: Victini|Bolt Strike|p1a: Reuniclus
|-damage|p1a: Reuniclus|63/100
|move|p1a: Reuniclus|Calm Mind|p1a: Reuniclus
|-boost|p1a: Reuniclus|spa|1
|-boost|p1a: Reuniclus|spd|1
|
|-heal|p1a: Reuniclus|69/100|[from] item: Leftovers
|upkeep
|turn|20
|
|t:|1641850436
|move|p2a: Victini|Bolt Strike|p1a: Reuniclus|[miss]
|-miss|p2a: Victini|p1a: Reuniclus
|move|p1a: Reuniclus|Recover|p1a: Reuniclus
|-heal|p1a: Reuniclus|100/100
|
|upkeep
|turn|21
|
|t:|1641850439
|move|p2a: Victini|Bolt Strike|p1a: Reuniclus
|-damage|p1a: Reuniclus|66/100
|move|p1a: Reuniclus|Calm Mind|p1a: Reuniclus
|-boost|p1a: Reuniclus|spa|1
|-boost|p1a: Reuniclus|spd|1
|
|-heal|p1a: Reuniclus|72/100|[from] item: Leftovers
|upkeep
|turn|22
|
|t:|1641850442
|move|p2a: Victini|Bolt Strike|p1a: Reuniclus
|-damage|p1a: Reuniclus|37/100
|move|p1a: Reuniclus|Recover|p1a: Reuniclus
|-heal|p1a: Reuniclus|87/100
|
|-heal|p1a: Reuniclus|93/100|[from] item: Leftovers
|upkeep
|turn|23
|
|t:|1641850447
|move|p2a: Victini|Bolt Strike|p1a: Reuniclus
|-damage|p1a: Reuniclus|59/100
|move|p1a: Reuniclus|Stored Power|p2a: Victini
|-resisted|p2a: Victini
|-damage|p2a: Victini|30/100
|
|-heal|p1a: Reuniclus|65/100|[from] item: Leftovers
|upkeep
|turn|24
|
|t:|1641850453
|-activate|p2a: Victini|move: Struggle
|move|p2a: Victini|Struggle|p1a: Reuniclus
|-damage|p1a: Reuniclus|53/100
|-damage|p2a: Victini|5/100|[from] recoil
|move|p1a: Reuniclus|Stored Power|p2a: Victini
|-resisted|p2a: Victini
|-damage|p2a: Victini|0 fnt
|faint|p2a: Victini
|
|win|TheBoopening
|raw|TheBoopening's rating: 1122 &rarr; <strong>1147</strong><br />(+25 for winning)
|raw|bigppkris's rating: 1124 &rarr; <strong>1099</strong><br />(-25 for losing)
|l|‽bigppkris
