|j|☆Bit750
|j|☆OPDevil42
|t:|1641755885
|gametype|singles
|player|p1|Bit750|silver|1059
|player|p2|OPDevil42|170|1000
|teamsize|p1|6
|teamsize|p2|6
|gen|8
|tier|[Gen 8] OU
|rated|
|rule|Sleep Clause Mod: Limit one foe put to sleep
|rule|Species Clause: Limit one of each Pokémon
|rule|OHKO Clause: OHKO moves are banned
|rule|Evasion Moves Clause: Evasion moves are banned
|rule|Endless Battle Clause: Forcing endless battles is banned
|rule|HP Percentage Mod: HP is shown in percentages
|rule|Dynamax Clause: You cannot dynamax
|clearpoke
|poke|p1|Kartana|
|poke|p1|Zeraora|
|poke|p1|Ninjask, F|
|poke|p1|Blissey, F|
|poke|p1|Azelf|
|poke|p1|Victini|
|poke|p2|Tapu Koko|
|poke|p2|Toxapex, F|
|poke|p2|Weavile, F|
|poke|p2|Landorus-Therian, M|
|poke|p2|Urshifu-*, F|
|poke|p2|Mew|
|teampreview
|c|☆Bit750|glhf
|
|t:|1641755892
|start
|switch|p1a: fetus|Azelf|100/100
|switch|p2a: Urshifu|Urshifu-Rapid-Strike, F|100/100
|turn|1
|
|t:|1641755913
|-singleturn|p2a: Urshifu|move: Focus Punch
|move|p1a: fetus|Trick|p2a: Urshifu
|-activate|p1a: fetus|move: Trick|[of] p2a: Urshifu
|-item|p2a: Urshifu|Choice Scarf|[from] move: Trick
|-item|p1a: fetus|Quick Claw|[from] move: Trick
|move|p2a: Urshifu|Focus Punch|p1a: fetus
|-resisted|p1a: fetus
|-damage|p1a: fetus|59/100
|
|upkeep
|turn|2
|
|t:|1641755921
|-singleturn|p2a: Urshifu|move: Focus Punch
|move|p1a: fetus|Reflect|p1a: fetus
|-sidestart|p1: Bit750|Reflect
|move|p2a: Urshifu|Focus Punch|p1a: fetus
|-resisted|p1a: fetus
|-damage|p1a: fetus|38/100
|
|upkeep
|turn|3
|
|t:|1641755928
|-singleturn|p2a: Urshifu|move: Focus Punch
|move|p1a: fetus|Light Screen|p1a: fetus
|-sidestart|p1: Bit750|move: Light Screen
|move|p2a: Urshifu|Focus Punch|p1a: fetus
|-resisted|p1a: fetus
|-damage|p1a: fetus|17/100
|
|upkeep
|turn|4
|
|t:|1641755936
|-singleturn|p2a: Urshifu|move: Focus Punch
|move|p1a: fetus|Explosion|p2a: Urshifu
|-damage|p2a: Urshifu|36/100
|faint|p1a: fetus
|cant|p2a: Urshifu|Focus Punch|Focus Punch
|
|upkeep
|inactive|Battle timer is ON: inactive players will automatically lose when time's up. (requested by OPDevil42)
|
|t:|1641755956
|switch|p1a: haha cat go zoom|Zeraora|100/100
|turn|5
|
|t:|1641755966
|-singleturn|p2a: Urshifu|move: Focus Punch
|move|p1a: haha cat go zoom|Volt Switch|p2a: Urshifu
|-supereffective|p2a: Urshifu
|-damage|p2a: Urshifu|0 fnt
|faint|p2a: Urshifu
|
|t:|1641755975
|switch|p1a: cicada|Ninjask, F|100/100|[from]move: Volt Switch
|
|upkeep
|
|t:|1641755994
|switch|p2a: Tapu Koko|Tapu Koko, shiny|100/100
|turn|6
|inactive|Bit750 has 120 seconds left.
|
|t:|1641756024
|switch|p1a: eg|Blissey, F|100/100
|move|p2a: Tapu Koko|Thunder Punch|p1a: eg
|-damage|p1a: eg|88/100
|
|-sideend|p1: Bit750|Reflect
|upkeep
|turn|7
|inactive|Bit750 has 120 seconds left.
|
|t:|1641756042
|move|p2a: Tapu Koko|Rain Dance|p2a: Tapu Koko
|-weather|RainDance
|move|p1a: eg|Seismic Toss|p2a: Tapu Koko
|-damage|p2a: Tapu Koko|65/100
|
|-weather|RainDance|[upkeep]
|-sideend|p1: Bit750|move: Light Screen
|upkeep
|turn|8
|
|t:|1641756051
|move|p2a: Tapu Koko|Thunder|p1a: eg
|-damage|p1a: eg|69/100
|move|p1a: eg|Seismic Toss|p2a: Tapu Koko
|-damage|p2a: Tapu Koko|29/100
|
|-weather|RainDance|[upkeep]
|upkeep
|turn|9
|
|t:|1641756069
|switch|p2a: Weavile|Weavile, F|100/100
|-ability|p2a: Weavile|Pressure
|switch|p1a: haha cat go zoom|Zeraora|100/100
|
|-weather|RainDance|[upkeep]
|upkeep
|turn|10
|
|t:|1641756083
|move|p1a: haha cat go zoom|Close Combat|p2a: Weavile
|-supereffective|p2a: Weavile
|-damage|p2a: Weavile|0 fnt
|-unboost|p1a: haha cat go zoom|def|1
|-unboost|p1a: haha cat go zoom|spd|1
|faint|p2a: Weavile
|
|-weather|RainDance|[upkeep]
|upkeep
|
|t:|1641756091
|switch|p2a: Ewwwwwwwwwww|Landorus-Therian, M, shiny|100/100
|-ability|p2a: Ewwwwwwwwwww|Intimidate|boost
|-unboost|p1a: haha cat go zoom|atk|1
|turn|11
|
|t:|1641756106
|switch|p1a: cicada|Ninjask, F|100/100
|move|p2a: Ewwwwwwwwwww|Earthquake|p1a: cicada
|-immune|p1a: cicada
|
|-weather|none
|upkeep
|turn|12
|
|t:|1641756116
|move|p1a: cicada|Swords Dance|p1a: cicada
|-boost|p1a: cicada|atk|2
|move|p2a: Ewwwwwwwwwww|Body Slam|p1a: cicada
|-damage|p1a: cicada|21/100
|
|-ability|p1a: cicada|Speed Boost|boost
|-boost|p1a: cicada|spe|1
|upkeep
|turn|13
|
|t:|1641756123
|move|p1a: cicada|Acrobatics|p2a: Ewwwwwwwwwww
|-damage|p2a: Ewwwwwwwwwww|0 fnt
|faint|p2a: Ewwwwwwwwwww
|
|-ability|p1a: cicada|Speed Boost|boost
|-boost|p1a: cicada|spe|1
|upkeep
|
|t:|1641756135
|switch|p2a: Mew|Mew, shiny|100/100
|turn|14
|c|☆Bit750|haha cicada go speed
|
|t:|1641756142
|move|p1a: cicada|Leech Life|p2a: Mew
|-supereffective|p2a: Mew
|-damage|p2a: Mew|0 fnt
|-heal|p1a: cicada|86/100|[from] drain|[of] p2a: Mew
|faint|p2a: Mew
|
|-ability|p1a: cicada|Speed Boost|boost
|-boost|p1a: cicada|spe|1
|upkeep
|
|t:|1641756150
|switch|p2a: Toxapex|Toxapex, F|100/100
|turn|15
|
|t:|1641756177
|move|p1a: cicada|Swords Dance|p1a: cicada
|-boost|p1a: cicada|atk|2
|move|p2a: Toxapex|Sludge Wave|p1a: cicada
|-damage|p1a: cicada|14/100
|
|-ability|p1a: cicada|Speed Boost|boost
|-boost|p1a: cicada|spe|1
|upkeep
|turn|16
|
|t:|1641756188
|move|p1a: cicada|Acrobatics|p2a: Toxapex
|-damage|p2a: Toxapex|0 fnt
|faint|p2a: Toxapex
|
|-ability|p1a: cicada|Speed Boost|boost
|-boost|p1a: cicada|spe|1
|upkeep
|
|t:|1641756193
|switch|p2a: Tapu Koko|Tapu Koko, shiny|29/100
|turn|17
|
|t:|1641756199
|move|p1a: cicada|Acrobatics|p2a: Tapu Koko
|-resisted|p2a: Tapu Koko
|-crit|p2a: Tapu Koko
|-damage|p2a: Tapu Koko|0 fnt
|faint|p2a: Tapu Koko
|
|win|Bit750
|raw|Bit750's rating: 1059 &rarr; <strong>1085</strong><br />(+26 for winning)
|raw|OPDevil42's rating: 1000 &rarr; <strong>1000</strong><br />(+0 for losing)
|c|☆Bit750|gg
