|j|☆Prisoner952
|j|☆SternLance
|t:|1641706370
|gametype|singles
|player|p1|Prisoner952|blue-gen7|1543
|player|p2|SternLance|brock|1704
|teamsize|p1|6
|teamsize|p2|6
|gen|8
|tier|[Gen 8] OU
|rated|
|rule|Sleep Clause Mod: Limit one foe put to sleep
|rule|Species Clause: Limit one of each Pokémon
|rule|OHKO Clause: OHKO moves are banned
|rule|Evasion Moves Clause: Evasion moves are banned
|rule|Endless Battle Clause: Forcing endless battles is banned
|rule|HP Percentage Mod: HP is shown in percentages
|rule|Dynamax Clause: You cannot dynamax
|clearpoke
|poke|p1|Torkoal, F|
|poke|p1|Venusaur, F|
|poke|p1|Blaziken, F|
|poke|p1|Landorus-Therian, M|
|poke|p1|Garchomp, F|
|poke|p1|Blacephalon|
|poke|p2|Moltres|
|poke|p2|Mamoswine, M|
|poke|p2|Tapu Koko|
|poke|p2|Metagross|
|poke|p2|Salamence, M|
|poke|p2|Seismitoad, M|
|teampreview
|
|t:|1641706380
|start
|switch|p1a: Blacephalon|Blacephalon|100/100
|switch|p2a: Ushiwaka|Mamoswine, M|100/100
|turn|1
|
|t:|1641706384
|move|p1a: Blacephalon|Overheat|p2a: Ushiwaka
|-supereffective|p2a: Ushiwaka
|-damage|p2a: Ushiwaka|0 fnt
|-unboost|p1a: Blacephalon|spa|2
|faint|p2a: Ushiwaka
|-ability|p1a: Blacephalon|Beast Boost|boost
|-boost|p1a: Blacephalon|spa|1
|
|upkeep
|
|t:|1641706392
|switch|p2a: Pinch|Moltres|100/100
|turn|2
|
|t:|1641706395
|switch|p1a: Torkoal|Torkoal, F|100/100
|-weather|SunnyDay|[from] ability: Drought|[of] p1a: Torkoal
|move|p2a: Pinch|Hurricane|p1a: Torkoal
|-damage|p1a: Torkoal|21/100
|
|-weather|SunnyDay|[upkeep]
|upkeep
|turn|3
|j| Kyerndo
|
|t:|1641706403
|switch|p1a: Blacephalon|Blacephalon|100/100
|move|p2a: Pinch|Flamethrower|p1a: Blacephalon
|-resisted|p1a: Blacephalon
|-damage|p1a: Blacephalon|41/100
|
|-weather|SunnyDay|[upkeep]
|upkeep
|turn|4
|
|t:|1641706410
|move|p1a: Blacephalon|Shadow Ball|p2a: Pinch
|-damage|p2a: Pinch|21/100
|move|p2a: Pinch|Flamethrower|p1a: Blacephalon
|-resisted|p1a: Blacephalon
|-damage|p1a: Blacephalon|0 fnt
|faint|p1a: Blacephalon
|
|-weather|SunnyDay|[upkeep]
|upkeep
|
|t:|1641706417
|switch|p1a: Venusaur|Venusaur, F|100/100
|turn|5
|
|t:|1641706426
|move|p1a: Venusaur|Weather Ball|p2a: Pinch
|-resisted|p2a: Pinch
|-damage|p2a: Pinch|0 fnt
|faint|p2a: Pinch
|-damage|p1a: Venusaur|91/100|[from] item: Life Orb
|
|-weather|SunnyDay|[upkeep]
|upkeep
|
|t:|1641706436
|switch|p2a: Ace|Salamence, M|100/100
|-ability|p2a: Ace|Intimidate|boost
|-unboost|p1a: Venusaur|atk|1
|turn|6
|
|t:|1641706442
|switch|p1a: Landorus|Landorus-Therian, M|100/100
|-ability|p1a: Landorus|Intimidate|boost
|-unboost|p2a: Ace|atk|1
|move|p2a: Ace|Fire Blast|p1a: Landorus
|-damage|p1a: Landorus|59/100
|-status|p1a: Landorus|brn
|
|-weather|SunnyDay|[upkeep]
|-heal|p1a: Landorus|65/100 brn|[from] item: Leftovers
|-damage|p1a: Landorus|59/100 brn|[from] brn
|upkeep
|turn|7
|
|t:|1641706455
|move|p2a: Ace|Dragon Dance|p2a: Ace
|-boost|p2a: Ace|atk|1
|-boost|p2a: Ace|spe|1
|move|p1a: Landorus|Stealth Rock|p2a: Ace
|-sidestart|p2: SternLance|move: Stealth Rock
|
|-weather|SunnyDay|[upkeep]
|-heal|p1a: Landorus|65/100 brn|[from] item: Leftovers
|-damage|p1a: Landorus|59/100 brn|[from] brn
|upkeep
|turn|8
|
|t:|1641706467
|move|p2a: Ace|Dragon Dance|p2a: Ace
|-boost|p2a: Ace|atk|1
|-boost|p2a: Ace|spe|1
|move|p1a: Landorus|Toxic|p2a: Ace
|-status|p2a: Ace|tox
|
|-weather|SunnyDay|[upkeep]
|-heal|p1a: Landorus|65/100 brn|[from] item: Leftovers
|-damage|p2a: Ace|94/100 tox|[from] psn
|-damage|p1a: Landorus|59/100 brn|[from] brn
|upkeep
|turn|9
|j| JDMonika
|
|t:|1641706496
|move|p2a: Ace|Dual Wingbeat|p1a: Landorus
|-damage|p1a: Landorus|33/100 brn
|-damage|p1a: Landorus|10/100 brn
|-hitcount|p1a: Landorus|2
|move|p1a: Landorus|U-turn|p2a: Ace
|-resisted|p2a: Ace
|-damage|p2a: Ace|88/100 tox
|
|t:|1641706498
|switch|p1a: Garchomp|Garchomp, F|100/100|[from]move: U-turn
|
|-weather|none
|-damage|p2a: Ace|75/100 tox|[from] psn
|upkeep
|turn|10
|inactive|Battle timer is ON: inactive players will automatically lose when time's up. (requested by SternLance)
|
|t:|1641706507
|switch|p1a: Landorus|Landorus-Therian, M|10/100 brn
|-ability|p1a: Landorus|Intimidate|boost
|-unboost|p2a: Ace|atk|1
|move|p2a: Ace|Earthquake|p1a: Landorus
|-immune|p1a: Landorus
|
|-heal|p1a: Landorus|16/100 brn|[from] item: Leftovers
|-damage|p2a: Ace|57/100 tox|[from] psn
|-damage|p1a: Landorus|10/100 brn|[from] brn
|upkeep
|turn|11
|
|t:|1641706512
|move|p2a: Ace|Dual Wingbeat|p1a: Landorus
|-damage|p1a: Landorus|0 fnt
|faint|p1a: Landorus
|-hitcount|p1: Landorus|1
|
|-damage|p2a: Ace|33/100 tox|[from] psn
|upkeep
|
|t:|1641706516
|switch|p1a: Garchomp|Garchomp, F|100/100
|turn|12
|
|t:|1641706523
|move|p2a: Ace|Dual Wingbeat|p1a: Garchomp
|-damage|p1a: Garchomp|79/100
|-damage|p2a: Ace|21/100 tox|[from] ability: Rough Skin|[of] p1a: Garchomp
|-damage|p1a: Garchomp|57/100
|-damage|p2a: Ace|8/100 tox|[from] ability: Rough Skin|[of] p1a: Garchomp
|-hitcount|p1a: Garchomp|2
|move|p1a: Garchomp|Swords Dance|p1a: Garchomp
|-boost|p1a: Garchomp|atk|2
|
|-damage|p2a: Ace|0 fnt|[from] psn
|faint|p2a: Ace
|upkeep
|
|t:|1641706533
|switch|p2a: Liberoooo|Tapu Koko|100/100
|-damage|p2a: Liberoooo|88/100|[from] Stealth Rock
|-fieldstart|move: Electric Terrain|[from] ability: Electric Surge|[of] p2a: Liberoooo
|turn|13
|
|t:|1641706540
|switch|p1a: Torkoal|Torkoal, F|21/100
|-weather|SunnyDay|[from] ability: Drought|[of] p1a: Torkoal
|move|p2a: Liberoooo|Dazzling Gleam|p1a: Torkoal
|-resisted|p1a: Torkoal
|-damage|p1a: Torkoal|0 fnt
|faint|p1a: Torkoal
|
|-weather|SunnyDay|[upkeep]
|upkeep
|
|t:|1641706541
|switch|p1a: Venusaur|Venusaur, F|91/100
|turn|14
|
|t:|1641706546
|move|p1a: Venusaur|Sludge Bomb|p2a: Liberoooo
|-supereffective|p2a: Liberoooo
|-crit|p2a: Liberoooo
|-damage|p2a: Liberoooo|0 fnt
|faint|p2a: Liberoooo
|-damage|p1a: Venusaur|81/100|[from] item: Life Orb
|
|-weather|SunnyDay|[upkeep]
|upkeep
|
|t:|1641706549
|switch|p2a: Tsukki|Metagross|100/100
|-damage|p2a: Tsukki|94/100|[from] Stealth Rock
|turn|15
|
|t:|1641706553
|move|p1a: Venusaur|Weather Ball|p2a: Tsukki
|-supereffective|p2a: Tsukki
|-damage|p2a: Tsukki|3/100
|-damage|p1a: Venusaur|71/100|[from] item: Life Orb
|move|p2a: Tsukki|Meteor Mash|p1a: Venusaur
|-damage|p1a: Venusaur|4/100
|
|-weather|SunnyDay|[upkeep]
|upkeep
|turn|16
|
|t:|1641706564
|move|p2a: Tsukki|Bullet Punch|p1a: Venusaur
|-damage|p1a: Venusaur|0 fnt
|faint|p1a: Venusaur
|
|-weather|SunnyDay|[upkeep]
|upkeep
|
|t:|1641706567
|switch|p1a: Blaziken|Blaziken, F|100/100
|turn|17
|
|t:|1641706570
|move|p1a: Blaziken|Flare Blitz|p2a: Tsukki
|-supereffective|p2a: Tsukki
|-damage|p2a: Tsukki|0 fnt
|faint|p2a: Tsukki
|-damage|p1a: Blaziken|99/100|[from] Recoil
|-damage|p1a: Blaziken|90/100|[from] item: Life Orb
|
|-weather|SunnyDay|[upkeep]
|-fieldend|move: Electric Terrain
|-ability|p1a: Blaziken|Speed Boost|boost
|-boost|p1a: Blaziken|spe|1
|upkeep
|
|t:|1641706573
|switch|p2a: Seismitoad|Seismitoad, M|100/100
|-damage|p2a: Seismitoad|94/100|[from] Stealth Rock
|turn|18
|
|t:|1641706580
|move|p1a: Blaziken|Flare Blitz|p2a: Seismitoad
|-resisted|p2a: Seismitoad
|-damage|p2a: Seismitoad|51/100
|-damage|p1a: Blaziken|70/100|[from] Recoil
|-damage|p1a: Blaziken|60/100|[from] item: Life Orb
|move|p2a: Seismitoad|Earthquake|p1a: Blaziken
|-supereffective|p1a: Blaziken
|-crit|p1a: Blaziken
|-damage|p1a: Blaziken|0 fnt
|faint|p1a: Blaziken
|
|-weather|SunnyDay|[upkeep]
|-heal|p2a: Seismitoad|57/100|[from] item: Leftovers
|upkeep
|
|t:|1641706585
|switch|p1a: Garchomp|Garchomp, F|57/100
|turn|19
|
|t:|1641706589
|move|p1a: Garchomp|Earthquake|p2a: Seismitoad
|-damage|p2a: Seismitoad|15/100
|-damage|p1a: Garchomp|47/100|[from] item: Life Orb
|move|p2a: Seismitoad|Earthquake|p1a: Garchomp
|-damage|p1a: Garchomp|12/100
|
|-weather|SunnyDay|[upkeep]
|-heal|p2a: Seismitoad|22/100|[from] item: Leftovers
|upkeep
|turn|20
|
|t:|1641706594
|move|p1a: Garchomp|Earthquake|p2a: Seismitoad
|-damage|p2a: Seismitoad|0 fnt
|faint|p2a: Seismitoad
|-damage|p1a: Garchomp|2/100|[from] item: Life Orb
|
|win|Prisoner952
|raw|Prisoner952's rating: 1543 &rarr; <strong>1572</strong><br />(+29 for winning)
|raw|SternLance's rating: 1704 &rarr; <strong>1675</strong><br />(-29 for losing)
|l|☆Prisoner952
