|j|☆comradesquidwar
|j|☆Filefate
|t:|1641779645
|gametype|singles
|player|p1|comradesquidwar|janitor|1544
|player|p2|Filefate|scientistf|1557
|teamsize|p1|6
|teamsize|p2|6
|gen|8
|tier|[Gen 8] OU
|rated|
|rule|Sleep Clause Mod: Limit one foe put to sleep
|rule|Species Clause: Limit one of each Pokémon
|rule|OHKO Clause: OHKO moves are banned
|rule|Evasion Moves Clause: Evasion moves are banned
|rule|Endless Battle Clause: Forcing endless battles is banned
|rule|HP Percentage Mod: HP is shown in percentages
|rule|Dynamax Clause: You cannot dynamax
|clearpoke
|poke|p1|Clefable, M|
|poke|p1|Tapu Lele|
|poke|p1|Tornadus-Therian, M|
|poke|p1|Seismitoad, F|
|poke|p1|Gengar, M|
|poke|p1|Toxapex, F|
|poke|p2|Rillaboom, M|
|poke|p2|Mew|
|poke|p2|Kartana|
|poke|p2|Dragapult, M|
|poke|p2|Galvantula, M|
|poke|p2|Zapdos-Galar|
|teampreview
|inactive|Battle timer is ON: inactive players will automatically lose when time's up. (requested by comradesquidwar)
|
|t:|1641779652
|start
|switch|p1a: Tornadus|Tornadus-Therian, M, shiny|100/100
|switch|p2a: Dragapult|Dragapult, M, shiny|100/100
|turn|1
|
|t:|1641779656
|switch|p1a: Toxapex|Toxapex, F, shiny|100/100
|move|p2a: Dragapult|Thunder Wave|p1a: Toxapex
|-status|p1a: Toxapex|par
|
|upkeep
|turn|2
|
|t:|1641779662
|switch|p2a: Mew|Mew|100/100
|cant|p1a: Toxapex|par
|
|upkeep
|turn|3
|
|t:|1641779664
|move|p2a: Mew|Block|p1a: Toxapex
|-activate|p1a: Toxapex|trapped
|move|p1a: Toxapex|Knock Off|p2a: Mew
|-supereffective|p2a: Mew
|-damage|p2a: Mew|80/100
|-enditem|p2a: Mew|Leftovers|[from] move: Knock Off|[of] p1a: Toxapex
|
|upkeep
|turn|4
|
|t:|1641779670
|move|p2a: Mew|Imprison|p2a: Mew
|-start|p2a: Mew|move: Imprison
|cant|p1a: Toxapex|par
|
|upkeep
|turn|5
|
|t:|1641779674
|move|p2a: Mew|Transform|p1a: Toxapex
|-transform|p2a: Mew|p1a: Toxapex
|cant|p1a: Toxapex|move: Imprison|Knock Off
|
|upkeep
|turn|6
|
|t:|1641779678
|move|p2a: Mew|Knock Off|p1a: Toxapex
|-damage|p1a: Toxapex|90/100 par
|-damage|p2a: Mew|63/100|[from] item: Rocky Helmet|[of] p1a: Toxapex
|-enditem|p1a: Toxapex|Rocky Helmet|[from] move: Knock Off|[of] p2a: Mew
|-activate|p1a: Toxapex|move: Struggle
|move|p1a: Toxapex|Struggle|p2a: Mew
|-damage|p2a: Mew|59/100
|-damage|p1a: Toxapex|65/100 par|[from] recoil
|
|upkeep
|turn|7
|
|t:|1641779685
|move|p2a: Mew|Recover|p2a: Mew
|-heal|p2a: Mew|100/100
|cant|p1a: Toxapex|par
|
|upkeep
|turn|8
|
|t:|1641779691
|move|p2a: Mew|Scald|p1a: Toxapex
|-resisted|p1a: Toxapex
|-damage|p1a: Toxapex|59/100 par
|cant|p1a: Toxapex|par
|
|upkeep
|turn|9
|
|t:|1641779698
|move|p2a: Mew|Scald|p1a: Toxapex
|-resisted|p1a: Toxapex
|-damage|p1a: Toxapex|52/100 par
|cant|p1a: Toxapex|par
|
|upkeep
|turn|10
|
|t:|1641779702
|move|p2a: Mew|Scald|p1a: Toxapex
|-resisted|p1a: Toxapex
|-damage|p1a: Toxapex|46/100 par
|-activate|p1a: Toxapex|move: Struggle
|move|p1a: Toxapex|Struggle|p2a: Mew
|-damage|p2a: Mew|96/100
|-damage|p1a: Toxapex|21/100 par|[from] recoil
|
|upkeep
|turn|11
|j| Asb04
|
|t:|1641779715
|move|p2a: Mew|Scald|p1a: Toxapex
|-resisted|p1a: Toxapex
|-damage|p1a: Toxapex|15/100 par
|-activate|p1a: Toxapex|move: Struggle
|move|p1a: Toxapex|Struggle|p2a: Mew
|-damage|p2a: Mew|92/100
|-damage|p1a: Toxapex|0 fnt|[from] recoil
|faint|p1a: Toxapex
|
|upkeep
|
|t:|1641779717
|switch|p1a: Tornadus|Tornadus-Therian, M, shiny|100/100
|turn|12
|
|t:|1641779727
|move|p1a: Tornadus|Taunt|p2a: Mew
|-start|p2a: Mew|move: Taunt
|move|p2a: Mew|Knock Off|p1a: Tornadus
|-damage|p1a: Tornadus|86/100
|-enditem|p1a: Tornadus|Heavy-Duty Boots|[from] move: Knock Off|[of] p2a: Mew
|
|upkeep
|turn|13
|
|t:|1641779732
|switch|p2a: Dragapult|Dragapult, M, shiny|100/100
|move|p1a: Tornadus|Hurricane|p2a: Dragapult
|-damage|p2a: Dragapult|46/100
|-start|p2a: Dragapult|confusion
|
|upkeep
|turn|14
|
|t:|1641779738
|switch|p1a: Seismitoad|Seismitoad, F, shiny|100/100
|-activate|p2a: Dragapult|confusion
|move|p2a: Dragapult|Thunder Wave|p1a: Seismitoad
|-immune|p1a: Seismitoad
|
|upkeep
|turn|15
|
|t:|1641779743
|-end|p2a: Dragapult|confusion
|move|p2a: Dragapult|Will-O-Wisp|p1a: Seismitoad
|-status|p1a: Seismitoad|brn
|move|p1a: Seismitoad|Knock Off|p2a: Dragapult
|-supereffective|p2a: Dragapult
|-damage|p2a: Dragapult|16/100
|-enditem|p2a: Dragapult|Wide Lens|[from] move: Knock Off|[of] p1a: Seismitoad
|
|-damage|p1a: Seismitoad|94/100 brn|[from] brn
|upkeep
|turn|16
|
|t:|1641779760
|switch|p2a: Galvantula|Galvantula, M, shiny|100/100
|move|p1a: Seismitoad|Stealth Rock|p2a: Galvantula
|-sidestart|p2: Filefate|move: Stealth Rock
|
|-heal|p1a: Seismitoad|100/100 brn|[from] item: Leftovers
|-damage|p1a: Seismitoad|94/100 brn|[from] brn
|upkeep
|turn|17
|
|t:|1641779765
|move|p2a: Galvantula|Sticky Web|p1a: Seismitoad
|-sidestart|p1: comradesquidwar|move: Sticky Web
|move|p1a: Seismitoad|Knock Off|p2a: Galvantula
|-damage|p2a: Galvantula|80/100
|-enditem|p2a: Galvantula|Focus Sash|[from] move: Knock Off|[of] p1a: Seismitoad
|
|-heal|p1a: Seismitoad|100/100 brn|[from] item: Leftovers
|-damage|p1a: Seismitoad|94/100 brn|[from] brn
|upkeep
|turn|18
|
|t:|1641779773
|move|p2a: Galvantula|Bug Buzz|p1a: Seismitoad
|-damage|p1a: Seismitoad|67/100 brn
|move|p1a: Seismitoad|Scald|p2a: Galvantula
|-damage|p2a: Galvantula|34/100
|-status|p2a: Galvantula|brn
|
|-heal|p1a: Seismitoad|73/100 brn|[from] item: Leftovers
|-damage|p2a: Galvantula|28/100 brn|[from] brn
|-damage|p1a: Seismitoad|67/100 brn|[from] brn
|upkeep
|turn|19
|
|t:|1641779779
|move|p2a: Galvantula|Bug Buzz|p1a: Seismitoad
|-damage|p1a: Seismitoad|37/100 brn
|move|p1a: Seismitoad|Scald|p2a: Galvantula
|-damage|p2a: Galvantula|0 fnt
|faint|p2a: Galvantula
|
|-heal|p1a: Seismitoad|43/100 brn|[from] item: Leftovers
|-damage|p1a: Seismitoad|37/100 brn|[from] brn
|upkeep
|
|t:|1641779790
|switch|p2a: Dragapult|Dragapult, M, shiny|16/100
|-damage|p2a: Dragapult|4/100|[from] Stealth Rock
|turn|20
|
|t:|1641779793
|move|p2a: Dragapult|Hex|p1a: Seismitoad
|-damage|p1a: Seismitoad|0 fnt
|faint|p1a: Seismitoad
|
|upkeep
|
|t:|1641779796
|switch|p1a: Clefable|Clefable, M, shiny|100/100
|-activate|p1a: Clefable|move: Sticky Web
|-unboost|p1a: Clefable|spe|1
|turn|21
|
|t:|1641779800
|move|p2a: Dragapult|Thunder Wave|p1a: Clefable
|-status|p1a: Clefable|par
|move|p1a: Clefable|Moonblast|p2a: Dragapult
|-supereffective|p2a: Dragapult
|-damage|p2a: Dragapult|0 fnt
|faint|p2a: Dragapult
|
|upkeep
|
|t:|1641779809
|switch|p2a: Mew|Mew|100/100
|-damage|p2a: Mew|88/100|[from] Stealth Rock
|turn|22
|
|t:|1641779810
|switch|p1a: Tornadus|Tornadus-Therian, M, shiny|100/100
|move|p2a: Mew|Imprison|p2a: Mew
|-start|p2a: Mew|move: Imprison
|
|upkeep
|turn|23
|
|t:|1641779818
|move|p1a: Tornadus|Taunt|p2a: Mew
|-start|p2a: Mew|move: Taunt
|cant|p2a: Mew|move: Taunt|Transform
|
|upkeep
|turn|24
|
|t:|1641779836
|switch|p2a: Zapdos|Zapdos-Galar|100/100
|-damage|p2a: Zapdos|88/100|[from] Stealth Rock
|move|p1a: Tornadus|Hurricane|p2a: Zapdos
|-supereffective|p2a: Zapdos
|-damage|p2a: Zapdos|0 fnt
|faint|p2a: Zapdos
|
|upkeep
|
|t:|1641779846
|switch|p2a: Rillaboom|Rillaboom, M, shiny|100/100
|-damage|p2a: Rillaboom|88/100|[from] Stealth Rock
|-fieldstart|move: Grassy Terrain|[from] ability: Grassy Surge|[of] p2a: Rillaboom
|-enditem|p2a: Rillaboom|Grassy Seed
|-boost|p2a: Rillaboom|def|1|[from] item: Grassy Seed
|turn|25
|
|t:|1641779853
|move|p1a: Tornadus|Taunt|p2a: Rillaboom
|-start|p2a: Rillaboom|move: Taunt
|move|p2a: Rillaboom|Knock Off|p1a: Tornadus
|-damage|p1a: Tornadus|76/100
|
|-heal|p2a: Rillaboom|94/100|[from] Grassy Terrain
|upkeep
|turn|26
|
|t:|1641779867
|move|p2a: Rillaboom|Grassy Glide|p1a: Tornadus
|-resisted|p1a: Tornadus
|-damage|p1a: Tornadus|52/100
|move|p1a: Tornadus|Defog|p2a: Rillaboom
|-unboost|p2a: Rillaboom|evasion|1
|-sideend|p2: Filefate|Stealth Rock|[from] move: Defog|[of] p1a: Tornadus
|-sideend|p1: comradesquidwar|Sticky Web|[from] move: Defog|[of] p1a: Tornadus
|-fieldend|move: Grassy Terrain
|
|upkeep
|turn|27
|
|t:|1641779889
|move|p1a: Tornadus|Hurricane|p2a: Rillaboom
|-supereffective|p2a: Rillaboom
|-damage|p2a: Rillaboom|0 fnt
|faint|p2a: Rillaboom
|
|upkeep
|
|t:|1641779894
|switch|p2a: Kartana|Kartana, shiny|100/100
|turn|28
|
|t:|1641779898
|move|p1a: Tornadus|Hurricane|p2a: Kartana
|-damage|p2a: Kartana|0 fnt
|faint|p2a: Kartana
|
|upkeep
|
|t:|1641779900
|switch|p2a: Mew|Mew|88/100
|turn|29
|
|t:|1641779902
|move|p1a: Tornadus|Taunt|p2a: Mew
|-start|p2a: Mew|move: Taunt
|cant|p2a: Mew|move: Taunt|Transform
|
|upkeep
|turn|30
|-message|Filefate forfeited.
|
|win|comradesquidwar
|raw|comradesquidwar's rating: 1544 &rarr; <strong>1565</strong><br />(+21 for winning)
|raw|Filefate's rating: 1557 &rarr; <strong>1536</strong><br />(-21 for losing)
|l|☆Filefate
