|j|☆alponon
|j|☆Solosist
|t:|1641763186
|gametype|singles
|player|p1|alponon|2|1125
|player|p2|Solosist|266|1075
|teamsize|p1|6
|teamsize|p2|6
|gen|8
|tier|[Gen 8] OU
|rated|
|rule|Sleep Clause Mod: Limit one foe put to sleep
|rule|Species Clause: Limit one of each Pokémon
|rule|OHKO Clause: OHKO moves are banned
|rule|Evasion Moves Clause: Evasion moves are banned
|rule|Endless Battle Clause: Forcing endless battles is banned
|rule|HP Percentage Mod: HP is shown in percentages
|rule|Dynamax Clause: You cannot dynamax
|clearpoke
|poke|p1|Toxapex, M|
|poke|p1|Hippowdon, F|
|poke|p1|Mienshao, F|
|poke|p1|Heatran, F|
|poke|p1|Corviknight, F|
|poke|p1|Latios, M|
|poke|p2|Heatran, M|
|poke|p2|Dragapult, F|
|poke|p2|Hippowdon, M|
|poke|p2|Scizor, F|
|poke|p2|Urshifu-*, M|
|poke|p2|Landorus-Therian, M|
|teampreview
|
|t:|1641763199
|start
|switch|p1a: Hippowdon|Hippowdon, F|100/100
|switch|p2a: Scizor|Scizor, F|100/100
|-weather|Sandstorm|[from] ability: Sand Stream|[of] p1a: Hippowdon
|turn|1
|inactive|Battle timer is ON: inactive players will automatically lose when time's up. (requested by alponon)
|
|t:|1641763206
|move|p2a: Scizor|U-turn|p1a: Hippowdon
|-damage|p1a: Hippowdon|56/100
|
|t:|1641763209
|switch|p2a: Urshifu|Urshifu-Rapid-Strike, M|100/100|[from]move: U-turn
|move|p1a: Hippowdon|Stealth Rock|p2a: Urshifu
|-sidestart|p2: Solosist|move: Stealth Rock
|
|-weather|Sandstorm|[upkeep]
|-damage|p2a: Urshifu|94/100|[from] Sandstorm
|-heal|p1a: Hippowdon|62/100|[from] item: Leftovers
|upkeep
|turn|2
|
|t:|1641763222
|switch|p1a: Toxapex|Toxapex, M|100/100
|move|p2a: Urshifu|U-turn|p1a: Toxapex
|-resisted|p1a: Toxapex
|-damage|p1a: Toxapex|91/100
|-damage|p2a: Urshifu|84/100|[from] item: Life Orb
|
|t:|1641763233
|switch|p2a: Dragapult|Dragapult, F|100/100|[from]move: U-turn
|-damage|p2a: Dragapult|88/100|[from] Stealth Rock
|
|-weather|Sandstorm|[upkeep]
|-damage|p2a: Dragapult|82/100|[from] Sandstorm
|-damage|p1a: Toxapex|85/100|[from] Sandstorm
|-heal|p1a: Toxapex|91/100|[from] item: Black Sludge
|upkeep
|turn|3
|
|t:|1641763240
|move|p2a: Dragapult|Dragon Darts|p1a: Toxapex
|-damage|p1a: Toxapex|74/100
|-anim|p2a: Dragapult|Dragon Darts|p1a: Toxapex
|-crit|p1a: Toxapex
|-damage|p1a: Toxapex|50/100
|-damage|p2a: Dragapult|72/100|[from] item: Life Orb
|move|p1a: Toxapex|Toxic|p2a: Dragapult
|-status|p2a: Dragapult|tox
|
|-weather|Sandstorm|[upkeep]
|-damage|p2a: Dragapult|66/100 tox|[from] Sandstorm
|-damage|p1a: Toxapex|44/100|[from] Sandstorm
|-heal|p1a: Toxapex|50/100|[from] item: Black Sludge
|-damage|p2a: Dragapult|60/100 tox|[from] psn
|upkeep
|turn|4
|
|t:|1641763254
|move|p2a: Dragapult|Draco Meteor|p1a: Toxapex
|-damage|p1a: Toxapex|0 fnt
|-unboost|p2a: Dragapult|spa|2
|faint|p1a: Toxapex
|-damage|p2a: Dragapult|51/100 tox|[from] item: Life Orb
|
|-weather|Sandstorm|[upkeep]
|-damage|p2a: Dragapult|45/100 tox|[from] Sandstorm
|-damage|p2a: Dragapult|33/100 tox|[from] psn
|upkeep
|
|t:|1641763264
|switch|p1a: Corviknight|Corviknight, F|100/100
|-ability|p1a: Corviknight|Pressure
|turn|5
|
|t:|1641763269
|switch|p2a: Landorus|Landorus-Therian, M|100/100
|-damage|p2a: Landorus|88/100|[from] Stealth Rock
|-ability|p2a: Landorus|Intimidate|boost
|-unboost|p1a: Corviknight|atk|1
|move|p1a: Corviknight|U-turn|p2a: Landorus
|-resisted|p2a: Landorus
|-damage|p2a: Landorus|83/100
|
|t:|1641763276
|switch|p1a: Latios|Latios, M|100/100|[from]move: U-turn
|
|-weather|none
|upkeep
|turn|6
|
|t:|1641763291
|move|p1a: Latios|Ice Beam|p2a: Landorus
|-supereffective|p2a: Landorus
|-damage|p2a: Landorus|0 fnt
|faint|p2a: Landorus
|
|upkeep
|
|t:|1641763296
|switch|p2a: Heatran|Heatran, M|100/100
|-damage|p2a: Heatran|88/100|[from] Stealth Rock
|turn|7
|
|t:|1641763300
|switch|p1a: Hippowdon|Hippowdon, F|62/100
|-weather|Sandstorm|[from] ability: Sand Stream|[of] p1a: Hippowdon
|move|p2a: Heatran|Toxic|p1a: Hippowdon
|-status|p1a: Hippowdon|tox
|
|-weather|Sandstorm|[upkeep]
|-heal|p2a: Heatran|94/100|[from] item: Leftovers
|-heal|p1a: Hippowdon|68/100 tox|[from] item: Leftovers
|-damage|p1a: Hippowdon|62/100 tox|[from] psn
|upkeep
|turn|8
|
|t:|1641763309
|switch|p2a: Scizor|Scizor, F|100/100
|-damage|p2a: Scizor|88/100|[from] Stealth Rock
|move|p1a: Hippowdon|Slack Off|p1a: Hippowdon
|-heal|p1a: Hippowdon|100/100 tox
|
|-weather|Sandstorm|[upkeep]
|-damage|p1a: Hippowdon|88/100 tox|[from] psn
|upkeep
|turn|9
|
|t:|1641763317
|switch|p1a: Corviknight|Corviknight, F|100/100
|-ability|p1a: Corviknight|Pressure
|move|p2a: Scizor|Dual Wingbeat|p1a: Corviknight
|-resisted|p1a: Corviknight
|-damage|p1a: Corviknight|89/100
|-resisted|p1a: Corviknight
|-damage|p1a: Corviknight|78/100
|-hitcount|p1a: Corviknight|2
|
|-weather|Sandstorm|[upkeep]
|-heal|p1a: Corviknight|84/100|[from] item: Leftovers
|upkeep
|turn|10
|
|t:|1641763327
|switch|p2a: Hippowdon|Hippowdon, M|100/100
|-damage|p2a: Hippowdon|94/100|[from] Stealth Rock
|move|p1a: Corviknight|Brave Bird|p2a: Hippowdon
|-damage|p2a: Hippowdon|75/100
|-damage|p1a: Corviknight|77/100|[from] Recoil
|
|-weather|Sandstorm|[upkeep]
|-heal|p1a: Corviknight|83/100|[from] item: Leftovers
|-heal|p2a: Hippowdon|81/100|[from] item: Leftovers
|upkeep
|turn|11
|
|t:|1641763343
|move|p1a: Corviknight|Brave Bird|p2a: Hippowdon
|-damage|p2a: Hippowdon|62/100
|-damage|p1a: Corviknight|77/100|[from] Recoil
|move|p2a: Hippowdon|Stealth Rock|p1a: Corviknight
|-sidestart|p1: alponon|move: Stealth Rock
|
|-weather|none
|-heal|p1a: Corviknight|83/100|[from] item: Leftovers
|-heal|p2a: Hippowdon|69/100|[from] item: Leftovers
|upkeep
|turn|12
|
|t:|1641763351
|move|p1a: Corviknight|Defog|p2a: Hippowdon
|-unboost|p2a: Hippowdon|evasion|1
|-sideend|p2: Solosist|Stealth Rock|[from] move: Defog|[of] p1a: Corviknight
|-sideend|p1: alponon|Stealth Rock|[from] move: Defog|[of] p1a: Corviknight
|move|p2a: Hippowdon|Slack Off|p2a: Hippowdon
|-heal|p2a: Hippowdon|100/100
|
|-heal|p1a: Corviknight|89/100|[from] item: Leftovers
|upkeep
|turn|13
|
|t:|1641763359
|move|p1a: Corviknight|U-turn|p2a: Hippowdon
|-damage|p2a: Hippowdon|93/100
|
|t:|1641763369
|switch|p1a: Latios|Latios, M|100/100|[from]move: U-turn
|move|p2a: Hippowdon|Toxic|p1a: Latios
|-status|p1a: Latios|tox
|
|-heal|p2a: Hippowdon|99/100|[from] item: Leftovers
|-damage|p1a: Latios|95/100 tox|[from] psn
|upkeep
|turn|14
|
|t:|1641763384
|switch|p2a: Heatran|Heatran, M|94/100
|move|p1a: Latios|Draco Meteor|p2a: Heatran
|-resisted|p2a: Heatran
|-damage|p2a: Heatran|63/100
|-unboost|p1a: Latios|spa|2
|
|-heal|p2a: Heatran|69/100|[from] item: Leftovers
|-damage|p1a: Latios|83/100 tox|[from] psn
|upkeep
|turn|15
|
|t:|1641763395
|switch|p1a: Hippowdon|Hippowdon, F|88/100 tox
|-weather|Sandstorm|[from] ability: Sand Stream|[of] p1a: Hippowdon
|switch|p2a: Urshifu|Urshifu-Rapid-Strike, M|84/100
|
|-weather|Sandstorm|[upkeep]
|-damage|p2a: Urshifu|78/100|[from] Sandstorm
|-heal|p1a: Hippowdon|94/100 tox|[from] item: Leftovers
|-damage|p1a: Hippowdon|88/100 tox|[from] psn
|upkeep
|turn|16
|
|t:|1641763405
|switch|p1a: Corviknight|Corviknight, F|89/100
|-ability|p1a: Corviknight|Pressure
|move|p2a: Urshifu|Surging Strikes|p1a: Corviknight
|-crit|p1a: Corviknight
|-damage|p1a: Corviknight|72/100
|-crit|p1a: Corviknight
|-damage|p1a: Corviknight|54/100
|-crit|p1a: Corviknight
|-damage|p1a: Corviknight|38/100
|-hitcount|p1a: Corviknight|3
|-damage|p2a: Urshifu|68/100|[from] item: Life Orb
|
|-weather|Sandstorm|[upkeep]
|-damage|p2a: Urshifu|62/100|[from] Sandstorm
|-heal|p1a: Corviknight|45/100|[from] item: Leftovers
|upkeep
|turn|17
|
|t:|1641763421
|move|p2a: Urshifu|Thunder Punch|p1a: Corviknight
|-supereffective|p1a: Corviknight
|-damage|p1a: Corviknight|0 fnt
|faint|p1a: Corviknight
|-damage|p2a: Urshifu|52/100|[from] item: Life Orb
|
|-weather|Sandstorm|[upkeep]
|-damage|p2a: Urshifu|46/100|[from] Sandstorm
|upkeep
|
|t:|1641763425
|switch|p1a: Latios|Latios, M|83/100 tox
|turn|18
|
|t:|1641763431
|switch|p2a: Scizor|Scizor, F|88/100
|move|p1a: Latios|Psychic|p2a: Scizor
|-resisted|p2a: Scizor
|-damage|p2a: Scizor|49/100
|
|-weather|Sandstorm|[upkeep]
|-damage|p1a: Latios|77/100 tox|[from] Sandstorm
|-damage|p1a: Latios|71/100 tox|[from] psn
|upkeep
|turn|19
|-message|alponon forfeited.
|
|win|Solosist
|raw|alponon's rating: 1125 &rarr; <strong>1096</strong><br />(-29 for losing)
|raw|Solosist's rating: 1075 &rarr; <strong>1108</strong><br />(+33 for winning)
|l|☆alponon
