|j|☆kentuckyfriedmons
|j|☆Sanjogbiswas
|t:|1641888120
|gametype|singles
|player|p1|kentuckyfriedmons|169|1313
|player|p2|Sanjogbiswas|dawn|1441
|teamsize|p1|6
|teamsize|p2|6
|gen|8
|tier|[Gen 8] OU
|rated|
|rule|Sleep Clause Mod: Limit one foe put to sleep
|rule|Species Clause: Limit one of each Pokémon
|rule|OHKO Clause: OHKO moves are banned
|rule|Evasion Moves Clause: Evasion moves are banned
|rule|Endless Battle Clause: Forcing endless battles is banned
|rule|HP Percentage Mod: HP is shown in percentages
|rule|Dynamax Clause: You cannot dynamax
|clearpoke
|poke|p1|Garchomp, M|
|poke|p1|Dragapult, M|
|poke|p1|Tapu Fini|
|poke|p1|Volcarona, M|
|poke|p1|Slowking-Galar, M|
|poke|p1|Landorus-Therian, M|
|poke|p2|Scizor, M|
|poke|p2|Zapdos|
|poke|p2|Politoed, F|
|poke|p2|Shedinja|
|poke|p2|Blissey, F|
|poke|p2|Tornadus-Therian, M|
|teampreview
|
|t:|1641888133
|start
|switch|p1a: Landorus|Landorus-Therian, M|100/100
|switch|p2a: Politoed|Politoed, F|100/100
|-ability|p1a: Landorus|Intimidate|boost
|-unboost|p2a: Politoed|atk|1
|-weather|RainDance|[from] ability: Drizzle|[of] p2a: Politoed
|turn|1
|
|t:|1641888144
|move|p1a: Landorus|Stealth Rock|p2a: Politoed
|-sidestart|p2: Sanjogbiswas|move: Stealth Rock
|move|p2a: Politoed|Ice Beam|p1a: Landorus
|-supereffective|p1a: Landorus
|-damage|p1a: Landorus|37/100
|
|-weather|RainDance|[upkeep]
|-heal|p1a: Landorus|43/100|[from] item: Leftovers
|upkeep
|turn|2
|
|t:|1641888153
|switch|p1a: Tapu Fini|Tapu Fini|100/100
|-fieldstart|move: Misty Terrain|[from] ability: Misty Surge|[of] p1a: Tapu Fini
|move|p2a: Politoed|Scald|p1a: Tapu Fini
|-resisted|p1a: Tapu Fini
|-damage|p1a: Tapu Fini|87/100
|
|-weather|RainDance|[upkeep]
|-heal|p1a: Tapu Fini|93/100|[from] item: Leftovers
|upkeep
|turn|3
|
|t:|1641888171
|switch|p2a: Shedinja|Shedinja|100/100
|move|p1a: Tapu Fini|Moonblast|p2a: Shedinja
|-immune|p2a: Shedinja|[from] ability: Wonder Guard
|
|-weather|RainDance|[upkeep]
|-heal|p1a: Tapu Fini|99/100|[from] item: Leftovers
|upkeep
|turn|4
|
|t:|1641888198
|switch|p1a: Garchomp|Garchomp, M|100/100
|move|p2a: Shedinja|Poltergeist|p1a: Garchomp
|-activate|p1a: Garchomp|move: Poltergeist|Choice Scarf
|-damage|p1a: Garchomp|51/100
|
|-weather|RainDance|[upkeep]
|upkeep
|turn|5
|
|t:|1641888212
|switch|p2a: Scizor|Scizor, M|100/100
|move|p1a: Garchomp|Crunch|p2a: Scizor
|-damage|p2a: Scizor|80/100
|
|-weather|RainDance|[upkeep]
|upkeep
|turn|6
|
|t:|1641888220
|switch|p1a: Volcarona|Volcarona, M|100/100
|move|p2a: Scizor|Defog|p1a: Volcarona
|-unboost|p1a: Volcarona|evasion|1
|-sideend|p2: Sanjogbiswas|Stealth Rock|[from] move: Defog|[of] p2a: Scizor
|-fieldend|Misty Terrain
|
|-weather|RainDance|[upkeep]
|upkeep
|turn|7
|
|t:|1641888241
|switch|p2a: Politoed|Politoed, F|100/100
|move|p1a: Volcarona|Fiery Dance|p2a: Politoed
|-resisted|p2a: Politoed
|-damage|p2a: Politoed|87/100
|-boost|p1a: Volcarona|spa|1
|
|-weather|RainDance|[upkeep]
|upkeep
|turn|8
|
|t:|1641888247
|switch|p1a: Tapu Fini|Tapu Fini|99/100
|-fieldstart|move: Misty Terrain|[from] ability: Misty Surge|[of] p1a: Tapu Fini
|move|p2a: Politoed|Scald|p1a: Tapu Fini
|-resisted|p1a: Tapu Fini
|-damage|p1a: Tapu Fini|84/100
|
|-weather|none
|-heal|p1a: Tapu Fini|90/100|[from] item: Leftovers
|upkeep
|turn|9
|
|t:|1641888258
|switch|p1a: Volcarona|Volcarona, M|100/100
|switch|p2a: Shedinja|Shedinja|100/100
|
|upkeep
|turn|10
|
|t:|1641888265
|switch|p2a: Politoed|Politoed, F|87/100
|-weather|RainDance|[from] ability: Drizzle|[of] p2a: Politoed
|move|p1a: Volcarona|Fiery Dance|p2a: Politoed
|-resisted|p2a: Politoed
|-damage|p2a: Politoed|73/100
|-boost|p1a: Volcarona|spa|1
|
|-weather|RainDance|[upkeep]
|upkeep
|turn|11
|
|t:|1641888279
|switch|p1a: Tapu Fini|Tapu Fini|90/100
|move|p2a: Politoed|Scald|p1a: Tapu Fini
|-resisted|p1a: Tapu Fini
|-damage|p1a: Tapu Fini|75/100
|
|-weather|RainDance|[upkeep]
|-heal|p1a: Tapu Fini|81/100|[from] item: Leftovers
|upkeep
|turn|12
|
|t:|1641888289
|switch|p2a: Shedinja|Shedinja|100/100
|move|p1a: Tapu Fini|Moonblast|p2a: Shedinja
|-immune|p2a: Shedinja|[from] ability: Wonder Guard
|
|-weather|RainDance|[upkeep]
|-heal|p1a: Tapu Fini|87/100|[from] item: Leftovers
|-fieldend|Misty Terrain
|upkeep
|turn|13
|
|t:|1641888306
|switch|p1a: Volcarona|Volcarona, M|100/100
|move|p2a: Shedinja|Poltergeist|p1a: Volcarona
|-activate|p1a: Volcarona|move: Poltergeist|Choice Specs
|-damage|p1a: Volcarona|24/100
|
|-weather|RainDance|[upkeep]
|upkeep
|turn|14
|
|t:|1641888316
|move|p2a: Shedinja|Shadow Sneak|p1a: Volcarona
|-damage|p1a: Volcarona|0 fnt
|faint|p1a: Volcarona
|
|-weather|RainDance|[upkeep]
|upkeep
|
|t:|1641888328
|switch|p1a: Garchomp|Garchomp, M|51/100
|turn|15
|
|t:|1641888335
|switch|p2a: Scizor|Scizor, M|80/100
|move|p1a: Garchomp|Earthquake|p2a: Scizor
|-damage|p2a: Scizor|42/100
|
|-weather|RainDance|[upkeep]
|upkeep
|turn|16
|
|t:|1641888346
|switch|p1a: Tapu Fini|Tapu Fini|87/100
|-fieldstart|move: Misty Terrain|[from] ability: Misty Surge|[of] p1a: Tapu Fini
|move|p2a: Scizor|Roost|p2a: Scizor
|-heal|p2a: Scizor|92/100
|-singleturn|p2a: Scizor|move: Roost
|
|-weather|RainDance|[upkeep]
|-heal|p1a: Tapu Fini|93/100|[from] item: Leftovers
|upkeep
|turn|17
|
|t:|1641888354
|switch|p1a: Dragapult|Dragapult, M, shiny|100/100
|switch|p2a: Shedinja|Shedinja|100/100
|
|-weather|none
|upkeep
|turn|18
|
|t:|1641888364
|switch|p2a: Blissey|Blissey, F|100/100
|move|p1a: Dragapult|Sucker Punch||[still]
|-fail|p1a: Dragapult
|
|upkeep
|turn|19
|
|t:|1641888370
|switch|p1a: Landorus|Landorus-Therian, M|43/100
|-ability|p1a: Landorus|Intimidate|boost
|-unboost|p2a: Blissey|atk|1
|move|p2a: Blissey|Stealth Rock|p1a: Landorus
|-sidestart|p1: kentuckyfriedmons|move: Stealth Rock
|
|-heal|p1a: Landorus|49/100|[from] item: Leftovers
|upkeep
|turn|20
|
|t:|1641888375
|move|p1a: Landorus|Earthquake|p2a: Blissey
|-damage|p2a: Blissey|54/100
|move|p2a: Blissey|Teleport|p2a: Blissey
|
|t:|1641888383
|switch|p2a: Tornadus|Tornadus-Therian, M|100/100|[from]move: Teleport
|
|-heal|p1a: Landorus|55/100|[from] item: Leftovers
|-fieldend|Misty Terrain
|upkeep
|turn|21
|
|t:|1641888387
|move|p2a: Tornadus|Hurricane|p1a: Landorus|[miss]
|-miss|p2a: Tornadus|p1a: Landorus
|move|p1a: Landorus|Defog|p2a: Tornadus
|-unboost|p2a: Tornadus|evasion|1
|-sideend|p1: kentuckyfriedmons|Stealth Rock|[from] move: Defog|[of] p1a: Landorus
|
|-heal|p1a: Landorus|62/100|[from] item: Leftovers
|upkeep
|turn|22
|
|t:|1641888391
|switch|p2a: Politoed|Politoed, F|73/100
|-weather|RainDance|[from] ability: Drizzle|[of] p2a: Politoed
|move|p1a: Landorus|Stealth Rock|p2a: Politoed
|-sidestart|p2: Sanjogbiswas|move: Stealth Rock
|
|-weather|RainDance|[upkeep]
|-heal|p1a: Landorus|68/100|[from] item: Leftovers
|upkeep
|turn|23
|
|t:|1641888405
|switch|p1a: Tapu Fini|Tapu Fini|93/100
|-fieldstart|move: Misty Terrain|[from] ability: Misty Surge|[of] p1a: Tapu Fini
|move|p2a: Politoed|Scald|p1a: Tapu Fini
|-resisted|p1a: Tapu Fini
|-damage|p1a: Tapu Fini|77/100
|
|-weather|RainDance|[upkeep]
|-heal|p1a: Tapu Fini|83/100|[from] item: Leftovers
|upkeep
|turn|24
|
|t:|1641888421
|switch|p1a: Dragapult|Dragapult, M, shiny|100/100
|switch|p2a: Blissey|Blissey, F|54/100
|
|-weather|RainDance|[upkeep]
|upkeep
|turn|25
|
|t:|1641888426
|move|p1a: Dragapult|Will-O-Wisp|p2a: Blissey
|-activate|p2a: Blissey|move: Misty Terrain
|move|p2a: Blissey|Soft-Boiled|p2a: Blissey
|-heal|p2a: Blissey|100/100
|
|-weather|RainDance|[upkeep]
|upkeep
|turn|26
|
|t:|1641888433
|switch|p1a: Slowking|Slowking-Galar, M|100/100
|move|p2a: Blissey|Stealth Rock|p1a: Slowking
|-sidestart|p1: kentuckyfriedmons|move: Stealth Rock
|
|-weather|RainDance|[upkeep]
|upkeep
|turn|27
|
|t:|1641888439
|move|p2a: Blissey|Seismic Toss|p1a: Slowking
|-damage|p1a: Slowking|70/100
|move|p1a: Slowking|Future Sight|p2a: Blissey
|-start|p1a: Slowking|move: Future Sight
|
|-weather|RainDance|[upkeep]
|-fieldend|Misty Terrain
|upkeep
|turn|28
|
|t:|1641888445
|switch|p1a: Tapu Fini|Tapu Fini|83/100
|-damage|p1a: Tapu Fini|71/100|[from] Stealth Rock
|-fieldstart|move: Misty Terrain|[from] ability: Misty Surge|[of] p1a: Tapu Fini
|move|p2a: Blissey|Seismic Toss|p1a: Tapu Fini
|-damage|p1a: Tapu Fini|42/100
|
|-weather|RainDance|[upkeep]
|-heal|p1a: Tapu Fini|48/100|[from] item: Leftovers
|upkeep
|turn|29
|
|t:|1641888452
|move|p1a: Tapu Fini|Defog|p2a: Blissey
|-unboost|p2a: Blissey|evasion|1
|-sideend|p2: Sanjogbiswas|Stealth Rock|[from] move: Defog|[of] p1a: Tapu Fini
|-sideend|p1: kentuckyfriedmons|Stealth Rock|[from] move: Defog|[of] p1a: Tapu Fini
|-fieldend|Misty Terrain
|move|p2a: Blissey|Seismic Toss|p1a: Tapu Fini
|-damage|p1a: Tapu Fini|19/100
|
|-weather|none
|-end|p2a: Blissey|move: Future Sight
|-damage|p2a: Blissey|80/100
|-heal|p1a: Tapu Fini|25/100|[from] item: Leftovers
|upkeep
|turn|30
|
|t:|1641888460
|switch|p1a: Dragapult|Dragapult, M, shiny|100/100
|move|p2a: Blissey|Seismic Toss|p1a: Dragapult
|-immune|p1a: Dragapult
|
|upkeep
|turn|31
|
|t:|1641888464
|move|p1a: Dragapult|Will-O-Wisp|p2a: Blissey
|-status|p2a: Blissey|brn
|move|p2a: Blissey|Teleport|p2a: Blissey
|
|t:|1641888469
|-curestatus|p2a: Blissey|brn|[from] ability: Natural Cure
|switch|p2a: Politoed|Politoed, F|73/100|[from]move: Teleport
|-weather|RainDance|[from] ability: Drizzle|[of] p2a: Politoed
|
|-weather|RainDance|[upkeep]
|upkeep
|turn|32
|
|t:|1641888477
|switch|p1a: Tapu Fini|Tapu Fini|25/100
|-fieldstart|move: Misty Terrain|[from] ability: Misty Surge|[of] p1a: Tapu Fini
|move|p2a: Politoed|Ice Beam|p1a: Tapu Fini
|-resisted|p1a: Tapu Fini
|-damage|p1a: Tapu Fini|18/100
|
|-weather|RainDance|[upkeep]
|-heal|p1a: Tapu Fini|24/100|[from] item: Leftovers
|upkeep
|turn|33
|
|t:|1641888487
|switch|p2a: Shedinja|Shedinja|100/100
|move|p1a: Tapu Fini|Moonblast|p2a: Shedinja
|-immune|p2a: Shedinja|[from] ability: Wonder Guard
|
|-weather|RainDance|[upkeep]
|-heal|p1a: Tapu Fini|30/100|[from] item: Leftovers
|upkeep
|turn|34
|
|t:|1641888500
|switch|p1a: Garchomp|Garchomp, M|51/100
|move|p2a: Shedinja|Poltergeist|p1a: Garchomp
|-activate|p1a: Garchomp|move: Poltergeist|Choice Scarf
|-damage|p1a: Garchomp|2/100
|
|-weather|RainDance|[upkeep]
|upkeep
|turn|35
|
|t:|1641888510
|switch|p2a: Scizor|Scizor, M|92/100
|move|p1a: Garchomp|Crunch|p2a: Scizor
|-damage|p2a: Scizor|71/100
|
|-weather|RainDance|[upkeep]
|upkeep
|turn|36
|
|t:|1641888524
|switch|p1a: Tapu Fini|Tapu Fini|30/100
|move|p2a: Scizor|U-turn|p1a: Tapu Fini
|-resisted|p1a: Tapu Fini
|-damage|p1a: Tapu Fini|20/100
|
|t:|1641888530
|switch|p2a: Tornadus|Tornadus-Therian, M|100/100|[from]move: U-turn
|
|-weather|RainDance|[upkeep]
|-heal|p1a: Tapu Fini|26/100|[from] item: Leftovers
|-fieldend|Misty Terrain
|upkeep
|turn|37
|
|t:|1641888537
|switch|p1a: Garchomp|Garchomp, M|2/100
|move|p2a: Tornadus|Hurricane|p1a: Garchomp
|-damage|p1a: Garchomp|0 fnt
|faint|p1a: Garchomp
|
|-weather|RainDance|[upkeep]
|upkeep
|
|t:|1641888546
|switch|p1a: Slowking|Slowking-Galar, M|100/100
|turn|38
|
|t:|1641888550
|switch|p2a: Blissey|Blissey, F|80/100
|move|p1a: Slowking|Future Sight|p2a: Blissey
|-start|p1a: Slowking|move: Future Sight
|
|-weather|none
|upkeep
|turn|39
|
|t:|1641888555
|move|p2a: Blissey|Stealth Rock|p1a: Slowking
|-sidestart|p1: kentuckyfriedmons|move: Stealth Rock
|move|p1a: Slowking|Sludge Bomb|p2a: Blissey
|-damage|p2a: Blissey|61/100
|
|upkeep
|turn|40
|
|t:|1641888563
|move|p2a: Blissey|Soft-Boiled|p2a: Blissey
|-heal|p2a: Blissey|100/100
|move|p1a: Slowking|Sludge Bomb|p2a: Blissey
|-damage|p2a: Blissey|84/100
|
|-end|p2a: Blissey|move: Future Sight
|-damage|p2a: Blissey|63/100
|upkeep
|turn|41
|
|t:|1641888572
|switch|p1a: Landorus|Landorus-Therian, M|68/100
|-damage|p1a: Landorus|55/100|[from] Stealth Rock
|-ability|p1a: Landorus|Intimidate|boost
|-unboost|p2a: Blissey|atk|1
|move|p2a: Blissey|Soft-Boiled|p2a: Blissey
|-heal|p2a: Blissey|100/100
|
|-heal|p1a: Landorus|62/100|[from] item: Leftovers
|upkeep
|turn|42
|
|t:|1641888580
|move|p1a: Landorus|Defog|p2a: Blissey
|-unboost|p2a: Blissey|evasion|1
|-sideend|p1: kentuckyfriedmons|Stealth Rock|[from] move: Defog|[of] p1a: Landorus
|move|p2a: Blissey|Teleport|p2a: Blissey
|
|t:|1641888583
|switch|p2a: Politoed|Politoed, F|73/100|[from]move: Teleport
|-weather|RainDance|[from] ability: Drizzle|[of] p2a: Politoed
|
|-weather|RainDance|[upkeep]
|-heal|p1a: Landorus|68/100|[from] item: Leftovers
|upkeep
|turn|43
|
|t:|1641888593
|switch|p1a: Tapu Fini|Tapu Fini|26/100
|-fieldstart|move: Misty Terrain|[from] ability: Misty Surge|[of] p1a: Tapu Fini
|move|p2a: Politoed|Scald|p1a: Tapu Fini
|-resisted|p1a: Tapu Fini
|-damage|p1a: Tapu Fini|12/100
|
|-weather|RainDance|[upkeep]
|-heal|p1a: Tapu Fini|18/100|[from] item: Leftovers
|upkeep
|turn|44
|
|t:|1641888603
|switch|p1a: Dragapult|Dragapult, M, shiny|100/100
|switch|p2a: Blissey|Blissey, F|100/100
|
|-weather|RainDance|[upkeep]
|upkeep
|turn|45
|
|t:|1641888610
|move|p1a: Dragapult|U-turn|p2a: Blissey
|-damage|p2a: Blissey|72/100
|
|t:|1641888614
|switch|p1a: Landorus|Landorus-Therian, M|68/100|[from]move: U-turn
|-ability|p1a: Landorus|Intimidate|boost
|-unboost|p2a: Blissey|atk|1
|move|p2a: Blissey|Stealth Rock|p1a: Landorus
|-sidestart|p1: kentuckyfriedmons|move: Stealth Rock
|
|-weather|RainDance|[upkeep]
|-heal|p1a: Landorus|74/100|[from] item: Leftovers
|upkeep
|turn|46
|
|t:|1641888622
|switch|p2a: Tornadus|Tornadus-Therian, M|100/100
|move|p1a: Landorus|Defog|p2a: Tornadus
|-unboost|p2a: Tornadus|evasion|1
|-sideend|p1: kentuckyfriedmons|Stealth Rock|[from] move: Defog|[of] p1a: Landorus
|-fieldend|Misty Terrain
|
|-weather|RainDance|[upkeep]
|-heal|p1a: Landorus|80/100|[from] item: Leftovers
|upkeep
|turn|47
|
|t:|1641888626
|move|p2a: Tornadus|Hurricane|p1a: Landorus
|-damage|p1a: Landorus|47/100
|move|p1a: Landorus|Stealth Rock|p2a: Tornadus
|-sidestart|p2: Sanjogbiswas|move: Stealth Rock
|
|-weather|RainDance|[upkeep]
|-heal|p1a: Landorus|53/100|[from] item: Leftovers
|upkeep
|turn|48
|
|t:|1641888635
|switch|p1a: Tapu Fini|Tapu Fini|18/100
|-fieldstart|move: Misty Terrain|[from] ability: Misty Surge|[of] p1a: Tapu Fini
|move|p2a: Tornadus|Nasty Plot|p2a: Tornadus
|-boost|p2a: Tornadus|spa|2
|
|-weather|RainDance|[upkeep]
|-heal|p1a: Tapu Fini|24/100|[from] item: Leftovers
|upkeep
|turn|49
|
|t:|1641888642
|move|p2a: Tornadus|Hurricane|p1a: Tapu Fini
|-damage|p1a: Tapu Fini|0 fnt
|faint|p1a: Tapu Fini
|
|-weather|none
|upkeep
|
|t:|1641888648
|switch|p1a: Dragapult|Dragapult, M, shiny|100/100
|turn|50
|
|t:|1641888653
|move|p1a: Dragapult|U-turn|p2a: Tornadus
|-resisted|p2a: Tornadus
|-damage|p2a: Tornadus|82/100
|
|t:|1641888656
|switch|p1a: Slowking|Slowking-Galar, M|100/100|[from]move: U-turn
|move|p2a: Tornadus|Hurricane|p1a: Slowking
|-damage|p1a: Slowking|57/100
|
|upkeep
|turn|51
|
|t:|1641888669
|switch|p2a: Blissey|Blissey, F|72/100
|move|p1a: Slowking|Future Sight|p2a: Blissey
|-start|p1a: Slowking|move: Future Sight
|
|upkeep
|turn|52
|
|t:|1641888676
|switch|p1a: Landorus|Landorus-Therian, M|53/100
|-ability|p1a: Landorus|Intimidate|boost
|-unboost|p2a: Blissey|atk|1
|move|p2a: Blissey|Soft-Boiled|p2a: Blissey
|-heal|p2a: Blissey|100/100
|
|-heal|p1a: Landorus|59/100|[from] item: Leftovers
|-fieldend|Misty Terrain
|upkeep
|turn|53
|
|t:|1641888680
|move|p1a: Landorus|Earthquake|p2a: Blissey
|-damage|p2a: Blissey|50/100
|move|p2a: Blissey|Stealth Rock|p1a: Landorus
|-sidestart|p1: kentuckyfriedmons|move: Stealth Rock
|
|-end|p2a: Blissey|move: Future Sight
|-damage|p2a: Blissey|29/100
|-heal|p1a: Landorus|65/100|[from] item: Leftovers
|upkeep
|turn|54
|
|t:|1641888691
|switch|p2a: Politoed|Politoed, F|73/100
|-damage|p2a: Politoed|60/100|[from] Stealth Rock
|-weather|RainDance|[from] ability: Drizzle|[of] p2a: Politoed
|move|p1a: Landorus|Earthquake|p2a: Politoed
|-damage|p2a: Politoed|15/100
|
|-weather|RainDance|[upkeep]
|-heal|p1a: Landorus|71/100|[from] item: Leftovers
|upkeep
|turn|55
|
|t:|1641888697
|move|p1a: Landorus|Earthquake|p2a: Politoed
|-damage|p2a: Politoed|0 fnt
|faint|p2a: Politoed
|
|-weather|RainDance|[upkeep]
|-heal|p1a: Landorus|77/100|[from] item: Leftovers
|upkeep
|
|t:|1641888708
|switch|p2a: Zapdos|Zapdos|100/100
|-ability|p2a: Zapdos|Pressure
|turn|56
|
|t:|1641888718
|move|p2a: Zapdos|Substitute|p2a: Zapdos
|-start|p2a: Zapdos|Substitute
|-damage|p2a: Zapdos|76/100
|move|p1a: Landorus|U-turn|p2a: Zapdos
|-resisted|p2a: Zapdos
|-activate|p2a: Zapdos|move: Substitute|[damage]
|
|t:|1641888723
|switch|p1a: Dragapult|Dragapult, M, shiny|100/100|[from]move: U-turn
|-damage|p1a: Dragapult|88/100|[from] Stealth Rock
|
|-weather|RainDance|[upkeep]
|upkeep
|turn|57
|
|t:|1641888729
|move|p1a: Dragapult|Dragon Darts|p2a: Zapdos
|-damage|p2a: Zapdos|37/100
|-anim|p1a: Dragapult|Dragon Darts|p2a: Zapdos
|-damage|p2a: Zapdos|0 fnt
|faint|p2a: Zapdos
|
|-weather|RainDance|[upkeep]
|upkeep
|
|t:|1641888740
|switch|p2a: Scizor|Scizor, M|71/100
|turn|58
|
|t:|1641888746
|switch|p1a: Landorus|Landorus-Therian, M|77/100
|-damage|p1a: Landorus|65/100|[from] Stealth Rock
|-ability|p1a: Landorus|Intimidate|boost
|-unboost|p2a: Scizor|atk|1
|move|p2a: Scizor|U-turn|p1a: Landorus
|-resisted|p1a: Landorus
|-crit|p1a: Landorus
|-damage|p1a: Landorus|39/100
|
|t:|1641888751
|switch|p2a: Shedinja|Shedinja|100/100|[from]move: U-turn
|
|-weather|RainDance|[upkeep]
|-heal|p1a: Landorus|45/100|[from] item: Leftovers
|upkeep
|turn|59
|
|t:|1641888761
|move|p1a: Landorus|Earthquake|p2a: Shedinja
|-immune|p2a: Shedinja|[from] ability: Wonder Guard
|move|p2a: Shedinja|Poltergeist|p1a: Landorus|[miss]
|-miss|p2a: Shedinja|p1a: Landorus
|
|-weather|RainDance|[upkeep]
|-heal|p1a: Landorus|51/100|[from] item: Leftovers
|upkeep
|turn|60
|
|t:|1641888769
|move|p1a: Landorus|U-turn|p2a: Shedinja
|-immune|p2a: Shedinja|[from] ability: Wonder Guard
|move|p2a: Shedinja|Poltergeist|p1a: Landorus|[miss]
|-miss|p2a: Shedinja|p1a: Landorus
|
|-weather|RainDance|[upkeep]
|-heal|p1a: Landorus|57/100|[from] item: Leftovers
|upkeep
|turn|61
|
|t:|1641888778
|move|p1a: Landorus|Defog|p2a: Shedinja
|-unboost|p2a: Shedinja|evasion|1
|-sideend|p2: Sanjogbiswas|Stealth Rock|[from] move: Defog|[of] p1a: Landorus
|-sideend|p1: kentuckyfriedmons|Stealth Rock|[from] move: Defog|[of] p1a: Landorus
|move|p2a: Shedinja|Poltergeist|p1a: Landorus|[miss]
|-miss|p2a: Shedinja|p1a: Landorus
|
|-weather|none
|-heal|p1a: Landorus|63/100|[from] item: Leftovers
|upkeep
|turn|62
|
|t:|1641888790
|move|p1a: Landorus|U-turn|p2a: Shedinja
|-immune|p2a: Shedinja|[from] ability: Wonder Guard
|move|p2a: Shedinja|Will-O-Wisp|p1a: Landorus
|-status|p1a: Landorus|brn
|
|-heal|p1a: Landorus|70/100 brn|[from] item: Leftovers
|-damage|p1a: Landorus|63/100 brn|[from] brn
|upkeep
|turn|63
|
|t:|1641888804
|switch|p1a: Slowking|Slowking-Galar, M|90/100
|move|p2a: Shedinja|Swords Dance|p2a: Shedinja
|-boost|p2a: Shedinja|atk|2
|
|upkeep
|turn|64
|
|t:|1641888811
|switch|p2a: Blissey|Blissey, F|29/100
|move|p1a: Slowking|Flamethrower|p2a: Blissey
|-damage|p2a: Blissey|18/100
|
|upkeep
|turn|65
|
|t:|1641888816
|move|p2a: Blissey|Soft-Boiled|p2a: Blissey
|-heal|p2a: Blissey|68/100
|move|p1a: Slowking|Sludge Bomb|p2a: Blissey
|-damage|p2a: Blissey|50/100
|
|upkeep
|turn|66
|
|t:|1641888820
|move|p2a: Blissey|Soft-Boiled|p2a: Blissey
|-heal|p2a: Blissey|99/100
|move|p1a: Slowking|Future Sight|p2a: Blissey
|-start|p1a: Slowking|move: Future Sight
|
|upkeep
|turn|67
|
|t:|1641888824
|move|p2a: Blissey|Stealth Rock|p1a: Slowking
|-sidestart|p1: kentuckyfriedmons|move: Stealth Rock
|move|p1a: Slowking|Sludge Bomb|p2a: Blissey
|-damage|p2a: Blissey|83/100
|
|upkeep
|turn|68
|
|t:|1641888831
|move|p2a: Blissey|Seismic Toss|p1a: Slowking
|-damage|p1a: Slowking|60/100
|move|p1a: Slowking|Flamethrower|p2a: Blissey
|-damage|p2a: Blissey|72/100
|
|-end|p2a: Blissey|move: Future Sight
|-damage|p2a: Blissey|48/100
|upkeep
|turn|69
|
|t:|1641888834
|move|p2a: Blissey|Soft-Boiled|p2a: Blissey
|-heal|p2a: Blissey|98/100
|move|p1a: Slowking|Sludge Bomb|p2a: Blissey
|-crit|p2a: Blissey
|-damage|p2a: Blissey|73/100
|
|upkeep
|turn|70
|
|t:|1641888840
|move|p2a: Blissey|Soft-Boiled|p2a: Blissey
|-heal|p2a: Blissey|100/100
|move|p1a: Slowking|Flamethrower|p2a: Blissey
|-damage|p2a: Blissey|88/100
|
|upkeep
|turn|71
|
|t:|1641888847
|move|p1a: Slowking|Sludge Bomb|p2a: Blissey
|-damage|p2a: Blissey|73/100
|move|p2a: Blissey|Teleport|p2a: Blissey
|
|t:|1641888861
|switch|p2a: Tornadus|Tornadus-Therian, M|100/100|[from]move: Teleport
|
|upkeep
|turn|72
|
|t:|1641888867
|switch|p2a: Blissey|Blissey, F|73/100
|move|p1a: Slowking|Future Sight|p2a: Blissey
|-start|p1a: Slowking|move: Future Sight
|
|upkeep
|turn|73
|
|t:|1641888873
|move|p2a: Blissey|Seismic Toss|p1a: Slowking
|-damage|p1a: Slowking|30/100
|move|p1a: Slowking|Sludge Bomb|p2a: Blissey
|-damage|p2a: Blissey|57/100
|
|upkeep
|turn|74
|
|t:|1641888879
|switch|p1a: Landorus|Landorus-Therian, M|63/100 brn
|-damage|p1a: Landorus|51/100 brn|[from] Stealth Rock
|-ability|p1a: Landorus|Intimidate|boost
|-unboost|p2a: Blissey|atk|1
|move|p2a: Blissey|Soft-Boiled|p2a: Blissey
|-heal|p2a: Blissey|100/100
|
|-end|p2a: Blissey|move: Future Sight
|-damage|p2a: Blissey|77/100
|-heal|p1a: Landorus|57/100 brn|[from] item: Leftovers
|-damage|p1a: Landorus|51/100 brn|[from] brn
|upkeep
|turn|75
|
|t:|1641888884
|switch|p2a: Shedinja|Shedinja|100/100
|move|p1a: Landorus|Defog|p2a: Shedinja
|-unboost|p2a: Shedinja|evasion|1
|-sideend|p1: kentuckyfriedmons|Stealth Rock|[from] move: Defog|[of] p1a: Landorus
|
|-heal|p1a: Landorus|57/100 brn|[from] item: Leftovers
|-damage|p1a: Landorus|51/100 brn|[from] brn
|upkeep
|turn|76
|
|t:|1641888893
|move|p1a: Landorus|Stealth Rock|p2a: Shedinja
|-sidestart|p2: Sanjogbiswas|move: Stealth Rock
|move|p2a: Shedinja|Poltergeist|p1a: Landorus
|-activate|p1a: Landorus|move: Poltergeist|Leftovers
|-damage|p1a: Landorus|0 fnt
|faint|p1a: Landorus
|
|upkeep
|
|t:|1641888905
|switch|p1a: Dragapult|Dragapult, M, shiny|88/100
|turn|77
|
|t:|1641888911
|move|p1a: Dragapult|Will-O-Wisp|p2a: Shedinja
|-status|p2a: Shedinja|brn
|move|p2a: Shedinja|Will-O-Wisp|p1a: Dragapult
|-status|p1a: Dragapult|brn
|
|-damage|p1a: Dragapult|82/100 brn|[from] brn
|-damage|p2a: Shedinja|0 fnt|[from] brn
|faint|p2a: Shedinja
|upkeep
|
|t:|1641888927
|switch|p2a: Tornadus|Tornadus-Therian, M|100/100
|turn|78
|
|t:|1641888930
|switch|p1a: Slowking|Slowking-Galar, M|63/100
|move|p2a: Tornadus|Nasty Plot|p2a: Tornadus
|-boost|p2a: Tornadus|spa|2
|
|upkeep
|turn|79
|
|t:|1641888934
|move|p2a: Tornadus|Nasty Plot|p2a: Tornadus
|-boost|p2a: Tornadus|spa|2
|move|p1a: Slowking|Ice Beam|p2a: Tornadus
|-supereffective|p2a: Tornadus
|-damage|p2a: Tornadus|33/100
|
|upkeep
|turn|80
|
|t:|1641888939
|switch|p1a: Dragapult|Dragapult, M, shiny|82/100 brn
|move|p2a: Tornadus|Hurricane|p1a: Dragapult
|-damage|p1a: Dragapult|0 fnt
|faint|p1a: Dragapult
|
|upkeep
|
|t:|1641888944
|switch|p1a: Slowking|Slowking-Galar, M|96/100
|turn|81
|
|t:|1641888946
|move|p2a: Tornadus|Hurricane|p1a: Slowking
|-damage|p1a: Slowking|29/100
|move|p1a: Slowking|Ice Beam|p2a: Tornadus
|-supereffective|p2a: Tornadus
|-crit|p2a: Tornadus
|-damage|p2a: Tornadus|0 fnt
|faint|p2a: Tornadus
|
|upkeep
|
|t:|1641888951
|switch|p2a: Blissey|Blissey, F|77/100
|turn|82
|
|t:|1641888954
|move|p2a: Blissey|Seismic Toss|p1a: Slowking
|-damage|p1a: Slowking|0 fnt
|faint|p1a: Slowking
|
|win|Sanjogbiswas
|raw|kentuckyfriedmons's rating: 1313 &rarr; <strong>1300</strong><br />(-13 for losing)
|raw|Sanjogbiswas's rating: 1441 &rarr; <strong>1454</strong><br />(+13 for winning)
|c|☆kentuckyfriedmons|gg
|c|☆Sanjogbiswas|Gg
|l|☆kentuckyfriedmons
