|j|☆blaze11571
|j|☆NOVAC YOCOVID
|t:|1641856497
|gametype|singles
|player|p1|blaze11571|volkner|1249
|player|p2|NOVAC YOCOVID|blaine|1303
|teamsize|p1|6
|teamsize|p2|6
|gen|8
|tier|[Gen 8] OU
|rated|
|rule|Sleep Clause Mod: Limit one foe put to sleep
|rule|Species Clause: Limit one of each Pokémon
|rule|OHKO Clause: OHKO moves are banned
|rule|Evasion Moves Clause: Evasion moves are banned
|rule|Endless Battle Clause: Forcing endless battles is banned
|rule|HP Percentage Mod: HP is shown in percentages
|rule|Dynamax Clause: You cannot dynamax
|clearpoke
|poke|p1|Ferrothorn, M|
|poke|p1|Pelipper, M|
|poke|p1|Swampert, M|
|poke|p1|Hydreigon, F|
|poke|p1|Celesteela|
|poke|p1|Salazzle, F|
|poke|p2|Ferrothorn, F|
|poke|p2|Zapdos-Galar|
|poke|p2|Tapu Lele|
|poke|p2|Dragapult, M|
|poke|p2|Tapu Fini|
|poke|p2|Landorus-Therian, M|
|teampreview
|
|t:|1641856510
|start
|switch|p1a: Ferrothorn|Ferrothorn, M|100/100
|switch|p2a: FEDERER|Tapu Lele|100/100
|-fieldstart|move: Psychic Terrain|[from] ability: Psychic Surge|[of] p2a: FEDERER
|turn|1
|
|t:|1641856523
|switch|p2a: CARREÑO|Ferrothorn, F|100/100
|move|p1a: Ferrothorn|Stealth Rock|p2a: CARREÑO
|-sidestart|p2: NOVAC YOCOVID|move: Stealth Rock
|
|upkeep
|turn|2
|
|t:|1641856531
|move|p2a: CARREÑO|Thunder Wave|p1a: Ferrothorn
|-status|p1a: Ferrothorn|par
|move|p1a: Ferrothorn|Knock Off|p2a: CARREÑO
|-damage|p2a: CARREÑO|84/100
|-damage|p1a: Ferrothorn|88/100 par|[from] ability: Iron Barbs|[of] p2a: CARREÑO
|-enditem|p2a: CARREÑO|Leftovers|[from] move: Knock Off|[of] p1a: Ferrothorn
|
|-heal|p1a: Ferrothorn|94/100 par|[from] item: Leftovers
|upkeep
|turn|3
|
|t:|1641856542
|switch|p1a: Salazzle|Salazzle, F, shiny|100/100
|move|p2a: CARREÑO|Stealth Rock|p1a: Salazzle
|-sidestart|p1: blaze11571|move: Stealth Rock
|
|upkeep
|turn|4
|
|t:|1641856553
|switch|p2a: ZVEREV|Dragapult, M|100/100
|-damage|p2a: ZVEREV|88/100|[from] Stealth Rock
|move|p1a: Salazzle|Toxic|p2a: ZVEREV
|-status|p2a: ZVEREV|tox
|
|-damage|p2a: ZVEREV|82/100 tox|[from] psn
|upkeep
|turn|5
|
|t:|1641856565
|move|p2a: ZVEREV|Shadow Ball|p1a: Salazzle
|-damage|p1a: Salazzle|21/100
|-unboost|p1a: Salazzle|spd|1
|move|p1a: Salazzle|Substitute|p1a: Salazzle
|-fail|p1a: Salazzle|move: Substitute|[weak]
|
|-heal|p1a: Salazzle|27/100|[from] item: Black Sludge
|-damage|p2a: ZVEREV|70/100 tox|[from] psn
|-fieldend|move: Psychic Terrain
|upkeep
|turn|6
|
|t:|1641856576
|switch|p1a: Pelipper|Pelipper, M|100/100
|-damage|p1a: Pelipper|75/100|[from] Stealth Rock
|-weather|RainDance|[from] ability: Drizzle|[of] p1a: Pelipper
|move|p2a: ZVEREV|Shadow Ball|p1a: Pelipper
|-damage|p1a: Pelipper|14/100
|
|-weather|RainDance|[upkeep]
|-damage|p2a: ZVEREV|52/100 tox|[from] psn
|upkeep
|turn|7
|
|t:|1641856589
|move|p2a: ZVEREV|Shadow Ball|p1a: Pelipper
|-damage|p1a: Pelipper|0 fnt
|faint|p1a: Pelipper
|
|-weather|RainDance|[upkeep]
|-damage|p2a: ZVEREV|28/100 tox|[from] psn
|upkeep
|
|t:|1641856596
|switch|p1a: Hydreigon|Hydreigon, F|100/100
|-damage|p1a: Hydreigon|88/100|[from] Stealth Rock
|turn|8
|
|t:|1641856603
|switch|p2a: ANDY MURRAY|Tapu Fini|100/100
|-damage|p2a: ANDY MURRAY|88/100|[from] Stealth Rock
|-fieldstart|move: Misty Terrain|[from] ability: Misty Surge|[of] p2a: ANDY MURRAY
|move|p1a: Hydreigon|Dark Pulse|p2a: ANDY MURRAY
|-resisted|p2a: ANDY MURRAY
|-damage|p2a: ANDY MURRAY|71/100
|
|-weather|RainDance|[upkeep]
|-heal|p2a: ANDY MURRAY|77/100|[from] item: Leftovers
|upkeep
|turn|9
|
|t:|1641856618
|switch|p1a: Celesteela|Celesteela, shiny|100/100
|-damage|p1a: Celesteela|88/100|[from] Stealth Rock
|switch|p2a: DJOKOVIC|Zapdos-Galar|100/100
|-damage|p2a: DJOKOVIC|88/100|[from] Stealth Rock
|
|-weather|RainDance|[upkeep]
|-heal|p1a: Celesteela|94/100|[from] item: Leftovers
|upkeep
|turn|10
|
|t:|1641856630
|move|p2a: DJOKOVIC|Close Combat|p1a: Celesteela
|-damage|p1a: Celesteela|24/100
|-unboost|p2a: DJOKOVIC|def|1
|-unboost|p2a: DJOKOVIC|spd|1
|move|p1a: Celesteela|Leech Seed|p2a: DJOKOVIC
|-start|p2a: DJOKOVIC|move: Leech Seed
|
|-weather|RainDance|[upkeep]
|-heal|p1a: Celesteela|30/100|[from] item: Leftovers
|-damage|p2a: DJOKOVIC|76/100|[from] Leech Seed|[of] p1a: Celesteela
|-heal|p1a: Celesteela|41/100|[silent]
|upkeep
|turn|11
|
|t:|1641856639
|move|p1a: Celesteela|Protect|p1a: Celesteela
|-singleturn|p1a: Celesteela|Protect
|move|p2a: DJOKOVIC|Close Combat|p1a: Celesteela
|-activate|p1a: Celesteela|move: Protect
|
|-weather|RainDance|[upkeep]
|-heal|p1a: Celesteela|47/100|[from] item: Leftovers
|-damage|p2a: DJOKOVIC|63/100|[from] Leech Seed|[of] p1a: Celesteela
|-heal|p1a: Celesteela|58/100|[silent]
|upkeep
|turn|12
|
|t:|1641856657
|switch|p1a: Ferrothorn|Ferrothorn, M|94/100 par
|-damage|p1a: Ferrothorn|88/100 par|[from] Stealth Rock
|move|p2a: DJOKOVIC|Close Combat|p1a: Ferrothorn
|-supereffective|p1a: Ferrothorn
|-damage|p1a: Ferrothorn|0 fnt
|-unboost|p2a: DJOKOVIC|def|1
|-unboost|p2a: DJOKOVIC|spd|1
|-damage|p2a: DJOKOVIC|51/100|[from] ability: Iron Barbs|[of] p1a: Ferrothorn
|faint|p1a: Ferrothorn
|
|-weather|RainDance|[upkeep]
|-fieldend|Misty Terrain
|upkeep
|
|t:|1641856669
|switch|p1a: Hydreigon|Hydreigon, F|88/100
|-damage|p1a: Hydreigon|76/100|[from] Stealth Rock
|turn|13
|
|t:|1641856681
|switch|p2a: ANDY MURRAY|Tapu Fini|77/100
|-damage|p2a: ANDY MURRAY|65/100|[from] Stealth Rock
|-fieldstart|move: Misty Terrain|[from] ability: Misty Surge|[of] p2a: ANDY MURRAY
|move|p1a: Hydreigon|Dark Pulse|p2a: ANDY MURRAY
|-resisted|p2a: ANDY MURRAY
|-damage|p2a: ANDY MURRAY|47/100
|
|-weather|none
|-heal|p2a: ANDY MURRAY|53/100|[from] item: Leftovers
|upkeep
|turn|14
|
|t:|1641856705
|move|p1a: Hydreigon|Dark Pulse|p2a: ANDY MURRAY
|-resisted|p2a: ANDY MURRAY
|-damage|p2a: ANDY MURRAY|37/100
|cant|p2a: ANDY MURRAY|flinch
|
|-heal|p2a: ANDY MURRAY|43/100|[from] item: Leftovers
|upkeep
|turn|15
|
|t:|1641856711
|move|p1a: Hydreigon|Dark Pulse|p2a: ANDY MURRAY
|-resisted|p2a: ANDY MURRAY
|-damage|p2a: ANDY MURRAY|25/100
|cant|p2a: ANDY MURRAY|flinch
|
|-heal|p2a: ANDY MURRAY|31/100|[from] item: Leftovers
|upkeep
|turn|16
|
|t:|1641856718
|move|p1a: Hydreigon|Dark Pulse|p2a: ANDY MURRAY
|-resisted|p2a: ANDY MURRAY
|-damage|p2a: ANDY MURRAY|13/100
|move|p2a: ANDY MURRAY|Moonblast|p1a: Hydreigon
|-supereffective|p1a: Hydreigon
|-damage|p1a: Hydreigon|0 fnt
|faint|p1a: Hydreigon
|
|-heal|p2a: ANDY MURRAY|19/100|[from] item: Leftovers
|upkeep
|
|t:|1641856726
|switch|p1a: Swampert|Swampert, M|100/100
|-damage|p1a: Swampert|94/100|[from] Stealth Rock
|turn|17
|
|t:|1641856731
|move|p1a: Swampert|Waterfall|p2a: ANDY MURRAY
|-resisted|p2a: ANDY MURRAY
|-damage|p2a: ANDY MURRAY|6/100
|cant|p2a: ANDY MURRAY|flinch
|
|-heal|p2a: ANDY MURRAY|13/100|[from] item: Leftovers
|-fieldend|Misty Terrain
|upkeep
|turn|18
|
|t:|1641856740
|move|p1a: Swampert|Earthquake|p2a: ANDY MURRAY
|-damage|p2a: ANDY MURRAY|0 fnt
|faint|p2a: ANDY MURRAY
|
|upkeep
|
|t:|1641856755
|switch|p2a: DJOKOVIC|Zapdos-Galar|51/100
|-damage|p2a: DJOKOVIC|38/100|[from] Stealth Rock
|turn|19
|
|t:|1641856760
|move|p2a: DJOKOVIC|Close Combat|p1a: Swampert
|-damage|p1a: Swampert|1/100
|-unboost|p2a: DJOKOVIC|def|1
|-unboost|p2a: DJOKOVIC|spd|1
|-enditem|p1a: Swampert|Aguav Berry|[eat]
|-heal|p1a: Swampert|34/100|[from] item: Aguav Berry
|move|p1a: Swampert|Waterfall|p2a: DJOKOVIC
|-damage|p2a: DJOKOVIC|0 fnt
|faint|p2a: DJOKOVIC
|
|upkeep
|c|☆blaze11571|wow
|
|t:|1641856773
|switch|p2a: RAFA NADAL|Landorus-Therian, M|100/100
|-damage|p2a: RAFA NADAL|88/100|[from] Stealth Rock
|-ability|p2a: RAFA NADAL|Intimidate|boost
|-unboost|p1a: Swampert|atk|1
|turn|20
|
|t:|1641856780
|move|p2a: RAFA NADAL|Earthquake|p1a: Swampert
|-damage|p1a: Swampert|0 fnt
|faint|p1a: Swampert
|
|-heal|p2a: RAFA NADAL|94/100|[from] item: Leftovers
|upkeep
|
|t:|1641856785
|switch|p1a: Celesteela|Celesteela, shiny|58/100
|-damage|p1a: Celesteela|46/100|[from] Stealth Rock
|turn|21
|
|t:|1641856800
|switch|p2a: CARREÑO|Ferrothorn, F|84/100
|-damage|p2a: CARREÑO|78/100|[from] Stealth Rock
|move|p1a: Celesteela|Leech Seed|p2a: CARREÑO
|-immune|p2a: CARREÑO
|
|-heal|p1a: Celesteela|52/100|[from] item: Leftovers
|upkeep
|turn|22
|
|t:|1641856811
|move|p1a: Celesteela|Flamethrower|p2a: CARREÑO
|-supereffective|p2a: CARREÑO
|-damage|p2a: CARREÑO|27/100
|-status|p2a: CARREÑO|brn
|move|p2a: CARREÑO|Thunder Wave|p1a: Celesteela
|-status|p1a: Celesteela|par
|
|-heal|p1a: Celesteela|58/100 par|[from] item: Leftovers
|-damage|p2a: CARREÑO|21/100 brn|[from] brn
|upkeep
|turn|23
|
|t:|1641856821
|move|p1a: Celesteela|Flamethrower|p2a: CARREÑO
|-supereffective|p2a: CARREÑO
|-damage|p2a: CARREÑO|0 fnt
|faint|p2a: CARREÑO
|-ability|p1a: Celesteela|Beast Boost|boost
|-boost|p1a: Celesteela|spd|1
|
|-heal|p1a: Celesteela|64/100 par|[from] item: Leftovers
|upkeep
|
|t:|1641856826
|switch|p2a: RAFA NADAL|Landorus-Therian, M|94/100
|-damage|p2a: RAFA NADAL|82/100|[from] Stealth Rock
|-ability|p2a: RAFA NADAL|Intimidate|boost
|-unboost|p1a: Celesteela|atk|1
|turn|24
|
|t:|1641856832
|move|p2a: RAFA NADAL|Substitute|p2a: RAFA NADAL
|-start|p2a: RAFA NADAL|Substitute
|-damage|p2a: RAFA NADAL|57/100
|move|p1a: Celesteela|Leech Seed||[still]
|-fail|p1a: Celesteela
|
|-heal|p2a: RAFA NADAL|63/100|[from] item: Leftovers
|-heal|p1a: Celesteela|70/100 par|[from] item: Leftovers
|upkeep
|turn|25
|
|t:|1641856841
|move|p2a: RAFA NADAL|Swords Dance|p2a: RAFA NADAL
|-boost|p2a: RAFA NADAL|atk|2
|move|p1a: Celesteela|Heavy Slam|p2a: RAFA NADAL
|-end|p2a: RAFA NADAL|Substitute
|
|-heal|p2a: RAFA NADAL|69/100|[from] item: Leftovers
|-heal|p1a: Celesteela|76/100 par|[from] item: Leftovers
|upkeep
|turn|26
|
|t:|1641856850
|move|p2a: RAFA NADAL|Stone Edge|p1a: Celesteela|[miss]
|-miss|p2a: RAFA NADAL|p1a: Celesteela
|cant|p1a: Celesteela|par
|
|-heal|p2a: RAFA NADAL|75/100|[from] item: Leftovers
|-heal|p1a: Celesteela|83/100 par|[from] item: Leftovers
|upkeep
|turn|27
|
|t:|1641856859
|move|p2a: RAFA NADAL|Swords Dance|p2a: RAFA NADAL
|-boost|p2a: RAFA NADAL|atk|2
|move|p1a: Celesteela|Leech Seed|p2a: RAFA NADAL
|-start|p2a: RAFA NADAL|move: Leech Seed
|
|-heal|p2a: RAFA NADAL|81/100|[from] item: Leftovers
|-heal|p1a: Celesteela|89/100 par|[from] item: Leftovers
|-damage|p2a: RAFA NADAL|69/100|[from] Leech Seed|[of] p1a: Celesteela
|-heal|p1a: Celesteela|99/100 par|[silent]
|upkeep
|turn|28
|
|t:|1641856868
|move|p1a: Celesteela|Protect|p1a: Celesteela
|-singleturn|p1a: Celesteela|Protect
|move|p2a: RAFA NADAL|Stone Edge|p1a: Celesteela
|-activate|p1a: Celesteela|move: Protect
|
|-heal|p2a: RAFA NADAL|75/100|[from] item: Leftovers
|-heal|p1a: Celesteela|100/100 par|[from] item: Leftovers
|-damage|p2a: RAFA NADAL|62/100|[from] Leech Seed|[of] p1a: Celesteela
|upkeep
|turn|29
|
|t:|1641856877
|move|p2a: RAFA NADAL|Stone Edge|p1a: Celesteela|[miss]
|-miss|p2a: RAFA NADAL|p1a: Celesteela
|move|p1a: Celesteela|Heavy Slam|p2a: RAFA NADAL
|-damage|p2a: RAFA NADAL|32/100
|
|-heal|p2a: RAFA NADAL|38/100|[from] item: Leftovers
|-damage|p2a: RAFA NADAL|25/100|[from] Leech Seed|[of] p1a: Celesteela
|upkeep
|turn|30
|
|t:|1641856885
|move|p1a: Celesteela|Protect|p1a: Celesteela
|-singleturn|p1a: Celesteela|Protect
|move|p2a: RAFA NADAL|Stone Edge|p1a: Celesteela
|-activate|p1a: Celesteela|move: Protect
|
|-heal|p2a: RAFA NADAL|31/100|[from] item: Leftovers
|-damage|p2a: RAFA NADAL|19/100|[from] Leech Seed|[of] p1a: Celesteela
|upkeep
|turn|31
|
|t:|1641856892
|move|p2a: RAFA NADAL|Stone Edge|p1a: Celesteela
|-damage|p1a: Celesteela|16/100 par
|move|p1a: Celesteela|Heavy Slam|p2a: RAFA NADAL
|-damage|p2a: RAFA NADAL|0 fnt
|faint|p2a: RAFA NADAL
|-ability|p1a: Celesteela|Beast Boost|boost
|-boost|p1a: Celesteela|spd|1
|
|-heal|p1a: Celesteela|22/100 par|[from] item: Leftovers
|upkeep
|
|t:|1641856904
|switch|p2a: ZVEREV|Dragapult, M|28/100 tox
|-damage|p2a: ZVEREV|16/100 tox|[from] Stealth Rock
|turn|32
|
|t:|1641856908
|move|p1a: Celesteela|Protect|p1a: Celesteela
|-singleturn|p1a: Celesteela|Protect
|move|p2a: ZVEREV|Thunderbolt|p1a: Celesteela
|-activate|p1a: Celesteela|move: Protect
|
|-heal|p1a: Celesteela|29/100 par|[from] item: Leftovers
|-damage|p2a: ZVEREV|10/100 tox|[from] psn
|upkeep
|turn|33
|
|t:|1641856917
|move|p2a: ZVEREV|Thunderbolt|p1a: Celesteela
|-supereffective|p1a: Celesteela
|-damage|p1a: Celesteela|0 fnt
|faint|p1a: Celesteela
|
|-damage|p2a: ZVEREV|0 fnt|[from] psn
|faint|p2a: ZVEREV
|upkeep
|
|t:|1641856924
|switch|p2a: FEDERER|Tapu Lele|100/100
|switch|p1a: Salazzle|Salazzle, F, shiny|27/100
|-damage|p1a: Salazzle|2/100|[from] Stealth Rock
|-damage|p2a: FEDERER|88/100|[from] Stealth Rock
|-fieldstart|move: Psychic Terrain|[from] ability: Psychic Surge|[of] p2a: FEDERER
|turn|34
|c|☆NOVAC YOCOVID|im assault ves
|c|☆NOVAC YOCOVID|gg
|
|t:|1641856937
|move|p1a: Salazzle|Sludge Bomb|p2a: FEDERER
|-supereffective|p2a: FEDERER
|-damage|p2a: FEDERER|47/100
|move|p2a: FEDERER|Psyshock|p1a: Salazzle
|-supereffective|p1a: Salazzle
|-damage|p1a: Salazzle|0 fnt
|faint|p1a: Salazzle
|
|win|NOVAC YOCOVID
|raw|blaze11571's rating: 1249 &rarr; <strong>1228</strong><br />(-21 for losing)
|raw|NOVAC YOCOVID's rating: 1303 &rarr; <strong>1320</strong><br />(+17 for winning)
|c|☆blaze11571|gg
||Ladder isn't responding, score probably updated but might not have (Request timeout).
