|j|☆bobeetsoep
|j|☆hchw90
|t:|1641821088
|gametype|singles
|player|p1|bobeetsoep|1|1351
|player|p2|hchw90|102|1347
|teamsize|p1|6
|teamsize|p2|6
|gen|8
|tier|[Gen 8] OU
|rated|
|rule|Sleep Clause Mod: Limit one foe put to sleep
|rule|Species Clause: Limit one of each Pokémon
|rule|OHKO Clause: OHKO moves are banned
|rule|Evasion Moves Clause: Evasion moves are banned
|rule|Endless Battle Clause: Forcing endless battles is banned
|rule|HP Percentage Mod: HP is shown in percentages
|rule|Dynamax Clause: You cannot dynamax
|clearpoke
|poke|p1|Umbreon, F|
|poke|p1|Magnezone|
|poke|p1|Dragonite, F|
|poke|p1|Ferrothorn, M|
|poke|p1|Tapu Lele|
|poke|p1|Dragapult, M|
|poke|p2|Chansey, F|
|poke|p2|Heatran, M|
|poke|p2|Rotom-Wash|
|poke|p2|Obstagoon, F|
|poke|p2|Zapdos|
|poke|p2|Landorus-Therian, M|
|teampreview
|inactive|Battle timer is ON: inactive players will automatically lose when time's up. (requested by hchw90)
|
|t:|1641821132
|start
|switch|p1a: Tapu Lele|Tapu Lele|100/100
|switch|p2a: Rotom|Rotom-Wash|100/100
|-fieldstart|move: Psychic Terrain|[from] ability: Psychic Surge|[of] p1a: Tapu Lele
|turn|1
|
|t:|1641821143
|move|p2a: Rotom|Volt Switch|p1a: Tapu Lele
|-damage|p1a: Tapu Lele|64/100
|
|t:|1641821146
|switch|p2a: Chansey|Chansey, F|100/100|[from]move: Volt Switch
|move|p1a: Tapu Lele|Moonblast|p2a: Chansey
|-damage|p2a: Chansey|77/100
|
|upkeep
|turn|2
|
|t:|1641821156
|switch|p1a: Magnezone|Magnezone|100/100
|move|p2a: Chansey|Thunder Wave|p1a: Magnezone
|-immune|p1a: Magnezone
|
|upkeep
|turn|3
|
|t:|1641821163
|move|p1a: Magnezone|Iron Defense|p1a: Magnezone
|-boost|p1a: Magnezone|def|2
|move|p2a: Chansey|Seismic Toss|p1a: Magnezone
|-damage|p1a: Magnezone|71/100
|
|-heal|p1a: Magnezone|77/100|[from] item: Leftovers
|upkeep
|turn|4
|
|t:|1641821169
|switch|p2a: Rotom|Rotom-Wash|100/100
|move|p1a: Magnezone|Body Press|p2a: Rotom
|-damage|p2a: Rotom|37/100
|
|-heal|p1a: Magnezone|84/100|[from] item: Leftovers
|upkeep
|turn|5
|
|t:|1641821175
|move|p2a: Rotom|Volt Switch|p1a: Magnezone
|-resisted|p1a: Magnezone
|-damage|p1a: Magnezone|67/100
|
|t:|1641821177
|switch|p2a: Landorus|Landorus-Therian, M|100/100|[from]move: Volt Switch
|-ability|p2a: Landorus|Intimidate|boost
|-unboost|p1a: Magnezone|atk|1
|move|p1a: Magnezone|Body Press|p2a: Landorus
|-resisted|p2a: Landorus
|-crit|p2a: Landorus
|-damage|p2a: Landorus|77/100
|-damage|p1a: Magnezone|50/100|[from] item: Rocky Helmet|[of] p2a: Landorus
|
|-heal|p1a: Magnezone|56/100|[from] item: Leftovers
|-fieldend|move: Psychic Terrain
|upkeep
|turn|6
|
|t:|1641821187
|switch|p1a: Ferrothorn|Ferrothorn, M|100/100
|move|p2a: Landorus|Knock Off|p1a: Ferrothorn
|-damage|p1a: Ferrothorn|78/100
|-damage|p2a: Landorus|65/100|[from] ability: Iron Barbs|[of] p1a: Ferrothorn
|-enditem|p1a: Ferrothorn|Leftovers|[from] move: Knock Off|[of] p2a: Landorus
|
|upkeep
|turn|7
|
|t:|1641821193
|move|p2a: Landorus|Stealth Rock|p1a: Ferrothorn
|-sidestart|p1: bobeetsoep|move: Stealth Rock
|move|p1a: Ferrothorn|Leech Seed|p2a: Landorus
|-start|p2a: Landorus|move: Leech Seed
|
|-damage|p2a: Landorus|53/100|[from] Leech Seed|[of] p1a: Ferrothorn
|-heal|p1a: Ferrothorn|91/100|[silent]
|upkeep
|turn|8
|
|t:|1641821197
|move|p2a: Landorus|U-turn|p1a: Ferrothorn
|-damage|p1a: Ferrothorn|77/100
|-damage|p2a: Landorus|41/100|[from] ability: Iron Barbs|[of] p1a: Ferrothorn
|
|t:|1641821202
|switch|p2a: Heatran|Heatran, M|100/100|[from]move: U-turn
|-item|p2a: Heatran|Air Balloon
|move|p1a: Ferrothorn|Iron Defense|p1a: Ferrothorn
|-boost|p1a: Ferrothorn|def|2
|
|upkeep
|turn|9
|
|t:|1641821209
|switch|p1a: Dragonite|Dragonite, F|100/100
|move|p2a: Heatran|Lava Plume|p1a: Dragonite
|-resisted|p1a: Dragonite
|-damage|p1a: Dragonite|92/100
|-status|p1a: Dragonite|brn
|
|-damage|p1a: Dragonite|86/100 brn|[from] brn
|upkeep
|turn|10
|
|t:|1641821229
|switch|p2a: Rotom|Rotom-Wash|37/100
|move|p1a: Dragonite|Defog|p2a: Rotom
|-unboost|p2a: Rotom|evasion|1
|-sideend|p1: bobeetsoep|Stealth Rock|[from] move: Defog|[of] p1a: Dragonite
|
|-damage|p1a: Dragonite|80/100 brn|[from] brn
|upkeep
|turn|11
|
|t:|1641821239
|move|p2a: Rotom|Trick|p1a: Dragonite
|-activate|p2a: Rotom|move: Trick|[of] p1a: Dragonite
|-item|p1a: Dragonite|Choice Scarf|[from] move: Trick
|-item|p2a: Rotom|Heavy-Duty Boots|[from] move: Trick
|move|p1a: Dragonite|Toxic|p2a: Rotom
|-status|p2a: Rotom|tox
|
|-damage|p2a: Rotom|31/100 tox|[from] psn
|-damage|p1a: Dragonite|74/100 brn|[from] brn
|upkeep
|turn|12
|
|t:|1641821246
|switch|p1a: Tapu Lele|Tapu Lele|64/100
|-fieldstart|move: Psychic Terrain|[from] ability: Psychic Surge|[of] p1a: Tapu Lele
|move|p2a: Rotom|Volt Switch|p1a: Tapu Lele
|-damage|p1a: Tapu Lele|31/100
|
|t:|1641821255
|switch|p2a: Chansey|Chansey, F|77/100|[from]move: Volt Switch
|
|upkeep
|turn|13
|
|t:|1641821259
|move|p1a: Tapu Lele|Psyshock|p2a: Chansey
|-crit|p2a: Chansey
|-damage|p2a: Chansey|0 fnt
|faint|p2a: Chansey
|
|upkeep
|
|t:|1641821271
|switch|p2a: Zapdos|Zapdos|100/100
|-ability|p2a: Zapdos|Pressure
|turn|14
|
|t:|1641821276
|switch|p1a: Dragonite|Dragonite, F|74/100 brn
|move|p2a: Zapdos|Thunderbolt|p1a: Dragonite
|-damage|p1a: Dragonite|33/100 brn
|
|-damage|p1a: Dragonite|26/100 brn|[from] brn
|upkeep
|turn|15
|
|t:|1641821284
|move|p2a: Zapdos|Thunderbolt|p1a: Dragonite
|-damage|p1a: Dragonite|0 fnt
|faint|p1a: Dragonite
|
|upkeep
|
|t:|1641821294
|switch|p1a: Dragapult|Dragapult, M|100/100
|turn|16
|
|t:|1641821303
|move|p1a: Dragapult|Draco Meteor|p2a: Zapdos
|-damage|p2a: Zapdos|9/100
|-unboost|p1a: Dragapult|spa|2
|move|p2a: Zapdos|Toxic|p1a: Dragapult
|-status|p1a: Dragapult|tox
|
|-heal|p2a: Zapdos|15/100|[from] item: Leftovers
|-damage|p1a: Dragapult|94/100 tox|[from] psn
|-fieldend|move: Psychic Terrain
|upkeep
|turn|17
|
|t:|1641821311
|switch|p2a: Heatran|Heatran, M|100/100
|-item|p2a: Heatran|Air Balloon
|move|p1a: Dragapult|Draco Meteor|p2a: Heatran
|-resisted|p2a: Heatran
|-damage|p2a: Heatran|89/100
|-unboost|p1a: Dragapult|spa|2
|-enditem|p2a: Heatran|Air Balloon
|
|-damage|p1a: Dragapult|82/100 tox|[from] psn
|upkeep
|turn|18
|
|t:|1641821322
|switch|p1a: Umbreon|Umbreon, F|100/100
|move|p2a: Heatran|Stealth Rock|p1a: Umbreon
|-sidestart|p1: bobeetsoep|move: Stealth Rock
|
|upkeep
|turn|19
|
|t:|1641821331
|move|p2a: Heatran|Lava Plume|p1a: Umbreon
|-damage|p1a: Umbreon|81/100
|move|p1a: Umbreon|Wish|p1a: Umbreon
|
|-heal|p1a: Umbreon|88/100|[from] item: Leftovers
|upkeep
|turn|20
|
|t:|1641821345
|switch|p1a: Dragapult|Dragapult, M|82/100 tox
|-damage|p1a: Dragapult|70/100 tox|[from] Stealth Rock
|move|p2a: Heatran|Lava Plume|p1a: Dragapult
|-resisted|p1a: Dragapult
|-damage|p1a: Dragapult|47/100 tox
|
|-heal|p1a: Dragapult|100/100 tox|[from] move: Wish|[wisher] Umbreon
|-damage|p1a: Dragapult|94/100 tox|[from] psn
|upkeep
|turn|21
|
|t:|1641821352
|move|p1a: Dragapult|Shadow Ball|p2a: Heatran
|-damage|p2a: Heatran|58/100
|move|p2a: Heatran|Earth Power|p1a: Dragapult
|-damage|p1a: Dragapult|60/100 tox
|
|-damage|p1a: Dragapult|48/100 tox|[from] psn
|upkeep
|turn|22
|
|t:|1641821360
|switch|p1a: Umbreon|Umbreon, F|88/100
|-damage|p1a: Umbreon|75/100|[from] Stealth Rock
|switch|p2a: Obstagoon|Obstagoon, F|100/100
|
|-heal|p1a: Umbreon|81/100|[from] item: Leftovers
|-status|p2a: Obstagoon|brn|[from] item: Flame Orb
|upkeep
|turn|23
|
|t:|1641821369
|switch|p1a: Ferrothorn|Ferrothorn, M|77/100
|-damage|p1a: Ferrothorn|71/100|[from] Stealth Rock
|move|p2a: Obstagoon|Knock Off|p1a: Ferrothorn
|-damage|p1a: Ferrothorn|38/100
|-damage|p2a: Obstagoon|88/100 brn|[from] ability: Iron Barbs|[of] p1a: Ferrothorn
|
|-damage|p2a: Obstagoon|82/100 brn|[from] brn
|upkeep
|turn|24
|
|t:|1641821379
|move|p2a: Obstagoon|Close Combat|p1a: Ferrothorn
|-supereffective|p1a: Ferrothorn
|-damage|p1a: Ferrothorn|0 fnt
|-unboost|p2a: Obstagoon|def|1
|-unboost|p2a: Obstagoon|spd|1
|-damage|p2a: Obstagoon|70/100 brn|[from] ability: Iron Barbs|[of] p1a: Ferrothorn
|faint|p1a: Ferrothorn
|
|-damage|p2a: Obstagoon|64/100 brn|[from] brn
|upkeep
|
|t:|1641821390
|switch|p1a: Tapu Lele|Tapu Lele|31/100
|-damage|p1a: Tapu Lele|18/100|[from] Stealth Rock
|-fieldstart|move: Psychic Terrain|[from] ability: Psychic Surge|[of] p1a: Tapu Lele
|turn|25
|
|t:|1641821403
|switch|p2a: Heatran|Heatran, M|58/100
|move|p1a: Tapu Lele|Moonblast|p2a: Heatran
|-resisted|p2a: Heatran
|-damage|p2a: Heatran|47/100
|
|upkeep
|turn|26
|
|t:|1641821407
|move|p1a: Tapu Lele|Moonblast|p2a: Heatran
|-resisted|p2a: Heatran
|-damage|p2a: Heatran|35/100
|move|p2a: Heatran|Lava Plume|p1a: Tapu Lele
|-damage|p1a: Tapu Lele|0 fnt
|faint|p1a: Tapu Lele
|
|upkeep
|
|t:|1641821412
|switch|p1a: Magnezone|Magnezone|56/100
|-damage|p1a: Magnezone|50/100|[from] Stealth Rock
|turn|27
|
|t:|1641821419
|move|p2a: Heatran|Earth Power|p1a: Magnezone
|-supereffective|p1a: Magnezone
|-damage|p1a: Magnezone|0 fnt
|faint|p1a: Magnezone
|
|upkeep
|-message|bobeetsoep forfeited.
|
|win|hchw90
|raw|bobeetsoep's rating: 1351 &rarr; <strong>1331</strong><br />(-20 for losing)
|raw|hchw90's rating: 1347 &rarr; <strong>1367</strong><br />(+20 for winning)
|l|☆bobeetsoep
