|j|☆OdinGX
|j|☆Greenday_97
|t:|1641875403
|gametype|singles
|player|p1|OdinGX|1|1079
|player|p2|Greenday_97|pokemonbreederf-gen4|1104
|teamsize|p1|6
|teamsize|p2|6
|gen|8
|tier|[Gen 8] OU
|rated|
|rule|Sleep Clause Mod: Limit one foe put to sleep
|rule|Species Clause: Limit one of each Pokémon
|rule|OHKO Clause: OHKO moves are banned
|rule|Evasion Moves Clause: Evasion moves are banned
|rule|Endless Battle Clause: Forcing endless battles is banned
|rule|HP Percentage Mod: HP is shown in percentages
|rule|Dynamax Clause: You cannot dynamax
|clearpoke
|poke|p1|Dragapult, M|
|poke|p1|Duraludon, F|
|poke|p1|Dragonite, F|
|poke|p1|Dragalge, F|
|poke|p1|Hydreigon, F|
|poke|p1|Latios, M|
|poke|p2|Silvally-*|
|poke|p2|Zapdos-Galar|
|poke|p2|Dragapult, M|
|poke|p2|Rillaboom, M|
|poke|p2|Copperajah, F|
|poke|p2|Aromatisse, F|
|teampreview
|inactive|Battle timer is ON: inactive players will automatically lose when time's up. (requested by Greenday_97)
|j| Adnantrey
|
|t:|1641875410
|start
|switch|p1a: Dragalge|Dragalge, F|100/100
|switch|p2a: Speedy|Dragapult, M|100/100
|turn|1
|
|t:|1641875418
|move|p2a: Speedy|U-turn|p1a: Dragalge
|-resisted|p1a: Dragalge
|-damage|p1a: Dragalge|89/100
|-damage|p2a: Speedy|91/100|[from] item: Life Orb
|
|t:|1641875422
|switch|p2a: Metal-Trunk|Copperajah, F|100/100|[from]move: U-turn
|move|p1a: Dragalge|Flip Turn|p2a: Metal-Trunk
|-damage|p2a: Metal-Trunk|90/100
|
|t:|1641875431
|switch|p1a: Hydreigon|Hydreigon, F|100/100|[from]move: Flip Turn
|
|upkeep
|turn|2
|
|t:|1641875437
|switch|p2a: Lavender|Aromatisse, F, shiny|100/100
|move|p1a: Hydreigon|Flamethrower|p2a: Lavender
|-damage|p2a: Lavender|73/100
|
|-heal|p2a: Lavender|79/100|[from] item: Leftovers
|upkeep
|turn|3
|
|t:|1641875445
|switch|p1a: Dragalge|Dragalge, F|89/100
|move|p2a: Lavender|Wish|p2a: Lavender
|
|-heal|p1a: Dragalge|95/100|[from] item: Black Sludge
|-heal|p2a: Lavender|85/100|[from] item: Leftovers
|upkeep
|turn|4
|
|t:|1641875469
|move|p1a: Dragalge|Scald|p2a: Lavender
|-damage|p2a: Lavender|69/100
|move|p2a: Lavender|Trick Room|p2a: Lavender
|-fieldstart|move: Trick Room|[of] p2a: Lavender
|
|-heal|p2a: Lavender|100/100|[from] move: Wish|[wisher] Lavender
|-heal|p1a: Dragalge|100/100|[from] item: Black Sludge
|upkeep
|turn|5
|
|t:|1641875487
|move|p2a: Lavender|Wish|p2a: Lavender
|move|p1a: Dragalge|Sludge Wave|p2a: Lavender
|-supereffective|p2a: Lavender
|-damage|p2a: Lavender|36/100
|
|-heal|p2a: Lavender|43/100|[from] item: Leftovers
|upkeep
|turn|6
|
|t:|1641875495
|switch|p2a: Metal-Trunk|Copperajah, F|90/100
|move|p1a: Dragalge|Toxic|p2a: Metal-Trunk
|-immune|p2a: Metal-Trunk
|
|-heal|p2a: Metal-Trunk|100/100|[from] move: Wish|[wisher] Lavender
|upkeep
|turn|7
|
|t:|1641875510
|switch|p1a: Duraludon|Duraludon, F|100/100
|move|p2a: Metal-Trunk|Play Rough|p1a: Duraludon
|-damage|p1a: Duraludon|55/100
|
|-heal|p1a: Duraludon|61/100|[from] item: Leftovers
|upkeep
|turn|8
|
|t:|1641875525
|move|p2a: Metal-Trunk|Play Rough|p1a: Duraludon
|-crit|p1a: Duraludon
|-damage|p1a: Duraludon|0 fnt
|faint|p1a: Duraludon
|
|-fieldend|move: Trick Room
|upkeep
|
|t:|1641875537
|switch|p1a: Dragonite|Dragonite, F|100/100
|turn|9
|
|t:|1641875547
|switch|p2a: Lavender|Aromatisse, F, shiny|43/100
|move|p1a: Dragonite|Dragon Dance|p1a: Dragonite
|-boost|p1a: Dragonite|atk|1
|-boost|p1a: Dragonite|spe|1
|
|-heal|p2a: Lavender|49/100|[from] item: Leftovers
|upkeep
|turn|10
|
|t:|1641875558
|move|p1a: Dragonite|Earthquake|p2a: Lavender
|-crit|p2a: Lavender
|-damage|p2a: Lavender|0 fnt
|faint|p2a: Lavender
|
|upkeep
|
|t:|1641875567
|switch|p2a: Popeyes|Zapdos-Galar|100/100
|turn|11
|
|t:|1641875574
|move|p1a: Dragonite|Dragon Dance|p1a: Dragonite
|-boost|p1a: Dragonite|atk|1
|-boost|p1a: Dragonite|spe|1
|move|p2a: Popeyes|Brave Bird|p1a: Dragonite
|-damage|p1a: Dragonite|64/100
|-damage|p2a: Popeyes|88/100|[from] Recoil
|
|upkeep
|turn|12
|
|t:|1641875591
|move|p1a: Dragonite|Outrage|p2a: Popeyes
|-damage|p2a: Popeyes|0 fnt
|faint|p2a: Popeyes
|
|upkeep
|
|t:|1641875596
|switch|p2a: Metal-Trunk|Copperajah, F|100/100
|turn|13
|
|t:|1641875601
|move|p1a: Dragonite|Outrage|p2a: Metal-Trunk|[from]lockedmove
|-resisted|p2a: Metal-Trunk
|-damage|p2a: Metal-Trunk|32/100
|-start|p1a: Dragonite|confusion|[fatigue]
|move|p2a: Metal-Trunk|Play Rough|p1a: Dragonite
|-supereffective|p1a: Dragonite
|-damage|p1a: Dragonite|0 fnt
|faint|p1a: Dragonite
|
|upkeep
|
|t:|1641875612
|switch|p1a: Hydreigon|Hydreigon, F|100/100
|turn|14
|
|t:|1641875616
|move|p1a: Hydreigon|Dark Pulse|p2a: Metal-Trunk
|-damage|p2a: Metal-Trunk|0 fnt
|faint|p2a: Metal-Trunk
|
|upkeep
|
|t:|1641875629
|switch|p2a: Speedy|Dragapult, M|91/100
|turn|15
|
|t:|1641875633
|move|p1a: Hydreigon|Dark Pulse|p2a: Speedy
|-supereffective|p2a: Speedy
|-damage|p2a: Speedy|0 fnt
|faint|p2a: Speedy
|
|upkeep
|
|t:|1641875642
|switch|p2a: Mecha|Silvally-Ice|100/100
|turn|16
|
|t:|1641875646
|switch|p1a: Dragalge|Dragalge, F|100/100
|move|p2a: Mecha|Multi-Attack|p1a: Dragalge
|-supereffective|p1a: Dragalge
|-damage|p1a: Dragalge|14/100
|
|-heal|p1a: Dragalge|20/100|[from] item: Black Sludge
|upkeep
|turn|17
|
|t:|1641875655
|move|p2a: Mecha|Work Up|p2a: Mecha
|-boost|p2a: Mecha|atk|1
|-boost|p2a: Mecha|spa|1
|move|p1a: Dragalge|Sludge Wave|p2a: Mecha
|-damage|p2a: Mecha|66/100
|
|-heal|p1a: Dragalge|26/100|[from] item: Black Sludge
|upkeep
|turn|18
|
|t:|1641875666
|move|p2a: Mecha|Multi-Attack|p1a: Dragalge
|-supereffective|p1a: Dragalge
|-damage|p1a: Dragalge|0 fnt
|faint|p1a: Dragalge
|
|upkeep
|
|t:|1641875669
|switch|p1a: Latios|Latios, M|100/100
|turn|19
|
|t:|1641875673
|move|p1a: Latios|Aura Sphere|p2a: Mecha
|-supereffective|p2a: Mecha
|-damage|p2a: Mecha|0 fnt
|faint|p2a: Mecha
|-damage|p1a: Latios|91/100|[from] item: Life Orb
|
|upkeep
|
|t:|1641875679
|switch|p2a: Reggae|Rillaboom, M, shiny|100/100
|-fieldstart|move: Grassy Terrain|[from] ability: Grassy Surge|[of] p2a: Reggae
|turn|20
|
|t:|1641875684
|move|p1a: Latios|Draco Meteor|p2a: Reggae
|-damage|p2a: Reggae|0 fnt
|-unboost|p1a: Latios|spa|2
|faint|p2a: Reggae
|-damage|p1a: Latios|81/100|[from] item: Life Orb
|
|win|OdinGX
|raw|OdinGX's rating: 1079 &rarr; <strong>1109</strong><br />(+30 for winning)
|raw|Greenday_97's rating: 1104 &rarr; <strong>1077</strong><br />(-27 for losing)
