|j|☆kpizzle35
|j|☆ThatDamnPipsqueak
|t:|1641842794
|gametype|singles
|player|p1|kpizzle35|170|1245
|player|p2|ThatDamnPipsqueak|cynthia-gen4|1245
|teamsize|p1|6
|teamsize|p2|6
|gen|8
|tier|[Gen 8] OU
|rated|
|rule|Sleep Clause Mod: Limit one foe put to sleep
|rule|Species Clause: Limit one of each Pokémon
|rule|OHKO Clause: OHKO moves are banned
|rule|Evasion Moves Clause: Evasion moves are banned
|rule|Endless Battle Clause: Forcing endless battles is banned
|rule|HP Percentage Mod: HP is shown in percentages
|rule|Dynamax Clause: You cannot dynamax
|clearpoke
|poke|p1|Rillaboom, M|
|poke|p1|Heatran, M|
|poke|p1|Slowking, F|
|poke|p1|Dragapult, F|
|poke|p1|Landorus-Therian, M|
|poke|p1|Weavile, F|
|poke|p2|Tapu Lele|
|poke|p2|Urshifu-*, M|
|poke|p2|Corviknight, M|
|poke|p2|Landorus-Therian, M|
|poke|p2|Magnezone|
|poke|p2|Clefable, M|
|teampreview
|inactive|Battle timer is ON: inactive players will automatically lose when time's up. (requested by kpizzle35)
|
|t:|1641842806
|start
|switch|p1a: may|Dragapult, F, shiny|100/100
|switch|p2a: Childish G|Landorus-Therian, M, shiny|100/100
|-ability|p2a: Childish G|Intimidate|boost
|-unboost|p1a: may|atk|1
|turn|1
|
|t:|1641842820
|move|p1a: may|Shadow Ball|p2a: Childish G
|-damage|p2a: Childish G|59/100
|move|p2a: Childish G|U-turn|p1a: may
|-resisted|p1a: may
|-damage|p1a: may|86/100
|
|t:|1641842825
|switch|p2a: Diana|Clefable, M, shiny|100/100|[from]move: U-turn
|
|upkeep
|turn|2
|
|t:|1641842831
|move|p1a: may|Shadow Ball|p2a: Diana
|-damage|p2a: Diana|59/100
|move|p2a: Diana|Stealth Rock|p1a: may
|-sidestart|p1: kpizzle35|move: Stealth Rock
|
|-heal|p2a: Diana|65/100|[from] item: Leftovers
|upkeep
|turn|3
|
|t:|1641842837
|move|p1a: may|Shadow Ball|p2a: Diana
|-damage|p2a: Diana|22/100
|move|p2a: Diana|Moonblast|p1a: may
|-supereffective|p1a: may
|-damage|p1a: may|0 fnt
|faint|p1a: may
|
|-heal|p2a: Diana|28/100|[from] item: Leftovers
|upkeep
|
|t:|1641842857
|switch|p1a: drake|Heatran, M, shiny|100/100
|-damage|p1a: drake|88/100|[from] Stealth Rock
|turn|4
|
|t:|1641842874
|switch|p2a: Unbearable|Urshifu-Rapid-Strike, M|100/100
|move|p1a: drake|Magma Storm|p2a: Unbearable
|-resisted|p2a: Unbearable
|-damage|p2a: Unbearable|60/100
|-activate|p2a: Unbearable|move: Magma Storm|[of] p1a: drake
|
|-damage|p2a: Unbearable|47/100|[from] move: Magma Storm|[partiallytrapped]
|upkeep
|turn|5
|
|t:|1641842895
|switch|p1a: samantha|Slowking, F, shiny|100/100
|move|p2a: Unbearable|Surging Strikes|p1a: samantha
|-resisted|p1a: samantha
|-crit|p1a: samantha
|-damage|p1a: samantha|91/100
|-resisted|p1a: samantha
|-crit|p1a: samantha
|-damage|p1a: samantha|82/100
|-resisted|p1a: samantha
|-crit|p1a: samantha
|-damage|p1a: samantha|72/100
|-hitcount|p1a: samantha|3
|
|-end|p2a: Unbearable|Magma Storm|[partiallytrapped]|[silent]
|upkeep
|turn|6
|
|t:|1641842906
|move|p2a: Unbearable|U-turn|p1a: samantha
|-supereffective|p1a: samantha
|-damage|p1a: samantha|26/100
|
|t:|1641842915
|switch|p2a: Get In The Zone|Magnezone, shiny|100/100|[from]move: U-turn
|move|p1a: samantha|Yawn|p2a: Get In The Zone
|-start|p2a: Get In The Zone|move: Yawn|[of] p1a: samantha
|
|upkeep
|turn|7
|
|t:|1641842923
|switch|p1a: marcus|Landorus-Therian, M|100/100
|-damage|p1a: marcus|88/100|[from] Stealth Rock
|-ability|p1a: marcus|Intimidate|boost
|-unboost|p2a: Get In The Zone|atk|1
|move|p2a: Get In The Zone|Volt Switch|p1a: marcus
|-immune|p1a: marcus
|
|-heal|p1a: marcus|94/100|[from] item: Leftovers
|-end|p2a: Get In The Zone|move: Yawn|[silent]
|-status|p2a: Get In The Zone|slp
|upkeep
|turn|8
|
|t:|1641842941
|switch|p2a: Childish G|Landorus-Therian, M, shiny|59/100
|-ability|p2a: Childish G|Intimidate|boost
|-unboost|p1a: marcus|atk|1
|move|p1a: marcus|Stealth Rock|p2a: Childish G
|-sidestart|p2: ThatDamnPipsqueak|move: Stealth Rock
|
|-heal|p1a: marcus|99/100|[from] item: Leftovers
|-heal|p2a: Childish G|65/100|[from] item: Leftovers
|upkeep
|turn|9
|
|t:|1641842957
|move|p1a: marcus|Toxic|p2a: Childish G
|-status|p2a: Childish G|tox
|move|p2a: Childish G|Toxic|p1a: marcus
|-status|p1a: marcus|tox
|
|-heal|p1a: marcus|100/100 tox|[from] item: Leftovers
|-heal|p2a: Childish G|71/100 tox|[from] item: Leftovers
|-damage|p1a: marcus|94/100 tox|[from] psn
|-damage|p2a: Childish G|65/100 tox|[from] psn
|upkeep
|turn|10
|
|t:|1641842974
|move|p1a: marcus|U-turn|p2a: Childish G
|-resisted|p2a: Childish G
|-damage|p2a: Childish G|58/100 tox
|l|☆kpizzle35
|inactive|kpizzle35 disconnected and has a minute to reconnect!
|player|p1|
|j|☆kpizzle35
|inactive|kpizzle35 reconnected and has 110 seconds left.
|player|p1|kpizzle35|170
|
|t:|1641843023
|switch|p1a: drake|Heatran, M, shiny|88/100|[from]move: U-turn
|-damage|p1a: drake|76/100|[from] Stealth Rock
|move|p2a: Childish G|U-turn|p1a: drake
|-resisted|p1a: drake
|-damage|p1a: drake|71/100
|
|t:|1641843040
|switch|p2a: Unbearable|Urshifu-Rapid-Strike, M|47/100|[from]move: U-turn
|-damage|p2a: Unbearable|41/100|[from] Stealth Rock
|
|upkeep
|turn|11
|
|t:|1641843050
|move|p2a: Unbearable|Close Combat|p1a: drake
|-supereffective|p1a: drake
|-damage|p1a: drake|0 fnt
|-unboost|p2a: Unbearable|def|1
|-unboost|p2a: Unbearable|spd|1
|faint|p1a: drake
|
|upkeep
|
|t:|1641843054
|switch|p1a: samantha|Slowking, F, shiny|59/100
|turn|12
|
|t:|1641843058
|move|p2a: Unbearable|U-turn|p1a: samantha
|-supereffective|p1a: samantha
|-damage|p1a: samantha|11/100
|
|t:|1641843063
|switch|p2a: Get In The Zone|Magnezone, shiny|100/100 slp|[from]move: U-turn
|-damage|p2a: Get In The Zone|94/100 slp|[from] Stealth Rock
|move|p1a: samantha|Teleport|p1a: samantha
|inactive|kpizzle35 has 120 seconds left.
|
|t:|1641843075
|switch|p1a: marcus|Landorus-Therian, M|94/100 tox|[from]move: Teleport
|-damage|p1a: marcus|82/100 tox|[from] Stealth Rock
|-ability|p1a: marcus|Intimidate|boost
|-unboost|p2a: Get In The Zone|atk|1
|
|-heal|p1a: marcus|88/100 tox|[from] item: Leftovers
|-damage|p1a: marcus|82/100 tox|[from] psn
|upkeep
|turn|13
|
|t:|1641843084
|switch|p2a: Murder|Corviknight, M, shiny|100/100
|-damage|p2a: Murder|88/100|[from] Stealth Rock
|-ability|p2a: Murder|Pressure
|move|p1a: marcus|Earthquake|p2a: Murder
|-immune|p2a: Murder
|
|-heal|p1a: marcus|88/100 tox|[from] item: Leftovers
|-damage|p1a: marcus|76/100 tox|[from] psn
|upkeep
|turn|14
|
|t:|1641843095
|move|p1a: marcus|U-turn|p2a: Murder
|-resisted|p2a: Murder
|-damage|p2a: Murder|84/100
|-damage|p1a: marcus|60/100 tox|[from] item: Rocky Helmet|[of] p2a: Murder
|
|t:|1641843098
|switch|p1a: samantha|Slowking, F, shiny|44/100|[from]move: U-turn
|move|p2a: Murder|Body Press|p1a: samantha
|-resisted|p1a: samantha
|-damage|p1a: samantha|32/100
|
|upkeep
|turn|15
|
|t:|1641843104
|move|p2a: Murder|U-turn|p1a: samantha
|-supereffective|p1a: samantha
|-damage|p1a: samantha|4/100
|
|t:|1641843111
|switch|p2a: Diana|Clefable, M, shiny|28/100|[from]move: U-turn
|move|p1a: samantha|Slack Off|p1a: samantha
|-heal|p1a: samantha|54/100
|
|-heal|p2a: Diana|34/100|[from] item: Leftovers
|upkeep
|turn|16
|
|t:|1641843119
|move|p2a: Diana|Wish|p2a: Diana
|move|p1a: samantha|Scald|p2a: Diana
|-damage|p2a: Diana|10/100
|-status|p2a: Diana|brn
|
|-heal|p2a: Diana|16/100 brn|[from] item: Leftovers
|upkeep
|turn|17
|
|t:|1641843135
|switch|p2a: Unbearable|Urshifu-Rapid-Strike, M|41/100
|-damage|p2a: Unbearable|35/100|[from] Stealth Rock
|move|p1a: samantha|Scald|p2a: Unbearable
|-resisted|p2a: Unbearable
|-damage|p2a: Unbearable|13/100
|-status|p2a: Unbearable|brn
|
|-heal|p2a: Unbearable|70/100 brn|[from] move: Wish|[wisher] Diana
|-damage|p2a: Unbearable|64/100 brn|[from] brn
|upkeep
|turn|18
|inactive|ThatDamnPipsqueak has 120 seconds left.
|
|t:|1641843164
|move|p2a: Unbearable|U-turn|p1a: samantha
|-supereffective|p1a: samantha
|-damage|p1a: samantha|30/100
|inactive|ThatDamnPipsqueak has 120 seconds left.
|
|t:|1641843170
|switch|p2a: Childish G|Landorus-Therian, M, shiny|58/100 tox|[from]move: U-turn
|-damage|p2a: Childish G|45/100 tox|[from] Stealth Rock
|-ability|p2a: Childish G|Intimidate|boost
|-unboost|p1a: samantha|atk|1
|move|p1a: samantha|Slack Off|p1a: samantha
|-heal|p1a: samantha|80/100
|
|-heal|p2a: Childish G|51/100 tox|[from] item: Leftovers
|-damage|p2a: Childish G|45/100 tox|[from] psn
|upkeep
|turn|19
|inactive|ThatDamnPipsqueak has 120 seconds left.
|
|t:|1641843181
|move|p2a: Childish G|Toxic|p1a: samantha
|-status|p1a: samantha|tox
|move|p1a: samantha|Scald|p2a: Childish G
|-supereffective|p2a: Childish G
|-damage|p2a: Childish G|2/100 tox
|
|-heal|p2a: Childish G|8/100 tox|[from] item: Leftovers
|-damage|p2a: Childish G|0 fnt|[from] psn
|faint|p2a: Childish G
|-damage|p1a: samantha|74/100 tox|[from] psn
|upkeep
|inactive|ThatDamnPipsqueak has 120 seconds left.
|
|t:|1641843197
|switch|p2a: Get In The Zone|Magnezone, shiny|94/100 slp
|-damage|p2a: Get In The Zone|88/100 slp|[from] Stealth Rock
|turn|20
|
|t:|1641843205
|cant|p2a: Get In The Zone|slp
|move|p1a: samantha|Scald|p2a: Get In The Zone
|-damage|p2a: Get In The Zone|52/100 slp
|
|-damage|p1a: samantha|62/100 tox|[from] psn
|upkeep
|turn|21
|inactive|ThatDamnPipsqueak has 120 seconds left.
|
|t:|1641843213
|-curestatus|p2a: Get In The Zone|slp|[msg]
|move|p2a: Get In The Zone|Thunderbolt|p1a: samantha
|-supereffective|p1a: samantha
|-crit|p1a: samantha
|-damage|p1a: samantha|0 fnt
|faint|p1a: samantha
|
|upkeep
|
|t:|1641843219
|switch|p1a: marcus|Landorus-Therian, M|60/100 tox
|-damage|p1a: marcus|47/100 tox|[from] Stealth Rock
|-ability|p1a: marcus|Intimidate|boost
|-unboost|p2a: Get In The Zone|atk|1
|turn|22
|
|t:|1641843229
|switch|p1a: terrance|Rillaboom, M|100/100
|-damage|p1a: terrance|88/100|[from] Stealth Rock
|-fieldstart|move: Grassy Terrain|[from] ability: Grassy Surge|[of] p1a: terrance
|switch|p2a: Murder|Corviknight, M, shiny|84/100
|-damage|p2a: Murder|72/100|[from] Stealth Rock
|-ability|p2a: Murder|Pressure
|
|-heal|p1a: terrance|94/100|[from] Grassy Terrain
|upkeep
|turn|23
|
|t:|1641843245
|move|p1a: terrance|Knock Off|p2a: Murder
|-damage|p2a: Murder|50/100
|-damage|p1a: terrance|78/100|[from] item: Rocky Helmet|[of] p2a: Murder
|-enditem|p2a: Murder|Rocky Helmet|[from] move: Knock Off|[of] p1a: terrance
|move|p2a: Murder|Roost|p2a: Murder
|-heal|p2a: Murder|100/100
|-singleturn|p2a: Murder|move: Roost
|
|-heal|p1a: terrance|84/100|[from] Grassy Terrain
|upkeep
|turn|24
|
|t:|1641843260
|move|p1a: terrance|Brick Break|p2a: Murder
|-damage|p2a: Murder|82/100
|move|p2a: Murder|U-turn|p1a: terrance
|-supereffective|p1a: terrance
|-damage|p1a: terrance|53/100
|inactive|ThatDamnPipsqueak has 120 seconds left.
|
|t:|1641843273
|switch|p2a: Tapu Wash|Tapu Lele, shiny|100/100|[from]move: U-turn
|-damage|p2a: Tapu Wash|88/100|[from] Stealth Rock
|-fieldstart|move: Psychic Terrain|[from] ability: Psychic Surge|[of] p2a: Tapu Wash
|
|upkeep
|turn|25
|l|☆kpizzle35
|inactive|kpizzle35 disconnected and has a minute to reconnect!
|player|p1|
|inactive|ThatDamnPipsqueak has 120 seconds left.
|j|☆kpizzle35
|inactive|kpizzle35 reconnected and has 135 seconds left.
|player|p1|kpizzle35|170
|
|t:|1641843303
|move|p2a: Tapu Wash|Moonblast|p1a: terrance
|-damage|p1a: terrance|0 fnt
|faint|p1a: terrance
|
|upkeep
|
|t:|1641843307
|switch|p1a: ellie|Weavile, F|100/100
|-damage|p1a: ellie|76/100|[from] Stealth Rock
|-ability|p1a: ellie|Pressure
|turn|26
|inactive|ThatDamnPipsqueak has 120 seconds left.
|
|t:|1641843330
|move|p2a: Tapu Wash|Moonblast|p1a: ellie
|-supereffective|p1a: ellie
|-damage|p1a: ellie|0 fnt
|faint|p1a: ellie
|
|upkeep
|
|t:|1641843333
|switch|p1a: marcus|Landorus-Therian, M|47/100 tox
|-damage|p1a: marcus|35/100 tox|[from] Stealth Rock
|-ability|p1a: marcus|Intimidate|boost
|-unboost|p2a: Tapu Wash|atk|1
|turn|27
|
|t:|1641843338
|move|p2a: Tapu Wash|Moonblast|p1a: marcus
|-damage|p1a: marcus|0 fnt
|faint|p1a: marcus
|
|win|ThatDamnPipsqueak
|raw|kpizzle35's rating: 1245 &rarr; <strong>1220</strong><br />(-25 for losing)
|raw|ThatDamnPipsqueak's rating: 1245 &rarr; <strong>1270</strong><br />(+25 for winning)
|l|☆kpizzle35
