|j|☆gimmickyasitgets
|j|☆Catt6565
|t:|1641779710
|gametype|singles
|player|p1|gimmickyasitgets|preschooler|1324
|player|p2|Catt6565|caitlin|1274
|teamsize|p1|6
|teamsize|p2|6
|gen|8
|tier|[Gen 8] OU
|rated|
|rule|Sleep Clause Mod: Limit one foe put to sleep
|rule|Species Clause: Limit one of each Pokémon
|rule|OHKO Clause: OHKO moves are banned
|rule|Evasion Moves Clause: Evasion moves are banned
|rule|Endless Battle Clause: Forcing endless battles is banned
|rule|HP Percentage Mod: HP is shown in percentages
|rule|Dynamax Clause: You cannot dynamax
|clearpoke
|poke|p1|Excadrill, M|
|poke|p1|Hippowdon, M|
|poke|p1|Rhyperior, M|
|poke|p1|Tangrowth, M|
|poke|p1|Slowking-Galar, F|
|poke|p1|Rotom-Wash|
|poke|p2|Ninetales-Alola, F|
|poke|p2|Arctozolt|
|poke|p2|Dragapult, F|
|poke|p2|Swampert, M|
|poke|p2|Mandibuzz, F|
|poke|p2|Victini|
|teampreview
|inactive|Battle timer is ON: inactive players will automatically lose when time's up. (requested by Catt6565)
|
|t:|1641779737
|start
|switch|p1a: Hippowdon|Hippowdon, M|100/100
|switch|p2a: Dangerous Aurora|Dragapult, F|100/100
|-weather|Sandstorm|[from] ability: Sand Stream|[of] p1a: Hippowdon
|turn|1
|
|t:|1641779745
|move|p2a: Dangerous Aurora|U-turn|p1a: Hippowdon
|-damage|p1a: Hippowdon|91/100
|-enditem|p1a: Hippowdon|Eject Button
|
|t:|1641779749
|switch|p1a: Excadrill|Excadrill, M|100/100
|
|-weather|Sandstorm|[upkeep]
|-damage|p2a: Dangerous Aurora|95/100|[from] Sandstorm
|upkeep
|turn|2
|
|t:|1641779759
|move|p1a: Excadrill|Earthquake|p2a: Dangerous Aurora
|-damage|p2a: Dangerous Aurora|5/100
|-damage|p1a: Excadrill|91/100|[from] item: Life Orb
|move|p2a: Dangerous Aurora|U-turn|p1a: Excadrill
|-resisted|p1a: Excadrill
|-crit|p1a: Excadrill
|-damage|p1a: Excadrill|72/100
|
|t:|1641779765
|switch|p2a: Ocean Floor|Swampert, M|100/100|[from]move: U-turn
|
|-weather|Sandstorm|[upkeep]
|upkeep
|turn|3
|inactive|gimmickyasitgets has 120 seconds left.
|
|t:|1641779797
|switch|p1a: Tangrowth|Tangrowth, M|100/100
|move|p2a: Ocean Floor|Flip Turn|p1a: Tangrowth
|-resisted|p1a: Tangrowth
|-damage|p1a: Tangrowth|95/100
|
|t:|1641779803
|switch|p2a: Amazing Aurora|Ninetales-Alola, F|100/100|[from]move: Flip Turn
|-weather|Hail|[from] ability: Snow Warning|[of] p2a: Amazing Aurora
|
|-weather|Hail|[upkeep]
|-damage|p1a: Tangrowth|89/100|[from] Hail
|-heal|p1a: Tangrowth|95/100|[from] item: Leftovers
|upkeep
|turn|4
|
|t:|1641779807
|switch|p1a: Slowking|Slowking-Galar, F|100/100
|move|p2a: Amazing Aurora|Blizzard|p1a: Slowking
|-damage|p1a: Slowking|80/100
|
|-weather|Hail|[upkeep]
|-damage|p1a: Slowking|74/100|[from] Hail
|upkeep
|turn|5
|
|t:|1641779811
|move|p2a: Amazing Aurora|Nasty Plot|p2a: Amazing Aurora
|-boost|p2a: Amazing Aurora|spa|2
|move|p1a: Slowking|Sludge Bomb|p2a: Amazing Aurora
|-supereffective|p2a: Amazing Aurora
|-damage|p2a: Amazing Aurora|8/100
|-status|p2a: Amazing Aurora|psn
|
|-weather|Hail|[upkeep]
|-damage|p1a: Slowking|68/100|[from] Hail
|-damage|p2a: Amazing Aurora|0 fnt|[from] psn
|faint|p2a: Amazing Aurora
|upkeep
|
|t:|1641779816
|switch|p2a: Ocean Floor|Swampert, M|100/100
|turn|6
|
|t:|1641779821
|switch|p1a: Hippowdon|Hippowdon, M|91/100
|-weather|Sandstorm|[from] ability: Sand Stream|[of] p1a: Hippowdon
|move|p2a: Ocean Floor|Stealth Rock|p1a: Hippowdon
|-sidestart|p1: gimmickyasitgets|move: Stealth Rock
|
|-weather|Sandstorm|[upkeep]
|upkeep
|turn|7
|
|t:|1641779824
|move|p2a: Ocean Floor|Toxic|p1a: Hippowdon
|-status|p1a: Hippowdon|tox
|move|p1a: Hippowdon|Yawn|p2a: Ocean Floor
|-start|p2a: Ocean Floor|move: Yawn|[of] p1a: Hippowdon
|
|-weather|Sandstorm|[upkeep]
|-damage|p1a: Hippowdon|85/100 tox|[from] psn
|upkeep
|turn|8
|
|t:|1641779830
|switch|p2a: Fur Coat|Mandibuzz, F|100/100
|move|p1a: Hippowdon|Stealth Rock|p2a: Fur Coat
|-sidestart|p2: Catt6565|move: Stealth Rock
|
|-weather|Sandstorm|[upkeep]
|-damage|p1a: Hippowdon|73/100 tox|[from] psn
|upkeep
|turn|9
|
|t:|1641779840
|move|p2a: Fur Coat|Knock Off|p1a: Hippowdon
|-crit|p1a: Hippowdon
|-damage|p1a: Hippowdon|60/100 tox
|move|p1a: Hippowdon|Yawn|p2a: Fur Coat
|-start|p2a: Fur Coat|move: Yawn|[of] p1a: Hippowdon
|
|-weather|Sandstorm|[upkeep]
|-damage|p1a: Hippowdon|41/100 tox|[from] psn
|upkeep
|turn|10
|
|t:|1641779848
|switch|p1a: Rotom|Rotom-Wash|100/100
|-damage|p1a: Rotom|88/100|[from] Stealth Rock
|move|p2a: Fur Coat|Defog|p1a: Rotom
|-unboost|p1a: Rotom|evasion|1
|-sideend|p1: gimmickyasitgets|Stealth Rock|[from] move: Defog|[of] p2a: Fur Coat
|-sideend|p2: Catt6565|Stealth Rock|[from] move: Defog|[of] p2a: Fur Coat
|
|-weather|none
|-end|p2a: Fur Coat|move: Yawn|[silent]
|-status|p2a: Fur Coat|slp
|upkeep
|turn|11
|
|t:|1641779855
|switch|p2a: Ocean Floor|Swampert, M|100/100
|move|p1a: Rotom|Trick|p2a: Ocean Floor
|-activate|p1a: Rotom|move: Trick|[of] p2a: Ocean Floor
|-item|p2a: Ocean Floor|Choice Scarf|[from] move: Trick
|-item|p1a: Rotom|Leftovers|[from] move: Trick
|
|-heal|p1a: Rotom|94/100|[from] item: Leftovers
|upkeep
|turn|12
|
|t:|1641779866
|move|p1a: Rotom|Volt Switch|p2a: Ocean Floor
|-immune|p2a: Ocean Floor
|move|p2a: Ocean Floor|Toxic|p1a: Rotom
|-status|p1a: Rotom|tox
|
|-heal|p1a: Rotom|100/100 tox|[from] item: Leftovers
|-damage|p1a: Rotom|94/100 tox|[from] psn
|upkeep
|turn|13
|
|t:|1641779877
|switch|p1a: Hippowdon|Hippowdon, M|41/100 tox
|-weather|Sandstorm|[from] ability: Sand Stream|[of] p1a: Hippowdon
|switch|p2a: Kiara|Victini|100/100
|
|-weather|Sandstorm|[upkeep]
|-damage|p2a: Kiara|94/100|[from] Sandstorm
|-damage|p1a: Hippowdon|35/100 tox|[from] psn
|upkeep
|turn|14
|
|t:|1641779883
|move|p2a: Kiara|Zen Headbutt|p1a: Hippowdon
|-damage|p1a: Hippowdon|7/100 tox
|-damage|p2a: Kiara|84/100|[from] item: Life Orb
|cant|p1a: Hippowdon|flinch
|
|-weather|Sandstorm|[upkeep]
|-damage|p2a: Kiara|78/100|[from] Sandstorm
|-damage|p1a: Hippowdon|0 fnt|[from] psn
|faint|p1a: Hippowdon
|upkeep
|
|t:|1641779886
|switch|p1a: Excadrill|Excadrill, M|72/100
|turn|15
|
|t:|1641779891
|switch|p2a: Fur Coat|Mandibuzz, F|100/100 slp
|move|p1a: Excadrill|Earthquake|p2a: Fur Coat
|-immune|p2a: Fur Coat
|
|-weather|Sandstorm|[upkeep]
|upkeep
|turn|16
|
|t:|1641779901
|move|p1a: Excadrill|Substitute|p1a: Excadrill
|-start|p1a: Excadrill|Substitute
|-damage|p1a: Excadrill|47/100
|cant|p2a: Fur Coat|slp
|
|-weather|Sandstorm|[upkeep]
|upkeep
|turn|17
|
|t:|1641779904
|move|p1a: Excadrill|Iron Head|p2a: Fur Coat
|-damage|p2a: Fur Coat|64/100 slp
|-damage|p1a: Excadrill|37/100|[from] item: Life Orb
|-curestatus|p2a: Fur Coat|slp|[msg]
|move|p2a: Fur Coat|U-turn|p1a: Excadrill
|-resisted|p1a: Excadrill
|-activate|p1a: Excadrill|move: Substitute|[damage]
|
|t:|1641779914
|switch|p2a: Dangerous Aurora|Dragapult, F|5/100|[from]move: U-turn
|
|-weather|none
|upkeep
|turn|18
|
|t:|1641779923
|switch|p1a: Rotom|Rotom-Wash|94/100 tox
|move|p2a: Dangerous Aurora|U-turn|p1a: Rotom
|-damage|p1a: Rotom|80/100 tox
|
|t:|1641779928
|switch|p2a: Ocean Floor|Swampert, M|100/100|[from]move: U-turn
|
|-heal|p1a: Rotom|87/100 tox|[from] item: Leftovers
|-damage|p1a: Rotom|80/100 tox|[from] psn
|upkeep
|turn|19
|
|t:|1641779935
|move|p1a: Rotom|Pain Split|p2a: Ocean Floor
|-sethp|p2a: Ocean Floor|80/100|[from] move: Pain Split|[silent]
|-sethp|p1a: Rotom|100/100 tox|[from] move: Pain Split
|move|p2a: Ocean Floor|Stealth Rock|p1a: Rotom
|-sidestart|p1: gimmickyasitgets|move: Stealth Rock
|
|-damage|p1a: Rotom|88/100 tox|[from] psn
|upkeep
|turn|20
|
|t:|1641779943
|switch|p2a: Fur Coat|Mandibuzz, F|64/100
|move|p1a: Rotom|Defog|p2a: Fur Coat
|-unboost|p2a: Fur Coat|evasion|1
|-sideend|p1: gimmickyasitgets|Stealth Rock|[from] move: Defog|[of] p1a: Rotom
|
|-heal|p1a: Rotom|94/100 tox|[from] item: Leftovers
|-damage|p1a: Rotom|75/100 tox|[from] psn
|upkeep
|turn|21
|
|t:|1641779951
|switch|p1a: Tangrowth|Tangrowth, M|100/100
|move|p2a: Fur Coat|Knock Off|p1a: Tangrowth
|-crit|p1a: Tangrowth
|-damage|p1a: Tangrowth|83/100
|-enditem|p1a: Tangrowth|Leftovers|[from] move: Knock Off|[of] p2a: Fur Coat
|
|upkeep
|turn|22
|
|t:|1641779958
|switch|p1a: Excadrill|Excadrill, M|37/100
|move|p2a: Fur Coat|U-turn|p1a: Excadrill
|-resisted|p1a: Excadrill
|-damage|p1a: Excadrill|29/100
|
|t:|1641779968
|switch|p2a: Dangerous Aurora|Dragapult, F|5/100|[from]move: U-turn
|
|upkeep
|turn|23
|
|t:|1641779974
|move|p2a: Dangerous Aurora|Flamethrower|p1a: Excadrill
|-supereffective|p1a: Excadrill
|-damage|p1a: Excadrill|0 fnt
|faint|p1a: Excadrill
|
|upkeep
|
|t:|1641779976
|switch|p1a: Slowking|Slowking-Galar, F|100/100
|turn|24
|
|t:|1641779989
|switch|p2a: Ocean Floor|Swampert, M|80/100
|move|p1a: Slowking|Sludge Bomb|p2a: Ocean Floor
|-resisted|p2a: Ocean Floor
|-damage|p2a: Ocean Floor|67/100
|
|upkeep
|turn|25
|
|t:|1641779995
|switch|p1a: Rotom|Rotom-Wash|75/100 tox
|move|p2a: Ocean Floor|Earthquake|p1a: Rotom
|-immune|p1a: Rotom|[from] ability: Levitate
|
|-heal|p1a: Rotom|82/100 tox|[from] item: Leftovers
|-damage|p1a: Rotom|75/100 tox|[from] psn
|upkeep
|turn|26
|
|t:|1641780004
|switch|p1a: Tangrowth|Tangrowth, M|100/100
|switch|p2a: Snowy Blur|Arctozolt, shiny|100/100
|
|upkeep
|turn|27
|
|t:|1641780009
|move|p2a: Snowy Blur|Icicle Crash|p1a: Tangrowth
|-supereffective|p1a: Tangrowth
|-damage|p1a: Tangrowth|55/100
|move|p1a: Tangrowth|Knock Off|p2a: Snowy Blur
|-damage|p2a: Snowy Blur|80/100
|-enditem|p2a: Snowy Blur|Heavy-Duty Boots|[from] move: Knock Off|[of] p1a: Tangrowth
|
|upkeep
|turn|28
|
|t:|1641780020
|switch|p1a: Rotom|Rotom-Wash|75/100 tox
|move|p2a: Snowy Blur|Bolt Beak|p1a: Rotom
|-damage|p1a: Rotom|8/100 tox
|
|-heal|p1a: Rotom|14/100 tox|[from] item: Leftovers
|-damage|p1a: Rotom|8/100 tox|[from] psn
|upkeep
|turn|29
|
|t:|1641780027
|move|p1a: Rotom|Pain Split|p2a: Snowy Blur
|-sethp|p2a: Snowy Blur|43/100|[from] move: Pain Split|[silent]
|-sethp|p1a: Rotom|50/100 tox|[from] move: Pain Split
|move|p2a: Snowy Blur|Icicle Crash|p1a: Rotom
|-resisted|p1a: Rotom
|-damage|p1a: Rotom|32/100 tox
|
|-heal|p1a: Rotom|38/100 tox|[from] item: Leftovers
|-damage|p1a: Rotom|26/100 tox|[from] psn
|upkeep
|turn|30
|
|t:|1641780033
|move|p1a: Rotom|Pain Split|p2a: Snowy Blur
|-sethp|p2a: Snowy Blur|33/100|[from] move: Pain Split|[silent]
|-sethp|p1a: Rotom|38/100 tox|[from] move: Pain Split
|move|p2a: Snowy Blur|Icicle Crash|p1a: Rotom
|-resisted|p1a: Rotom
|-damage|p1a: Rotom|20/100 tox
|
|-heal|p1a: Rotom|26/100 tox|[from] item: Leftovers
|-damage|p1a: Rotom|7/100 tox|[from] psn
|upkeep
|turn|31
|
|t:|1641780037
|move|p1a: Rotom|Volt Switch|p2a: Snowy Blur
|-resisted|p2a: Snowy Blur
|-damage|p2a: Snowy Blur|18/100
|
|t:|1641780041
|switch|p1a: Rhyperior|Rhyperior, M|100/100|[from]move: Volt Switch
|move|p2a: Snowy Blur|Icicle Crash|p1a: Rhyperior|[miss]
|-miss|p2a: Snowy Blur|p1a: Rhyperior
|
|upkeep
|turn|32
|
|t:|1641780055
|switch|p2a: Fur Coat|Mandibuzz, F|64/100
|move|p1a: Rhyperior|Stone Edge|p2a: Fur Coat
|-supereffective|p2a: Fur Coat
|-damage|p2a: Fur Coat|0 fnt
|faint|p2a: Fur Coat
|
|upkeep
|
|t:|1641780067
|switch|p2a: Ocean Floor|Swampert, M|67/100
|turn|33
|
|t:|1641780070
|switch|p1a: Tangrowth|Tangrowth, M|89/100
|move|p2a: Ocean Floor|Toxic|p1a: Tangrowth
|-status|p1a: Tangrowth|tox
|
|-damage|p1a: Tangrowth|82/100 tox|[from] psn
|upkeep
|turn|34
|
|t:|1641780078
|switch|p2a: Kiara|Victini|78/100
|move|p1a: Tangrowth|Sludge Bomb|p2a: Kiara
|-damage|p2a: Kiara|54/100
|
|-damage|p1a: Tangrowth|70/100 tox|[from] psn
|upkeep
|turn|35
|
|t:|1641780085
|switch|p1a: Rotom|Rotom-Wash|7/100 tox
|move|p2a: Kiara|V-create|p1a: Rotom
|-resisted|p1a: Rotom
|-damage|p1a: Rotom|0 fnt
|-unboost|p2a: Kiara|spe|1
|-unboost|p2a: Kiara|def|1
|-unboost|p2a: Kiara|spd|1
|faint|p1a: Rotom
|-damage|p2a: Kiara|44/100|[from] item: Life Orb
|
|upkeep
|
|t:|1641780089
|switch|p1a: Rhyperior|Rhyperior, M|100/100
|turn|36
|
|t:|1641780096
|switch|p2a: Ocean Floor|Swampert, M|67/100
|move|p1a: Rhyperior|Earthquake|p2a: Ocean Floor
|-damage|p2a: Ocean Floor|21/100
|
|upkeep
|turn|37
|
|t:|1641780101
|switch|p1a: Tangrowth|Tangrowth, M|100/100 tox
|move|p2a: Ocean Floor|Flip Turn|p1a: Tangrowth
|-resisted|p1a: Tangrowth
|-damage|p1a: Tangrowth|92/100 tox
|
|t:|1641780104
|switch|p2a: Kiara|Victini|44/100|[from]move: Flip Turn
|
|-damage|p1a: Tangrowth|86/100 tox|[from] psn
|upkeep
|turn|38
|
|t:|1641780107
|switch|p1a: Rhyperior|Rhyperior, M|100/100
|move|p2a: Kiara|V-create|p1a: Rhyperior
|-resisted|p1a: Rhyperior
|-damage|p1a: Rhyperior|67/100
|-unboost|p2a: Kiara|spe|1
|-unboost|p2a: Kiara|def|1
|-unboost|p2a: Kiara|spd|1
|-damage|p2a: Kiara|34/100|[from] item: Life Orb
|
|upkeep
|turn|39
|
|t:|1641780118
|move|p2a: Kiara|Zen Headbutt|p1a: Rhyperior
|-damage|p1a: Rhyperior|38/100
|-damage|p2a: Kiara|24/100|[from] item: Life Orb
|move|p1a: Rhyperior|Earthquake|p2a: Kiara
|-supereffective|p2a: Kiara
|-damage|p2a: Kiara|0 fnt
|faint|p2a: Kiara
|
|upkeep
|
|t:|1641780122
|switch|p2a: Dangerous Aurora|Dragapult, F|5/100
|turn|40
|
|t:|1641780126
|switch|p1a: Slowking|Slowking-Galar, F|100/100
|move|p2a: Dangerous Aurora|Shadow Ball|p1a: Slowking
|-supereffective|p1a: Slowking
|-damage|p1a: Slowking|51/100
|-unboost|p1a: Slowking|spd|1
|
|upkeep
|turn|41
|
|t:|1641780143
|switch|p1a: Rhyperior|Rhyperior, M|38/100
|move|p2a: Dangerous Aurora|Shadow Ball|p1a: Rhyperior
|-damage|p1a: Rhyperior|2/100
|
|upkeep
|turn|42
|
|t:|1641780146
|move|p2a: Dangerous Aurora|Shadow Ball|p1a: Rhyperior
|-damage|p1a: Rhyperior|0 fnt
|faint|p1a: Rhyperior
|
|upkeep
|
|t:|1641780148
|switch|p1a: Slowking|Slowking-Galar, F|85/100
|turn|43
|
|t:|1641780152
|move|p2a: Dangerous Aurora|Shadow Ball|p1a: Slowking
|-supereffective|p1a: Slowking
|-damage|p1a: Slowking|32/100
|move|p1a: Slowking|Psychic|p2a: Dangerous Aurora
|-damage|p2a: Dangerous Aurora|0 fnt
|faint|p2a: Dangerous Aurora
|
|upkeep
|
|t:|1641780155
|switch|p2a: Ocean Floor|Swampert, M|21/100
|turn|44
|
|t:|1641780159
|switch|p1a: Tangrowth|Tangrowth, M|100/100 tox
|move|p2a: Ocean Floor|Earthquake|p1a: Tangrowth
|-resisted|p1a: Tangrowth
|-damage|p1a: Tangrowth|91/100 tox
|
|-damage|p1a: Tangrowth|85/100 tox|[from] psn
|upkeep
|turn|45
|
|t:|1641780165
|move|p2a: Ocean Floor|Earthquake|p1a: Tangrowth
|-resisted|p1a: Tangrowth
|-damage|p1a: Tangrowth|76/100 tox
|move|p1a: Tangrowth|Knock Off|p2a: Ocean Floor
|-damage|p2a: Ocean Floor|2/100
|-enditem|p2a: Ocean Floor|Choice Scarf|[from] move: Knock Off|[of] p1a: Tangrowth
|
|-damage|p1a: Tangrowth|63/100 tox|[from] psn
|upkeep
|turn|46
|
|t:|1641780173
|move|p2a: Ocean Floor|Stealth Rock|p1a: Tangrowth
|-sidestart|p1: gimmickyasitgets|move: Stealth Rock
|move|p1a: Tangrowth|Giga Drain|p2a: Ocean Floor
|-supereffective|p2a: Ocean Floor
|-damage|p2a: Ocean Floor|0 fnt
|-heal|p1a: Tangrowth|64/100 tox|[from] drain|[of] p2a: Ocean Floor
|faint|p2a: Ocean Floor
|
|-damage|p1a: Tangrowth|45/100 tox|[from] psn
|upkeep
|
|t:|1641780177
|switch|p2a: Snowy Blur|Arctozolt, shiny|18/100
|turn|47
|
|t:|1641780182
|switch|p1a: Slowking|Slowking-Galar, F|65/100
|-damage|p1a: Slowking|53/100|[from] Stealth Rock
|move|p2a: Snowy Blur|Icicle Crash|p1a: Slowking|[miss]
|-miss|p2a: Snowy Blur|p1a: Slowking
|
|upkeep
|turn|48
|
|t:|1641780187
|switch|p1a: Tangrowth|Tangrowth, M|79/100 tox
|-damage|p1a: Tangrowth|66/100 tox|[from] Stealth Rock
|move|p2a: Snowy Blur|Bolt Beak|p1a: Tangrowth
|-resisted|p1a: Tangrowth
|-damage|p1a: Tangrowth|44/100 tox
|
|-damage|p1a: Tangrowth|37/100 tox|[from] psn
|upkeep
|turn|49
|
|t:|1641780197
|move|p2a: Snowy Blur|Icicle Crash|p1a: Tangrowth
|-supereffective|p1a: Tangrowth
|-crit|p1a: Tangrowth
|-damage|p1a: Tangrowth|0 fnt
|faint|p1a: Tangrowth
|
|upkeep
|
|t:|1641780199
|switch|p1a: Slowking|Slowking-Galar, F|86/100
|-damage|p1a: Slowking|74/100|[from] Stealth Rock
|turn|50
|
|t:|1641780217
|move|p2a: Snowy Blur|Bolt Beak|p1a: Slowking
|-damage|p1a: Slowking|0 fnt
|faint|p1a: Slowking
|
|win|Catt6565
|raw|gimmickyasitgets's rating: 1324 &rarr; <strong>1301</strong><br />(-23 for losing)
|raw|Catt6565's rating: 1274 &rarr; <strong>1303</strong><br />(+29 for winning)
|l|☆gimmickyasitgets
