|j|☆qian_23
|j|☆Awavia
|t:|1641885902
|gametype|singles
|player|p1|qian_23|gambler|1277
|player|p2|Awavia|lillie-z|1407
|teamsize|p1|6
|teamsize|p2|6
|gen|8
|tier|[Gen 8] OU
|rated|
|rule|Sleep Clause Mod: Limit one foe put to sleep
|rule|Species Clause: Limit one of each Pokémon
|rule|OHKO Clause: OHKO moves are banned
|rule|Evasion Moves Clause: Evasion moves are banned
|rule|Endless Battle Clause: Forcing endless battles is banned
|rule|HP Percentage Mod: HP is shown in percentages
|rule|Dynamax Clause: You cannot dynamax
|clearpoke
|poke|p1|Toxapex, M|
|poke|p1|Celesteela|
|poke|p1|Landorus-Therian, M|
|poke|p1|Ferrothorn, M|
|poke|p1|Dragapult, F|
|poke|p1|Blissey, F|
|poke|p2|Landorus-Therian, M|
|poke|p2|Clefable, F|
|poke|p2|Urshifu-*, M|
|poke|p2|Slowking-Galar, F|
|poke|p2|Rillaboom, M|
|poke|p2|Heatran, F|
|teampreview
|
|t:|1641885923
|start
|switch|p1a: Celesteela|Celesteela|100/100
|switch|p2a: Urshifu|Urshifu-Rapid-Strike, M|100/100
|turn|1
|
|t:|1641885931
|switch|p2a: Heatran|Heatran, F|100/100
|switch|p1a: Ferrothorn|Ferrothorn, M|100/100
|
|upkeep
|turn|2
|
|t:|1641885939
|switch|p1a: Celesteela|Celesteela|100/100
|move|p2a: Heatran|Stealth Rock|p1a: Celesteela
|-sidestart|p1: qian_23|move: Stealth Rock
|
|upkeep
|turn|3
|
|t:|1641885947
|switch|p2a: Rillaboom|Rillaboom, M|100/100
|-fieldstart|move: Grassy Terrain|[from] ability: Grassy Surge|[of] p2a: Rillaboom
|move|p1a: Celesteela|Earthquake|p2a: Rillaboom
|-resisted|p2a: Rillaboom
|-damage|p2a: Rillaboom|95/100
|
|-heal|p2a: Rillaboom|100/100|[from] Grassy Terrain
|upkeep
|turn|4
|
|t:|1641885957
|move|p2a: Rillaboom|Knock Off|p1a: Celesteela
|-damage|p1a: Celesteela|76/100
|-enditem|p1a: Celesteela|Leftovers|[from] move: Knock Off|[of] p2a: Rillaboom
|move|p1a: Celesteela|Flamethrower|p2a: Rillaboom
|-supereffective|p2a: Rillaboom
|-damage|p2a: Rillaboom|58/100
|
|-heal|p2a: Rillaboom|64/100|[from] Grassy Terrain
|-heal|p2a: Rillaboom|71/100|[from] item: Leftovers
|upkeep
|turn|5
|
|t:|1641885969
|switch|p2a: Slowking|Slowking-Galar, F|100/100
|move|p1a: Celesteela|Flamethrower|p2a: Slowking
|-damage|p2a: Slowking|89/100
|
|-heal|p2a: Slowking|95/100|[from] Grassy Terrain
|upkeep
|turn|6
|
|t:|1641885978
|move|p1a: Celesteela|Leech Seed|p2a: Slowking
|-start|p2a: Slowking|move: Leech Seed
|move|p2a: Slowking|Future Sight|p1a: Celesteela
|-start|p2a: Slowking|move: Future Sight
|
|-heal|p2a: Slowking|100/100|[from] Grassy Terrain
|-damage|p2a: Slowking|88/100|[from] Leech Seed|[of] p1a: Celesteela
|-heal|p1a: Celesteela|89/100|[silent]
|upkeep
|turn|7
|
|t:|1641885987
|move|p1a: Celesteela|Flamethrower|p2a: Slowking
|-damage|p2a: Slowking|77/100
|move|p2a: Slowking|Flamethrower|p1a: Celesteela
|-supereffective|p1a: Celesteela
|-crit|p1a: Celesteela
|-damage|p1a: Celesteela|30/100
|-status|p1a: Celesteela|brn
|
|-heal|p2a: Slowking|83/100|[from] Grassy Terrain
|-damage|p2a: Slowking|71/100|[from] Leech Seed|[of] p1a: Celesteela
|-heal|p1a: Celesteela|43/100 brn|[silent]
|-damage|p1a: Celesteela|37/100 brn|[from] brn
|-fieldend|move: Grassy Terrain
|upkeep
|turn|8
|
|t:|1641886002
|move|p1a: Celesteela|Protect|p1a: Celesteela
|-singleturn|p1a: Celesteela|Protect
|move|p2a: Slowking|Flamethrower|p1a: Celesteela
|-activate|p1a: Celesteela|move: Protect
|
|-end|p1a: Celesteela|move: Future Sight
|-resisted|p1a: Celesteela
|-damage|p1a: Celesteela|16/100 brn
|-damage|p2a: Slowking|58/100|[from] Leech Seed|[of] p1a: Celesteela
|-heal|p1a: Celesteela|28/100 brn|[silent]
|-damage|p1a: Celesteela|22/100 brn|[from] brn
|upkeep
|turn|9
|
|t:|1641886017
|move|p1a: Celesteela|Earthquake|p2a: Slowking
|-supereffective|p2a: Slowking
|-damage|p2a: Slowking|35/100
|move|p2a: Slowking|Future Sight|p1a: Celesteela
|-start|p2a: Slowking|move: Future Sight
|
|-damage|p2a: Slowking|23/100|[from] Leech Seed|[of] p1a: Celesteela
|-heal|p1a: Celesteela|35/100 brn|[silent]
|-damage|p1a: Celesteela|29/100 brn|[from] brn
|upkeep
|turn|10
|
|t:|1641886034
|switch|p2a: Urshifu|Urshifu-Rapid-Strike, M|100/100
|move|p1a: Celesteela|Leech Seed|p2a: Urshifu
|-start|p2a: Urshifu|move: Leech Seed
|
|-damage|p2a: Urshifu|88/100|[from] Leech Seed|[of] p1a: Celesteela
|-heal|p1a: Celesteela|39/100 brn|[silent]
|-damage|p1a: Celesteela|33/100 brn|[from] brn
|upkeep
|turn|11
|
|t:|1641886044
|move|p1a: Celesteela|Protect|p1a: Celesteela
|-singleturn|p1a: Celesteela|Protect
|move|p2a: Urshifu|Close Combat|p1a: Celesteela
|-damage|p1a: Celesteela|0 fnt
|-unboost|p2a: Urshifu|def|1
|-unboost|p2a: Urshifu|spd|1
|faint|p1a: Celesteela
|
|-hint|Future Sight did not hit because the target is fainted.
|upkeep
|
|t:|1641886055
|switch|p1a: Dragapult|Dragapult, F|100/100
|-damage|p1a: Dragapult|88/100|[from] Stealth Rock
|turn|12
|
|t:|1641886105
|switch|p2a: Landorus|Landorus-Therian, M|100/100
|-ability|p2a: Landorus|Intimidate|boost
|-unboost|p1a: Dragapult|atk|1
|move|p1a: Dragapult|Shadow Ball|p2a: Landorus
|-damage|p2a: Landorus|35/100
|
|-heal|p2a: Landorus|41/100|[from] item: Leftovers
|upkeep
|turn|13
|
|t:|1641886116
|switch|p2a: Clefable|Clefable, F|100/100
|move|p1a: Dragapult|Shadow Ball|p2a: Clefable
|-damage|p2a: Clefable|66/100
|
|-heal|p2a: Clefable|72/100|[from] item: Leftovers
|upkeep
|turn|14
|
|t:|1641886127
|switch|p1a: Toxapex|Toxapex, M|100/100
|-damage|p1a: Toxapex|88/100|[from] Stealth Rock
|move|p2a: Clefable|Wish|p2a: Clefable
|
|-heal|p2a: Clefable|78/100|[from] item: Leftovers
|-heal|p1a: Toxapex|94/100|[from] item: Black Sludge
|upkeep
|turn|15
|
|t:|1641886137
|switch|p2a: Slowking|Slowking-Galar, F|56/100
|move|p1a: Toxapex|Toxic Spikes|p2a: Slowking
|-sidestart|p2: Awavia|move: Toxic Spikes
|
|-heal|p2a: Slowking|100/100|[from] move: Wish|[wisher] Clefable
|-heal|p1a: Toxapex|99/100|[from] item: Black Sludge
|upkeep
|turn|16
|
|t:|1641886146
|move|p1a: Toxapex|Toxic Spikes|p2a: Slowking
|-sidestart|p2: Awavia|move: Toxic Spikes
|move|p2a: Slowking|Future Sight|p1a: Toxapex
|-start|p2a: Slowking|move: Future Sight
|
|-heal|p1a: Toxapex|100/100|[from] item: Black Sludge
|upkeep
|turn|17
|
|t:|1641886154
|switch|p2a: Clefable|Clefable, F|78/100
|-status|p2a: Clefable|tox
|move|p1a: Toxapex|Scald|p2a: Clefable
|-damage|p2a: Clefable|67/100 tox
|
|-heal|p2a: Clefable|73/100 tox|[from] item: Leftovers
|upkeep
|turn|18
|
|t:|1641886165
|switch|p2a: Slowking|Slowking-Galar, F|100/100
|-sideend|p2: Awavia|move: Toxic Spikes|[of] p2a: Slowking
|switch|p1a: Blissey|Blissey, F|100/100
|
|-end|p1a: Blissey|move: Future Sight
|-damage|p1a: Blissey|79/100
|upkeep
|turn|19
|
|t:|1641886177
|switch|p2a: Clefable|Clefable, F|73/100 tox
|move|p1a: Blissey|Wish|p1a: Blissey
|
|-heal|p2a: Clefable|79/100 tox|[from] item: Leftovers
|upkeep
|turn|20
|
|t:|1641886192
|switch|p1a: Landorus|Landorus-Therian, M|100/100
|-damage|p1a: Landorus|88/100|[from] Stealth Rock
|-ability|p1a: Landorus|Intimidate|boost
|-unboost|p2a: Clefable|atk|1
|move|p2a: Clefable|Wish|p2a: Clefable
|
|-heal|p1a: Landorus|100/100|[from] move: Wish|[wisher] Blissey
|-heal|p2a: Clefable|86/100 tox|[from] item: Leftovers
|upkeep
|turn|21
|
|t:|1641886206
|switch|p2a: Landorus|Landorus-Therian, M|41/100
|-ability|p2a: Landorus|Intimidate|boost
|-unboost|p1a: Landorus|atk|1
|move|p1a: Landorus|Knock Off|p2a: Landorus
|-damage|p2a: Landorus|15/100
|-enditem|p2a: Landorus|Leftovers|[from] move: Knock Off|[of] p1a: Landorus
|
|-heal|p2a: Landorus|71/100|[from] move: Wish|[wisher] Clefable
|upkeep
|turn|22
|
|t:|1641886227
|switch|p2a: Urshifu|Urshifu-Rapid-Strike, M|88/100
|move|p1a: Landorus|Defog|p2a: Urshifu
|-unboost|p2a: Urshifu|evasion|1
|-sideend|p1: qian_23|Stealth Rock|[from] move: Defog|[of] p1a: Landorus
|
|upkeep
|turn|23
|
|t:|1641886238
|switch|p2a: Heatran|Heatran, F|100/100
|switch|p1a: Ferrothorn|Ferrothorn, M|100/100
|
|upkeep
|turn|24
|
|t:|1641886247
|switch|p2a: Slowking|Slowking-Galar, F|100/100
|switch|p1a: Landorus|Landorus-Therian, M|100/100
|-ability|p1a: Landorus|Intimidate|boost
|-unboost|p2a: Slowking|atk|1
|
|upkeep
|turn|25
|
|t:|1641886257
|switch|p2a: Urshifu|Urshifu-Rapid-Strike, M|88/100
|move|p1a: Landorus|Knock Off|p2a: Urshifu
|-resisted|p2a: Urshifu
|-damage|p2a: Urshifu|71/100
|-enditem|p2a: Urshifu|Choice Band|[from] move: Knock Off|[of] p1a: Landorus
|
|upkeep
|turn|26
|
|t:|1641886269
|switch|p2a: Slowking|Slowking-Galar, F|100/100
|switch|p1a: Ferrothorn|Ferrothorn, M|100/100
|
|upkeep
|turn|27
|
|t:|1641886279
|switch|p1a: Toxapex|Toxapex, M|100/100
|move|p2a: Slowking|Future Sight|p1a: Toxapex
|-start|p2a: Slowking|move: Future Sight
|
|upkeep
|turn|28
|
|t:|1641886285
|move|p1a: Toxapex|Toxic Spikes|p2a: Slowking
|-sidestart|p2: Awavia|move: Toxic Spikes
|move|p2a: Slowking|Scald|p1a: Toxapex
|-resisted|p1a: Toxapex
|-damage|p1a: Toxapex|90/100
|-status|p1a: Toxapex|brn
|
|-heal|p1a: Toxapex|96/100 brn|[from] item: Black Sludge
|-damage|p1a: Toxapex|90/100 brn|[from] brn
|upkeep
|turn|29
|
|t:|1641886297
|switch|p1a: Blissey|Blissey, F|79/100
|switch|p2a: Clefable|Clefable, F|86/100 tox
|
|-end|p1a: Blissey|move: Future Sight
|-damage|p1a: Blissey|57/100
|-heal|p2a: Clefable|92/100 tox|[from] item: Leftovers
|upkeep
|turn|30
|
|t:|1641886309
|move|p2a: Clefable|Wish|p2a: Clefable
|move|p1a: Blissey|Aromatherapy|p1a: Blissey
|-activate|p1a: Blissey|move: Aromatherapy
|-curestatus|p1: Toxapex|brn|[msg]
|
|-heal|p2a: Clefable|98/100 tox|[from] item: Leftovers
|upkeep
|turn|31
|
|t:|1641886331
|switch|p2a: Slowking|Slowking-Galar, F|100/100
|-sideend|p2: Awavia|move: Toxic Spikes|[of] p2a: Slowking
|move|p1a: Blissey|Wish|p1a: Blissey
|
|upkeep
|turn|32
|
|t:|1641886339
|switch|p1a: Dragapult|Dragapult, F|88/100
|switch|p2a: Clefable|Clefable, F|98/100 tox
|
|-heal|p1a: Dragapult|100/100|[from] move: Wish|[wisher] Blissey
|-heal|p2a: Clefable|100/100 tox|[from] item: Leftovers
|upkeep
|turn|33
|
|t:|1641886350
|move|p1a: Dragapult|Shadow Ball|p2a: Clefable
|-damage|p2a: Clefable|68/100 tox
|move|p2a: Clefable|Wish|p2a: Clefable
|
|-heal|p2a: Clefable|74/100 tox|[from] item: Leftovers
|upkeep
|turn|34
|
|t:|1641886358
|move|p1a: Dragapult|Shadow Ball|p2a: Clefable
|-damage|p2a: Clefable|39/100 tox
|move|p2a: Clefable|Moonblast|p1a: Dragapult
|-supereffective|p1a: Dragapult
|-damage|p1a: Dragapult|12/100
|
|-heal|p2a: Clefable|89/100 tox|[from] move: Wish|[wisher] Clefable
|-heal|p2a: Clefable|95/100 tox|[from] item: Leftovers
|upkeep
|turn|35
|
|t:|1641886371
|switch|p1a: Ferrothorn|Ferrothorn, M|100/100
|move|p2a: Clefable|Wish|p2a: Clefable
|
|-heal|p2a: Clefable|100/100 tox|[from] item: Leftovers
|upkeep
|turn|36
|
|t:|1641886386
|switch|p2a: Urshifu|Urshifu-Rapid-Strike, M|71/100
|move|p1a: Ferrothorn|Leech Seed|p2a: Urshifu
|-start|p2a: Urshifu|move: Leech Seed
|
|-heal|p2a: Urshifu|100/100|[from] move: Wish|[wisher] Clefable
|-damage|p2a: Urshifu|88/100|[from] Leech Seed|[of] p1a: Ferrothorn
|upkeep
|turn|37
|
|t:|1641886397
|switch|p2a: Clefable|Clefable, F|100/100 tox
|switch|p1a: Dragapult|Dragapult, F|12/100
|
|upkeep
|turn|38
|
|t:|1641886414
|switch|p1a: Ferrothorn|Ferrothorn, M|100/100
|move|p2a: Clefable|Wish|p2a: Clefable
|
|upkeep
|turn|39
|
|t:|1641886421
|switch|p2a: Landorus|Landorus-Therian, M|71/100
|-ability|p2a: Landorus|Intimidate|boost
|-unboost|p1a: Ferrothorn|atk|1
|move|p1a: Ferrothorn|Leech Seed|p2a: Landorus|[miss]
|-miss|p1a: Ferrothorn|p2a: Landorus
|
|-heal|p2a: Landorus|100/100|[from] move: Wish|[wisher] Clefable
|upkeep
|turn|40
|
|t:|1641886431
|switch|p2a: Heatran|Heatran, F|100/100
|move|p1a: Ferrothorn|Spikes|p2a: Heatran
|-sidestart|p2: Awavia|Spikes
|
|upkeep
|turn|41
|
|t:|1641886438
|switch|p1a: Landorus|Landorus-Therian, M|100/100
|-ability|p1a: Landorus|Intimidate|boost
|-unboost|p2a: Heatran|atk|1
|move|p2a: Heatran|Stealth Rock|p1a: Landorus
|-sidestart|p1: qian_23|move: Stealth Rock
|
|upkeep
|turn|42
|
|t:|1641886447
|switch|p2a: Urshifu|Urshifu-Rapid-Strike, M|88/100
|-damage|p2a: Urshifu|76/100|[from] Spikes
|move|p1a: Landorus|Earthquake|p2a: Urshifu
|-damage|p2a: Urshifu|23/100
|
|upkeep
|turn|43
|
|t:|1641886462
|switch|p2a: Clefable|Clefable, F|100/100 tox
|switch|p1a: Ferrothorn|Ferrothorn, M|100/100
|-damage|p1a: Ferrothorn|94/100|[from] Stealth Rock
|
|upkeep
|turn|44
|
|t:|1641886471
|move|p2a: Clefable|Wish|p2a: Clefable
|move|p1a: Ferrothorn|Spikes|p2a: Clefable
|-sidestart|p2: Awavia|Spikes
|
|upkeep
|turn|45
|
|t:|1641886476
|switch|p2a: Urshifu|Urshifu-Rapid-Strike, M|23/100
|-damage|p2a: Urshifu|7/100|[from] Spikes
|move|p1a: Ferrothorn|Body Press|p2a: Urshifu
|-damage|p2a: Urshifu|0 fnt
|faint|p2a: Urshifu
|
|upkeep
|
|t:|1641886481
|switch|p2a: Heatran|Heatran, F|100/100
|-damage|p2a: Heatran|84/100|[from] Spikes
|turn|46
|
|t:|1641886489
|switch|p2a: Rillaboom|Rillaboom, M|71/100
|-damage|p2a: Rillaboom|54/100|[from] Spikes
|-fieldstart|move: Grassy Terrain|[from] ability: Grassy Surge|[of] p2a: Rillaboom
|switch|p1a: Landorus|Landorus-Therian, M|100/100
|-damage|p1a: Landorus|88/100|[from] Stealth Rock
|-ability|p1a: Landorus|Intimidate|boost
|-unboost|p2a: Rillaboom|atk|1
|
|-heal|p1a: Landorus|94/100|[from] item: Leftovers
|-heal|p2a: Rillaboom|60/100|[from] Grassy Terrain
|-heal|p2a: Rillaboom|66/100|[from] item: Leftovers
|upkeep
|turn|47
|
|t:|1641886505
|move|p2a: Rillaboom|Fake Out|p1a: Landorus
|-damage|p1a: Landorus|84/100
|cant|p1a: Landorus|flinch
|
|-heal|p1a: Landorus|90/100|[from] item: Leftovers
|-heal|p2a: Rillaboom|73/100|[from] Grassy Terrain
|-heal|p2a: Rillaboom|79/100|[from] item: Leftovers
|upkeep
|turn|48
|
|t:|1641886516
|switch|p2a: Landorus|Landorus-Therian, M|100/100
|-ability|p2a: Landorus|Intimidate|boost
|-unboost|p1a: Landorus|atk|1
|move|p1a: Landorus|U-turn|p2a: Landorus
|-resisted|p2a: Landorus
|-damage|p2a: Landorus|91/100
|
|t:|1641886530
|switch|p1a: Ferrothorn|Ferrothorn, M|94/100|[from]move: U-turn
|-damage|p1a: Ferrothorn|88/100|[from] Stealth Rock
|
|-heal|p1a: Ferrothorn|94/100|[from] Grassy Terrain
|upkeep
|turn|49
|
|t:|1641886539
|switch|p2a: Heatran|Heatran, F|84/100
|-damage|p2a: Heatran|67/100|[from] Spikes
|move|p1a: Ferrothorn|Spikes|p2a: Heatran
|-sidestart|p2: Awavia|Spikes
|
|-heal|p2a: Heatran|74/100|[from] Grassy Terrain
|-heal|p2a: Heatran|80/100|[from] item: Leftovers
|-heal|p1a: Ferrothorn|100/100|[from] Grassy Terrain
|upkeep
|turn|50
|
|t:|1641886550
|move|p2a: Heatran|Toxic|p1a: Ferrothorn
|-immune|p1a: Ferrothorn
|move|p1a: Ferrothorn|Leech Seed|p2a: Heatran
|-start|p2a: Heatran|move: Leech Seed
|
|-heal|p2a: Heatran|86/100|[from] Grassy Terrain
|-heal|p2a: Heatran|92/100|[from] item: Leftovers
|-damage|p2a: Heatran|80/100|[from] Leech Seed|[of] p1a: Ferrothorn
|-fieldend|move: Grassy Terrain
|upkeep
|turn|51
|
|t:|1641886563
|switch|p2a: Slowking|Slowking-Galar, F|100/100
|-damage|p2a: Slowking|76/100|[from] Spikes
|switch|p1a: Landorus|Landorus-Therian, M|90/100
|-damage|p1a: Landorus|78/100|[from] Stealth Rock
|-ability|p1a: Landorus|Intimidate|boost
|-unboost|p2a: Slowking|atk|1
|
|-heal|p1a: Landorus|84/100|[from] item: Leftovers
|upkeep
|turn|52
|
|t:|1641886576
|switch|p2a: Landorus|Landorus-Therian, M|91/100
|-ability|p2a: Landorus|Intimidate|boost
|-unboost|p1a: Landorus|atk|1
|move|p1a: Landorus|Knock Off|p2a: Landorus
|-damage|p2a: Landorus|75/100
|
|-heal|p1a: Landorus|90/100|[from] item: Leftovers
|upkeep
|turn|53
|
|t:|1641886590
|move|p2a: Landorus|U-turn|p1a: Landorus
|-resisted|p1a: Landorus
|-damage|p1a: Landorus|75/100
|
|t:|1641886592
|switch|p2a: Slowking|Slowking-Galar, F|100/100|[from]move: U-turn
|-damage|p2a: Slowking|76/100|[from] Spikes
|move|p1a: Landorus|U-turn|p2a: Slowking
|-damage|p2a: Slowking|59/100
|
|t:|1641886604
|switch|p1a: Ferrothorn|Ferrothorn, M|100/100|[from]move: U-turn
|-damage|p1a: Ferrothorn|94/100|[from] Stealth Rock
|
|upkeep
|turn|54
|
|t:|1641886611
|move|p2a: Slowking|Flamethrower|p1a: Ferrothorn
|-supereffective|p1a: Ferrothorn
|-damage|p1a: Ferrothorn|9/100
|move|p1a: Ferrothorn|Leech Seed|p2a: Slowking
|-start|p2a: Slowking|move: Leech Seed
|
|-damage|p2a: Slowking|46/100|[from] Leech Seed|[of] p1a: Ferrothorn
|-heal|p1a: Ferrothorn|23/100|[silent]
|upkeep
|turn|55
|
|t:|1641886621
|switch|p2a: Landorus|Landorus-Therian, M|75/100
|-ability|p2a: Landorus|Intimidate|boost
|-unboost|p1a: Ferrothorn|atk|1
|switch|p1a: Blissey|Blissey, F|57/100
|
|upkeep
|turn|56
|
|t:|1641886630
|move|p2a: Landorus|Knock Off|p1a: Blissey
|-damage|p1a: Blissey|27/100
|-enditem|p1a: Blissey|Heavy-Duty Boots|[from] move: Knock Off|[of] p2a: Landorus
|move|p1a: Blissey|Soft-Boiled|p1a: Blissey
|-heal|p1a: Blissey|77/100
|
|upkeep
|turn|57
|
|t:|1641886647
|switch|p2a: Slowking|Slowking-Galar, F|79/100
|-damage|p2a: Slowking|55/100|[from] Spikes
|move|p1a: Blissey|Toxic|p2a: Slowking
|-immune|p2a: Slowking
|
|upkeep
|turn|58
|
|t:|1641886656
|move|p1a: Blissey|Wish|p1a: Blissey
|move|p2a: Slowking|Future Sight|p1a: Blissey
|-start|p2a: Slowking|move: Future Sight
|
|upkeep
|turn|59
|
|t:|1641886665
|move|p1a: Blissey|Toxic|p2a: Slowking
|-immune|p2a: Slowking
|move|p2a: Slowking|Flamethrower|p1a: Blissey
|-damage|p1a: Blissey|65/100
|
|-heal|p1a: Blissey|100/100|[from] move: Wish|[wisher] Blissey
|upkeep
|turn|60
|
|t:|1641886675
|move|p1a: Blissey|Wish|p1a: Blissey
|move|p2a: Slowking|Future Sight||[still]
|-fail|p2a: Slowking
|
|-end|p1a: Blissey|move: Future Sight
|-damage|p1a: Blissey|79/100
|upkeep
|turn|61
|
|t:|1641886684
|switch|p1a: Landorus|Landorus-Therian, M|75/100
|-damage|p1a: Landorus|63/100|[from] Stealth Rock
|-ability|p1a: Landorus|Intimidate|boost
|-unboost|p2a: Slowking|atk|1
|switch|p2a: Clefable|Clefable, F|100/100 tox
|
|-heal|p1a: Landorus|100/100|[from] move: Wish|[wisher] Blissey
|upkeep
|turn|62
|
|t:|1641886698
|move|p1a: Landorus|Knock Off|p2a: Clefable
|-resisted|p2a: Clefable
|-damage|p2a: Clefable|79/100 tox
|-enditem|p2a: Clefable|Leftovers|[from] move: Knock Off|[of] p1a: Landorus
|move|p2a: Clefable|Wish|p2a: Clefable
|
|upkeep
|turn|63
|
|t:|1641886714
|move|p1a: Landorus|Earthquake|p2a: Clefable
|-damage|p2a: Clefable|12/100 tox
|move|p2a: Clefable|Toxic|p1a: Landorus|[miss]
|-miss|p2a: Clefable|p1a: Landorus
|
|-heal|p2a: Clefable|62/100 tox|[from] move: Wish|[wisher] Clefable
|upkeep
|turn|64
|
|t:|1641886729
|move|p2a: Clefable|Protect|p2a: Clefable
|-singleturn|p2a: Clefable|Protect
|move|p1a: Landorus|U-turn|p2a: Clefable
|-activate|p2a: Clefable|move: Protect
|
|upkeep
|turn|65
|
|t:|1641886736
|move|p1a: Landorus|Earthquake|p2a: Clefable
|-damage|p2a: Clefable|0 fnt
|faint|p2a: Clefable
|
|upkeep
|
|t:|1641886741
|switch|p2a: Landorus|Landorus-Therian, M|75/100
|-ability|p2a: Landorus|Intimidate|boost
|-unboost|p1a: Landorus|atk|1
|turn|66
|
|t:|1641886746
|move|p2a: Landorus|Defog|p1a: Landorus
|-unboost|p1a: Landorus|evasion|1
|-sideend|p1: qian_23|Stealth Rock|[from] move: Defog|[of] p2a: Landorus
|-sideend|p2: Awavia|Spikes|[from] move: Defog|[of] p2a: Landorus
|move|p1a: Landorus|U-turn|p2a: Landorus
|-resisted|p2a: Landorus
|-damage|p2a: Landorus|66/100
|
|t:|1641886753
|switch|p1a: Dragapult|Dragapult, F|12/100|[from]move: U-turn
|
|upkeep
|turn|67
|
|t:|1641886758
|move|p1a: Dragapult|Draco Meteor|p2a: Landorus
|-damage|p2a: Landorus|0 fnt
|-unboost|p1a: Dragapult|spa|2
|faint|p2a: Landorus
|
|upkeep
|
|t:|1641886762
|switch|p2a: Rillaboom|Rillaboom, M|79/100
|-fieldstart|move: Grassy Terrain|[from] ability: Grassy Surge|[of] p2a: Rillaboom
|turn|68
|
|t:|1641886770
|switch|p1a: Ferrothorn|Ferrothorn, M|23/100
|move|p2a: Rillaboom|Grassy Glide|p1a: Ferrothorn
|-resisted|p1a: Ferrothorn
|-damage|p1a: Ferrothorn|16/100
|-damage|p2a: Rillaboom|66/100|[from] ability: Iron Barbs|[of] p1a: Ferrothorn
|-damage|p2a: Rillaboom|50/100|[from] item: Rocky Helmet|[of] p1a: Ferrothorn
|
|-heal|p2a: Rillaboom|56/100|[from] Grassy Terrain
|-heal|p2a: Rillaboom|62/100|[from] item: Leftovers
|-heal|p1a: Ferrothorn|22/100|[from] Grassy Terrain
|upkeep
|turn|69
|
|t:|1641886787
|switch|p2a: Heatran|Heatran, F|80/100
|move|p1a: Ferrothorn|Spikes|p2a: Heatran
|-sidestart|p2: Awavia|Spikes
|
|-heal|p2a: Heatran|86/100|[from] Grassy Terrain
|-heal|p2a: Heatran|92/100|[from] item: Leftovers
|-heal|p1a: Ferrothorn|28/100|[from] Grassy Terrain
|upkeep
|turn|70
|
|t:|1641886808
|switch|p1a: Blissey|Blissey, F|79/100
|move|p2a: Heatran|Toxic|p1a: Blissey
|-status|p1a: Blissey|tox
|
|-heal|p2a: Heatran|98/100|[from] Grassy Terrain
|-heal|p2a: Heatran|100/100|[from] item: Leftovers
|-heal|p1a: Blissey|85/100 tox|[from] Grassy Terrain
|-damage|p1a: Blissey|79/100 tox|[from] psn
|upkeep
|turn|71
|
|t:|1641886813
|switch|p2a: Slowking|Slowking-Galar, F|88/100
|-damage|p2a: Slowking|75/100|[from] Spikes
|move|p1a: Blissey|Wish|p1a: Blissey
|
|-heal|p1a: Blissey|85/100 tox|[from] Grassy Terrain
|-heal|p2a: Slowking|81/100|[from] Grassy Terrain
|-damage|p1a: Blissey|72/100 tox|[from] psn
|upkeep
|turn|72
|
|t:|1641886825
|-curestatus|p1a: Blissey|tox|[from] ability: Natural Cure
|switch|p1a: Landorus|Landorus-Therian, M|100/100
|-ability|p1a: Landorus|Intimidate|boost
|-unboost|p2a: Slowking|atk|1
|move|p2a: Slowking|Future Sight|p1a: Landorus
|-start|p2a: Slowking|move: Future Sight
|
|-heal|p2a: Slowking|88/100|[from] Grassy Terrain
|-fieldend|move: Grassy Terrain
|upkeep
|turn|73
|
|t:|1641886836
|switch|p2a: Rillaboom|Rillaboom, M|62/100
|-damage|p2a: Rillaboom|50/100|[from] Spikes
|-fieldstart|move: Grassy Terrain|[from] ability: Grassy Surge|[of] p2a: Rillaboom
|move|p1a: Landorus|Earthquake|p2a: Rillaboom
|-resisted|p2a: Rillaboom
|-damage|p2a: Rillaboom|35/100
|
|-heal|p2a: Rillaboom|41/100|[from] Grassy Terrain
|-heal|p2a: Rillaboom|47/100|[from] item: Leftovers
|upkeep
|turn|74
|
|t:|1641886849
|switch|p1a: Ferrothorn|Ferrothorn, M|28/100
|switch|p2a: Slowking|Slowking-Galar, F|100/100
|-damage|p2a: Slowking|88/100|[from] Spikes
|
|-end|p1a: Ferrothorn|move: Future Sight
|-resisted|p1a: Ferrothorn
|-crit|p1a: Ferrothorn
|-damage|p1a: Ferrothorn|0 fnt
|faint|p1a: Ferrothorn
|-heal|p2a: Slowking|94/100|[from] Grassy Terrain
|upkeep
|
|t:|1641886864
|switch|p1a: Dragapult|Dragapult, F|12/100
|turn|75
|
|t:|1641886872
|move|p1a: Dragapult|Shadow Ball|p2a: Slowking
|-supereffective|p2a: Slowking
|-damage|p2a: Slowking|34/100
|move|p2a: Slowking|Sludge Bomb|p1a: Dragapult
|-resisted|p1a: Dragapult
|-damage|p1a: Dragapult|0 fnt
|faint|p1a: Dragapult
|
|-heal|p2a: Slowking|40/100|[from] Grassy Terrain
|upkeep
|
|t:|1641886884
|switch|p1a: Landorus|Landorus-Therian, M|100/100
|-ability|p1a: Landorus|Intimidate|boost
|-unboost|p2a: Slowking|atk|1
|turn|76
|
|t:|1641886891
|switch|p2a: Rillaboom|Rillaboom, M|47/100
|-damage|p2a: Rillaboom|35/100|[from] Spikes
|move|p1a: Landorus|Knock Off|p2a: Rillaboom
|-damage|p2a: Rillaboom|0 fnt
|-enditem|p2a: Rillaboom|Leftovers|[from] move: Knock Off|[of] p1a: Landorus
|faint|p2a: Rillaboom
|
|upkeep
|
|t:|1641886897
|switch|p2a: Slowking|Slowking-Galar, F|74/100
|-damage|p2a: Slowking|61/100|[from] Spikes
|turn|77
|
|t:|1641886904
|move|p1a: Landorus|Earthquake|p2a: Slowking
|-supereffective|p2a: Slowking
|-damage|p2a: Slowking|3/100
|move|p2a: Slowking|Scald|p1a: Landorus
|-supereffective|p1a: Landorus
|-damage|p1a: Landorus|26/100
|
|-heal|p1a: Landorus|32/100|[from] item: Leftovers
|-heal|p2a: Slowking|9/100|[from] Grassy Terrain
|-fieldend|move: Grassy Terrain
|upkeep
|turn|78
|
|t:|1641886915
|switch|p2a: Heatran|Heatran, F|100/100
|-damage|p2a: Heatran|88/100|[from] Spikes
|move|p1a: Landorus|Earthquake|p2a: Heatran
|-supereffective|p2a: Heatran
|-crit|p2a: Heatran
|-damage|p2a: Heatran|0 fnt
|faint|p2a: Heatran
|
|-heal|p1a: Landorus|38/100|[from] item: Leftovers
|upkeep
|
|t:|1641886917
|switch|p2a: Slowking|Slowking-Galar, F|43/100
|-damage|p2a: Slowking|30/100|[from] Spikes
|turn|79
|
|t:|1641886930
|move|p1a: Landorus|Earthquake|p2a: Slowking
|-supereffective|p2a: Slowking
|-damage|p2a: Slowking|0 fnt
|faint|p2a: Slowking
|
|win|qian_23
|raw|qian_23's rating: 1277 &rarr; <strong>1311</strong><br />(+34 for winning)
|raw|Awavia's rating: 1407 &rarr; <strong>1380</strong><br />(-27 for losing)
|l|☆Awavia
