|j|☆DumbLick1337
|j|☆LiIIy
|t:|1641844001
|gametype|singles
|player|p1|DumbLick1337|102|1347
|player|p2|LiIIy|preschooler|1322
|teamsize|p1|6
|teamsize|p2|6
|gen|8
|tier|[Gen 8] OU
|rated|
|rule|Sleep Clause Mod: Limit one foe put to sleep
|rule|Species Clause: Limit one of each Pokémon
|rule|OHKO Clause: OHKO moves are banned
|rule|Evasion Moves Clause: Evasion moves are banned
|rule|Endless Battle Clause: Forcing endless battles is banned
|rule|HP Percentage Mod: HP is shown in percentages
|rule|Dynamax Clause: You cannot dynamax
|clearpoke
|poke|p1|Rotom-Heat|
|poke|p1|Corviknight, M|
|poke|p1|Clefable, M|
|poke|p1|Seismitoad, F|
|poke|p1|Hydreigon, F|
|poke|p1|Gyarados, F|
|poke|p2|Weezing-Galar, M|
|poke|p2|Conkeldurr, F|
|poke|p2|Gengar, M|
|poke|p2|Blaziken, M|
|poke|p2|Zeraora|
|poke|p2|Tornadus-Therian, M|
|teampreview
|c|☆DumbLick1337|hf
|inactive|Battle timer is ON: inactive players will automatically lose when time's up. (requested by DumbLick1337)
|
|t:|1641844016
|start
|switch|p1a: Clefable|Clefable, M|100/100
|switch|p2a: Weezing|Weezing-Galar, M|100/100
|-ability|p2a: Weezing|Neutralizing Gas
|turn|1
|c|☆LiIIy|U 2
|j| haywirehax
|
|t:|1641844029
|-end|p2a: Weezing|ability: Neutralizing Gas
|switch|p2a: Gengar|Gengar, M|100/100
|move|p1a: Clefable|Calm Mind|p1a: Clefable
|-boost|p1a: Clefable|spa|1
|-boost|p1a: Clefable|spd|1
|
|upkeep
|turn|2
|
|t:|1641844040
|move|p1a: Clefable|Protect|p1a: Clefable
|-singleturn|p1a: Clefable|Protect
|move|p2a: Gengar|Trick|p1a: Clefable
|-activate|p1a: Clefable|move: Protect
|
|upkeep
|turn|3
|
|t:|1641844043
|move|p2a: Gengar|Trick|p1a: Clefable
|-activate|p2a: Gengar|move: Trick|[of] p1a: Clefable
|-item|p1a: Clefable|Choice Scarf|[from] move: Trick
|-item|p2a: Gengar|Leftovers|[from] move: Trick
|move|p1a: Clefable|Moonblast|p2a: Gengar
|-resisted|p2a: Gengar
|-damage|p2a: Gengar|64/100
|-start|p1a: Clefable|Disable|Moonblast|[from] ability: Cursed Body|[of] p2a: Gengar
|
|-heal|p2a: Gengar|70/100|[from] item: Leftovers
|upkeep
|turn|4
|
|t:|1641844050
|switch|p1a: Seismitoad|Seismitoad, F|100/100
|move|p2a: Gengar|Sludge Wave|p1a: Seismitoad
|-resisted|p1a: Seismitoad
|-damage|p1a: Seismitoad|75/100
|
|-heal|p2a: Gengar|76/100|[from] item: Leftovers
|-heal|p1a: Seismitoad|81/100|[from] item: Leftovers
|upkeep
|turn|5
|
|t:|1641844059
|switch|p2a: Tornadus|Tornadus-Therian, M|100/100
|move|p1a: Seismitoad|Earthquake|p2a: Tornadus
|-immune|p2a: Tornadus
|
|-heal|p1a: Seismitoad|87/100|[from] item: Leftovers
|upkeep
|turn|6
|
|t:|1641844064
|move|p2a: Tornadus|Hurricane|p1a: Seismitoad
|-crit|p1a: Seismitoad
|-damage|p1a: Seismitoad|0 fnt
|faint|p1a: Seismitoad
|
|upkeep
|
|t:|1641844064
|switch|p1a: Clefable|Clefable, M|100/100
|turn|7
|
|t:|1641844068
|move|p2a: Tornadus|U-turn|p1a: Clefable
|-resisted|p1a: Clefable
|-damage|p1a: Clefable|95/100
|
|t:|1641844077
|switch|p2a: Weezing|Weezing-Galar, M|100/100|[from]move: U-turn
|-ability|p2a: Weezing|Neutralizing Gas
|move|p1a: Clefable|Moonblast|p2a: Weezing
|-resisted|p2a: Weezing
|-damage|p2a: Weezing|78/100
|
|-heal|p2a: Weezing|84/100|[from] item: Black Sludge
|upkeep
|turn|8
|
|t:|1641844081
|switch|p1a: rotomheat|Rotom-Heat|100/100
|move|p2a: Weezing|Will-O-Wisp|p1a: rotomheat
|-immune|p1a: rotomheat
|
|-heal|p2a: Weezing|90/100|[from] item: Black Sludge
|upkeep
|turn|9
|
|t:|1641844088
|move|p2a: Weezing|Protect|p2a: Weezing
|-singleturn|p2a: Weezing|Protect
|move|p1a: rotomheat|Thunderbolt|p2a: Weezing
|-activate|p2a: Weezing|move: Protect
|
|-heal|p2a: Weezing|96/100|[from] item: Black Sludge
|upkeep
|turn|10
|
|t:|1641844093
|move|p1a: rotomheat|Thunderbolt|p2a: Weezing
|-damage|p2a: Weezing|40/100
|-status|p2a: Weezing|par
|move|p2a: Weezing|Strange Steam|p1a: rotomheat
|-resisted|p1a: rotomheat
|-damage|p1a: rotomheat|83/100
|
|-heal|p2a: Weezing|46/100 par|[from] item: Black Sludge
|upkeep
|turn|11
|
|t:|1641844097
|-end|p2a: Weezing|ability: Neutralizing Gas
|switch|p2a: Zeraora|Zeraora|100/100
|move|p1a: rotomheat|Thunderbolt|p2a: Zeraora
|-immune|p2a: Zeraora|[from] ability: Volt Absorb
|
|upkeep
|turn|12
|
|t:|1641844102
|switch|p1a: Clefable|Clefable, M|95/100
|move|p2a: Zeraora|Volt Switch|p1a: Clefable
|-damage|p1a: Clefable|75/100
|
|t:|1641844108
|switch|p2a: Gengar|Gengar, M|76/100|[from]move: Volt Switch
|
|-heal|p2a: Gengar|82/100|[from] item: Leftovers
|upkeep
|turn|13
|
|t:|1641844109
|move|p1a: Clefable|Protect|p1a: Clefable
|-singleturn|p1a: Clefable|Protect
|move|p2a: Gengar|Sludge Wave|p1a: Clefable
|-activate|p1a: Clefable|move: Protect
|
|-heal|p2a: Gengar|89/100|[from] item: Leftovers
|upkeep
|turn|14
|
|t:|1641844112
|switch|p1a: Hydreigon|Hydreigon, F|100/100
|move|p2a: Gengar|Shadow Ball|p1a: Hydreigon
|-resisted|p1a: Hydreigon
|-damage|p1a: Hydreigon|75/100
|
|-heal|p2a: Gengar|95/100|[from] item: Leftovers
|upkeep
|turn|15
|
|t:|1641844118
|switch|p2a: Weezing|Weezing-Galar, M|46/100 par
|-ability|p2a: Weezing|Neutralizing Gas
|move|p1a: Hydreigon|Draco Meteor|p2a: Weezing
|-immune|p2a: Weezing
|
|-heal|p2a: Weezing|52/100 par|[from] item: Black Sludge
|upkeep
|turn|16
|
|t:|1641844122
|switch|p1a: Clefable|Clefable, M|75/100
|move|p2a: Weezing|Will-O-Wisp|p1a: Clefable
|-status|p1a: Clefable|brn
|
|-heal|p2a: Weezing|58/100 par|[from] item: Black Sludge
|-damage|p1a: Clefable|69/100 brn|[from] brn
|upkeep
|turn|17
|
|t:|1641844125
|move|p1a: Clefable|Calm Mind|p1a: Clefable
|-boost|p1a: Clefable|spa|1
|-boost|p1a: Clefable|spd|1
|cant|p2a: Weezing|par
|
|-heal|p2a: Weezing|64/100 par|[from] item: Black Sludge
|-damage|p1a: Clefable|63/100 brn|[from] brn
|upkeep
|turn|18
|
|t:|1641844128
|switch|p1a: Hydreigon|Hydreigon, F|75/100
|move|p2a: Weezing|Strange Steam|p1a: Hydreigon
|-supereffective|p1a: Hydreigon
|-damage|p1a: Hydreigon|0 fnt
|faint|p1a: Hydreigon
|
|-heal|p2a: Weezing|70/100 par|[from] item: Black Sludge
|upkeep
|
|t:|1641844128
|switch|p1a: rotomheat|Rotom-Heat|83/100
|turn|19
|
|t:|1641844131
|move|p1a: rotomheat|Thunderbolt|p2a: Weezing
|-damage|p2a: Weezing|16/100 par
|move|p2a: Weezing|Strange Steam|p1a: rotomheat
|-resisted|p1a: rotomheat
|-damage|p1a: rotomheat|65/100
|-start|p1a: rotomheat|confusion
|
|-heal|p2a: Weezing|22/100 par|[from] item: Black Sludge
|upkeep
|turn|20
|
|t:|1641844136
|-activate|p1a: rotomheat|confusion
|move|p1a: rotomheat|Thunderbolt|p2a: Weezing
|-damage|p2a: Weezing|0 fnt
|faint|p2a: Weezing
|-end|p2a: Weezing|ability: Neutralizing Gas
|
|upkeep
|
|t:|1641844152
|switch|p2a: Gengar|Gengar, M|95/100
|turn|21
|
|t:|1641844154
|switch|p1a: Clefable|Clefable, M|63/100 brn
|move|p2a: Gengar|Sludge Wave|p1a: Clefable
|-supereffective|p1a: Clefable
|-damage|p1a: Clefable|0 fnt
|faint|p1a: Clefable
|
|-heal|p2a: Gengar|100/100|[from] item: Leftovers
|upkeep
|
|t:|1641844154
|switch|p1a: Corviknight|Corviknight, M|100/100
|-ability|p1a: Corviknight|Pressure
|turn|22
|
|t:|1641844157
|move|p2a: Gengar|Shadow Ball|p1a: Corviknight
|-damage|p1a: Corviknight|65/100
|move|p1a: Corviknight|Brave Bird|p2a: Gengar
|-damage|p2a: Gengar|30/100
|-damage|p1a: Corviknight|50/100|[from] Recoil
|
|-heal|p2a: Gengar|36/100|[from] item: Leftovers
|-heal|p1a: Corviknight|56/100|[from] item: Leftovers
|upkeep
|turn|23
|
|t:|1641844165
|move|p2a: Gengar|Shadow Ball|p1a: Corviknight
|-damage|p1a: Corviknight|24/100
|move|p1a: Corviknight|Brave Bird|p2a: Gengar
|-damage|p2a: Gengar|0 fnt
|faint|p2a: Gengar
|-damage|p1a: Corviknight|16/100|[from] Recoil
|
|-heal|p1a: Corviknight|22/100|[from] item: Leftovers
|upkeep
|
|t:|1641844171
|switch|p2a: Zeraora|Zeraora|100/100
|turn|24
|
|t:|1641844173
|move|p2a: Zeraora|Volt Switch|p1a: Corviknight
|-supereffective|p1a: Corviknight
|-damage|p1a: Corviknight|0 fnt
|faint|p1a: Corviknight
|
|t:|1641844176
|switch|p2a: Conkeldurr|Conkeldurr, F|100/100|[from]move: Volt Switch
|
|-status|p2a: Conkeldurr|brn|[from] item: Flame Orb
|upkeep
|
|t:|1641844176
|switch|p1a: rotomheat|Rotom-Heat|65/100
|turn|25
|
|t:|1641844178
|move|p1a: rotomheat|Thunderbolt|p2a: Conkeldurr
|-damage|p2a: Conkeldurr|43/100 brn
|move|p2a: Conkeldurr|Facade|p1a: rotomheat
|-damage|p1a: rotomheat|0 fnt
|faint|p1a: rotomheat
|
|-damage|p2a: Conkeldurr|37/100 brn|[from] brn
|upkeep
|
|t:|1641844178
|switch|p1a: Gyarados|Gyarados, F|100/100
|turn|26
|
|t:|1641844180
|move|p1a: Gyarados|Earthquake|p2a: Conkeldurr
|-damage|p2a: Conkeldurr|0 fnt
|faint|p2a: Conkeldurr
|-ability|p1a: Gyarados|Moxie|boost
|-boost|p1a: Gyarados|atk|1
|
|upkeep
|
|t:|1641844183
|switch|p2a: Zeraora|Zeraora|100/100
|turn|27
|
|t:|1641844184
|move|p2a: Zeraora|Volt Switch|p1a: Gyarados
|-supereffective|p1a: Gyarados
|-damage|p1a: Gyarados|6/100
|
|t:|1641844187
|switch|p2a: Tornadus|Tornadus-Therian, M|100/100|[from]move: Volt Switch
|move|p1a: Gyarados|Waterfall|p2a: Tornadus
|-damage|p2a: Tornadus|28/100
|
|-heal|p1a: Gyarados|12/100|[from] item: Leftovers
|upkeep
|turn|28
|
|t:|1641844196
|move|p2a: Tornadus|U-turn|p1a: Gyarados
|-resisted|p1a: Gyarados
|-damage|p1a: Gyarados|3/100
|
|t:|1641844198
|switch|p2a: Blaziken|Blaziken, M|100/100|[from]move: U-turn
|move|p1a: Gyarados|Waterfall|p2a: Blaziken
|-supereffective|p2a: Blaziken
|-damage|p2a: Blaziken|0 fnt
|faint|p2a: Blaziken
|-ability|p1a: Gyarados|Moxie|boost
|-boost|p1a: Gyarados|atk|1
|
|-heal|p1a: Gyarados|9/100|[from] item: Leftovers
|upkeep
|
|t:|1641844200
|switch|p2a: Zeraora|Zeraora|100/100
|turn|29
|
|t:|1641844202
|move|p2a: Zeraora|Volt Switch|p1a: Gyarados
|-supereffective|p1a: Gyarados
|-damage|p1a: Gyarados|0 fnt
|faint|p1a: Gyarados
|
|win|LiIIy
|raw|DumbLick1337's rating: 1347 &rarr; <strong>1326</strong><br />(-21 for losing)
|raw|LiIIy's rating: 1322 &rarr; <strong>1343</strong><br />(+21 for winning)
|c|☆DumbLick1337|gg
