|j|☆imantipoetic
|j|☆lolageness
|t:|1641744679
|gametype|singles
|player|p1|imantipoetic|volkner|1302
|player|p2|lolageness|gentleman-gen4dp|1319
|teamsize|p1|6
|teamsize|p2|6
|gen|8
|tier|[Gen 8] OU
|rated|
|rule|Sleep Clause Mod: Limit one foe put to sleep
|rule|Species Clause: Limit one of each Pokémon
|rule|OHKO Clause: OHKO moves are banned
|rule|Evasion Moves Clause: Evasion moves are banned
|rule|Endless Battle Clause: Forcing endless battles is banned
|rule|HP Percentage Mod: HP is shown in percentages
|rule|Dynamax Clause: You cannot dynamax
|clearpoke
|poke|p1|Chansey, F|
|poke|p1|Dragapult, M|
|poke|p1|Urshifu-*, M|
|poke|p1|Landorus-Therian, M|
|poke|p1|Slowbro, M|
|poke|p1|Skarmory, M|
|poke|p2|Rillaboom, F|
|poke|p2|Blaziken, F|
|poke|p2|Registeel|
|poke|p2|Gengar, M|
|poke|p2|Seismitoad, F|
|poke|p2|Crustle, M|
|teampreview
|inactive|Battle timer is ON: inactive players will automatically lose when time's up. (requested by lolageness)
|inactive|imantipoetic also wants the timer to be on.
|c|☆lolageness|Hello! :D
|
|t:|1641744705
|start
|switch|p1a: Urshifu|Urshifu-Rapid-Strike, M|100/100
|switch|p2a: candy|Rillaboom, F|100/100
|-fieldstart|move: Grassy Terrain|[from] ability: Grassy Surge|[of] p2a: candy
|-enditem|p2a: candy|Grassy Seed
|-boost|p2a: candy|def|1|[from] item: Grassy Seed
|turn|1
|
|t:|1641744714
|switch|p1a: Skarmory|Skarmory, M, shiny|100/100
|move|p2a: candy|Grassy Glide|p1a: Skarmory
|-resisted|p1a: Skarmory
|-damage|p1a: Skarmory|92/100
|-damage|p2a: candy|84/100|[from] item: Rocky Helmet|[of] p1a: Skarmory
|
|-heal|p2a: candy|90/100|[from] Grassy Terrain
|upkeep
|turn|2
|
|t:|1641744727
|move|p2a: candy|Swords Dance|p2a: candy
|-boost|p2a: candy|atk|2
|move|p1a: Skarmory|Body Press|p2a: candy
|-damage|p2a: candy|66/100
|
|-heal|p2a: candy|72/100|[from] Grassy Terrain
|upkeep
|turn|3
|
|t:|1641744731
|move|p2a: candy|Drain Punch|p1a: Skarmory
|-damage|p1a: Skarmory|59/100
|-heal|p2a: candy|88/100|[from] drain|[of] p1a: Skarmory
|-damage|p2a: candy|71/100|[from] item: Rocky Helmet|[of] p1a: Skarmory
|move|p1a: Skarmory|Iron Defense|p1a: Skarmory
|-boost|p1a: Skarmory|def|2
|
|-heal|p2a: candy|78/100|[from] Grassy Terrain
|upkeep
|turn|4
|
|t:|1641744735
|move|p2a: candy|Swords Dance|p2a: candy
|-boost|p2a: candy|atk|2
|move|p1a: Skarmory|Roost|p1a: Skarmory
|-heal|p1a: Skarmory|100/100
|-singleturn|p1a: Skarmory|move: Roost
|
|-heal|p2a: candy|84/100|[from] Grassy Terrain
|upkeep
|turn|5
|
|t:|1641744738
|move|p2a: candy|Drain Punch|p1a: Skarmory
|-damage|p1a: Skarmory|76/100
|-heal|p2a: candy|96/100|[from] drain|[of] p1a: Skarmory
|-damage|p2a: candy|79/100|[from] item: Rocky Helmet|[of] p1a: Skarmory
|move|p1a: Skarmory|Iron Defense|p1a: Skarmory
|-boost|p1a: Skarmory|def|2
|
|-heal|p2a: candy|86/100|[from] Grassy Terrain
|-fieldend|move: Grassy Terrain
|upkeep
|turn|6
|
|t:|1641744743
|move|p2a: candy|Swords Dance|p2a: candy
|-boost|p2a: candy|atk|2
|move|p1a: Skarmory|Body Press|p2a: candy
|-damage|p2a: candy|10/100
|
|upkeep
|turn|7
|
|t:|1641744745
|move|p2a: candy|Drain Punch|p1a: Skarmory
|-damage|p1a: Skarmory|54/100
|-heal|p2a: candy|21/100|[from] drain|[of] p1a: Skarmory
|-damage|p2a: candy|4/100|[from] item: Rocky Helmet|[of] p1a: Skarmory
|move|p1a: Skarmory|Roost|p1a: Skarmory
|-heal|p1a: Skarmory|100/100
|-singleturn|p1a: Skarmory|move: Roost
|
|upkeep
|turn|8
|
|t:|1641744753
|move|p2a: candy|Drain Punch|p1a: Skarmory
|-damage|p1a: Skarmory|79/100
|-heal|p2a: candy|15/100|[from] drain|[of] p1a: Skarmory
|-damage|p2a: candy|0 fnt|[from] item: Rocky Helmet|[of] p1a: Skarmory
|faint|p2a: candy
|move|p1a: Skarmory|Roost|p1a: Skarmory
|-heal|p1a: Skarmory|100/100
|-singleturn|p1a: Skarmory|move: Roost
|
|upkeep
|c|☆lolageness|only that much?
|
|t:|1641744759
|switch|p2a: embargo|Blaziken, F|100/100
|turn|9
|
|t:|1641744764
|switch|p1a: Slowbro|Slowbro, M, shiny|100/100
|move|p2a: embargo|Swords Dance|p2a: embargo
|-boost|p2a: embargo|atk|2
|
|-ability|p2a: embargo|Speed Boost|boost
|-boost|p2a: embargo|spe|1
|upkeep
|turn|10
|
|t:|1641744770
|move|p2a: embargo|Swords Dance|p2a: embargo
|-boost|p2a: embargo|atk|2
|move|p1a: Slowbro|Scald|p2a: embargo
|-supereffective|p2a: embargo
|-damage|p2a: embargo|22/100
|
|-ability|p2a: embargo|Speed Boost|boost
|-boost|p2a: embargo|spe|1
|upkeep
|turn|11
|
|t:|1641744772
|move|p2a: embargo|Blaze Kick|p1a: Slowbro
|-resisted|p1a: Slowbro
|-damage|p1a: Slowbro|61/100
|-damage|p2a: embargo|6/100|[from] item: Rocky Helmet|[of] p1a: Slowbro
|move|p1a: Slowbro|Scald|p2a: embargo
|-supereffective|p2a: embargo
|-damage|p2a: embargo|0 fnt
|faint|p2a: embargo
|
|upkeep
|
|t:|1641744781
|switch|p2a: Grinightmare|Gengar, M, shiny|100/100
|turn|12
|
|t:|1641744788
|switch|p1a: Chansey|Chansey, F, shiny|100/100
|move|p2a: Grinightmare|Thunderbolt|p1a: Chansey
|-damage|p1a: Chansey|90/100
|-status|p1a: Chansey|par
|
|upkeep
|turn|13
|
|t:|1641744804
|move|p2a: Grinightmare|Thunderbolt|p1a: Chansey
|-damage|p1a: Chansey|79/100 par
|move|p1a: Chansey|Teleport|p1a: Chansey
|
|t:|1641744807
|-curestatus|p1a: Chansey|par|[from] ability: Natural Cure
|switch|p1a: Dragapult|Dragapult, M, shiny|100/100|[from]move: Teleport
|
|upkeep
|turn|14
|
|t:|1641744815
|switch|p2a: un un un|Registeel|100/100
|move|p1a: Dragapult|Shadow Ball|p2a: un un un
|-damage|p2a: un un un|65/100
|
|upkeep
|turn|15
|
|t:|1641744829
|switch|p1a: Skarmory|Skarmory, M, shiny|100/100
|switch|p2a: Grinightmare|Gengar, M, shiny|100/100
|
|upkeep
|turn|16
|
|t:|1641744836
|switch|p1a: Chansey|Chansey, F, shiny|79/100
|move|p2a: Grinightmare|Thunderbolt|p1a: Chansey
|-crit|p1a: Chansey
|-damage|p1a: Chansey|63/100
|
|upkeep
|turn|17
|
|t:|1641744842
|move|p2a: Grinightmare|Thunderbolt|p1a: Chansey
|-damage|p1a: Chansey|52/100
|move|p1a: Chansey|Teleport|p1a: Chansey
|
|t:|1641744845
|switch|p1a: Dragapult|Dragapult, M, shiny|100/100|[from]move: Teleport
|
|upkeep
|turn|18
|
|t:|1641744856
|switch|p2a: cap'n|Seismitoad, F|100/100
|move|p1a: Dragapult|Shadow Ball|p2a: cap'n
|-damage|p2a: cap'n|65/100
|
|upkeep
|turn|19
|
|t:|1641744867
|switch|p1a: Slowbro|Slowbro, M, shiny|95/100
|move|p2a: cap'n|Liquidation|p1a: Slowbro
|-resisted|p1a: Slowbro
|-damage|p1a: Slowbro|84/100
|-status|p1a: Slowbro|psn|[from] ability: Poison Touch|[of] p2a: cap'n
|-damage|p2a: cap'n|48/100|[from] item: Rocky Helmet|[of] p1a: Slowbro
|
|-damage|p1a: Slowbro|71/100 psn|[from] psn
|upkeep
|turn|20
|
|t:|1641744892
|move|p2a: cap'n|Rock Slide|p1a: Slowbro
|-crit|p1a: Slowbro
|-damage|p1a: Slowbro|52/100 psn
|cant|p1a: Slowbro|flinch
|
|-damage|p1a: Slowbro|40/100 psn|[from] psn
|upkeep
|turn|21
|
|t:|1641744899
|move|p2a: cap'n|Rock Slide|p1a: Slowbro
|-damage|p1a: Slowbro|26/100 psn
|move|p1a: Slowbro|Slack Off|p1a: Slowbro
|-heal|p1a: Slowbro|76/100 psn
|
|-damage|p1a: Slowbro|64/100 psn|[from] psn
|upkeep
|turn|22
|
|t:|1641744905
|switch|p2a: Grinightmare|Gengar, M, shiny|100/100
|move|p1a: Slowbro|Slack Off|p1a: Slowbro
|-heal|p1a: Slowbro|100/100 psn
|
|-damage|p1a: Slowbro|88/100 psn|[from] psn
|upkeep
|turn|23
|
|t:|1641744917
|switch|p1a: Chansey|Chansey, F, shiny|52/100
|move|p2a: Grinightmare|Shadow Ball|p1a: Chansey
|-immune|p1a: Chansey
|
|upkeep
|turn|24
|
|t:|1641744922
|switch|p2a: un un un|Registeel|65/100
|move|p1a: Chansey|Soft-Boiled|p1a: Chansey
|-heal|p1a: Chansey|100/100
|
|upkeep
|turn|25
|
|t:|1641744926
|move|p2a: un un un|Iron Defense|p2a: un un un
|-boost|p2a: un un un|def|2
|move|p1a: Chansey|Teleport|p1a: Chansey
|
|t:|1641744936
|switch|p1a: Landorus|Landorus-Therian, M, shiny|100/100|[from]move: Teleport
|-ability|p1a: Landorus|Intimidate|boost
|-fail|p2a: un un un|unboost|[from] ability: Clear Body|[of] p2a: un un un
|
|upkeep
|turn|26
|
|t:|1641744939
|move|p1a: Landorus|Earthquake|p2a: un un un
|-supereffective|p2a: un un un
|-damage|p2a: un un un|8/100
|move|p2a: un un un|Iron Defense|p2a: un un un
|-boost|p2a: un un un|def|2
|
|upkeep
|turn|27
|
|t:|1641744944
|move|p1a: Landorus|Earthquake|p2a: un un un
|-supereffective|p2a: un un un
|-damage|p2a: un un un|0 fnt
|faint|p2a: un un un
|
|upkeep
|-message|lolageness forfeited.
|
|win|imantipoetic
|raw|imantipoetic's rating: 1302 &rarr; <strong>1323</strong><br />(+21 for winning)
|raw|lolageness's rating: 1319 &rarr; <strong>1298</strong><br />(-21 for losing)
|l|☆lolageness
