|j|☆Keiran74
|j|☆funtasia
|t:|1641815575
|gametype|singles
|player|p1|Keiran74|102|1567
|player|p2|funtasia|265|1582
|teamsize|p1|6
|teamsize|p2|6
|gen|8
|tier|[Gen 8] OU
|rated|
|rule|Sleep Clause Mod: Limit one foe put to sleep
|rule|Species Clause: Limit one of each Pokémon
|rule|OHKO Clause: OHKO moves are banned
|rule|Evasion Moves Clause: Evasion moves are banned
|rule|Endless Battle Clause: Forcing endless battles is banned
|rule|HP Percentage Mod: HP is shown in percentages
|rule|Dynamax Clause: You cannot dynamax
|clearpoke
|poke|p1|Weavile, M|
|poke|p1|Slowbro, M|
|poke|p1|Gengar, F|
|poke|p1|Urshifu-*, M|
|poke|p1|Zapdos|
|poke|p1|Landorus-Therian, M|
|poke|p2|Kartana|
|poke|p2|Blissey, F|
|poke|p2|Heatran, F|
|poke|p2|Dragapult, M|
|poke|p2|Tornadus-Therian, M|
|poke|p2|Blacephalon|
|teampreview
|inactive|Battle timer is ON: inactive players will automatically lose when time's up. (requested by funtasia)
|
|t:|1641815599
|start
|switch|p1a: Gengar|Gengar, F|100/100
|switch|p2a: Heatran|Heatran, F|100/100
|-item|p2a: Heatran|Air Balloon
|turn|1
|
|t:|1641815609
|switch|p1a: Slowbro|Slowbro, M|100/100
|move|p2a: Heatran|Earth Power|p1a: Slowbro
|-damage|p1a: Slowbro|66/100
|
|upkeep
|turn|2
|
|t:|1641815613
|move|p2a: Heatran|Stealth Rock|p1a: Slowbro
|-sidestart|p1: Keiran74|move: Stealth Rock
|move|p1a: Slowbro|Teleport|p1a: Slowbro
|
|t:|1641815616
|switch|p1a: Urshifu|Urshifu-Rapid-Strike, M|100/100|[from]move: Teleport
|-damage|p1a: Urshifu|94/100|[from] Stealth Rock
|
|upkeep
|turn|3
|
|t:|1641815627
|switch|p2a: Dragapult|Dragapult, M|100/100
|move|p1a: Urshifu|U-turn|p2a: Dragapult
|-resisted|p2a: Dragapult
|-damage|p2a: Dragapult|77/100
|
|t:|1641815632
|switch|p1a: Zapdos|Zapdos|100/100|[from]move: U-turn
|
|-heal|p2a: Dragapult|83/100|[from] item: Leftovers
|upkeep
|turn|4
|
|t:|1641815639
|move|p2a: Dragapult|Dragon Dance|p2a: Dragapult
|-boost|p2a: Dragapult|atk|1
|-boost|p2a: Dragapult|spe|1
|move|p1a: Zapdos|Defog|p2a: Dragapult
|-fail|p2a: Dragapult|unboost|[from] ability: Clear Body|[of] p2a: Dragapult
|-sideend|p1: Keiran74|Stealth Rock|[from] move: Defog|[of] p1a: Zapdos
|
|-heal|p2a: Dragapult|89/100|[from] item: Leftovers
|upkeep
|turn|5
|
|t:|1641815648
|switch|p1a: Landorus|Landorus-Therian, M|100/100
|-ability|p1a: Landorus|Intimidate|boost
|-fail|p2a: Dragapult|unboost|[from] ability: Clear Body|[of] p2a: Dragapult
|move|p2a: Dragapult|Substitute|p2a: Dragapult
|-start|p2a: Dragapult|Substitute
|-damage|p2a: Dragapult|64/100
|
|-heal|p2a: Dragapult|70/100|[from] item: Leftovers
|upkeep
|turn|6
|
|t:|1641815652
|move|p2a: Dragapult|Dragon Darts|p1a: Landorus
|-damage|p1a: Landorus|66/100
|-anim|p2a: Dragapult|Dragon Darts|p1a: Landorus
|-damage|p1a: Landorus|28/100
|move|p1a: Landorus|Earthquake|p2a: Dragapult
|-end|p2a: Dragapult|Substitute
|
|-heal|p2a: Dragapult|76/100|[from] item: Leftovers
|-heal|p1a: Landorus|34/100|[from] item: Leftovers
|upkeep
|turn|7
|
|t:|1641815659
|move|p2a: Dragapult|Dragon Darts|p1a: Landorus
|-damage|p1a: Landorus|0 fnt
|faint|p1a: Landorus
|
|-heal|p2a: Dragapult|82/100|[from] item: Leftovers
|upkeep
|
|t:|1641815667
|switch|p1a: Weavile|Weavile, M|100/100
|-ability|p1a: Weavile|Pressure
|turn|8
|
|t:|1641815670
|move|p1a: Weavile|Ice Shard|p2a: Dragapult
|-supereffective|p2a: Dragapult
|-damage|p2a: Dragapult|5/100
|-damage|p1a: Weavile|91/100|[from] item: Life Orb
|move|p2a: Dragapult|Dragon Darts|p1a: Weavile
|-damage|p1a: Weavile|29/100
|-anim|p2a: Dragapult|Dragon Darts|p1a: Weavile
|-damage|p1a: Weavile|0 fnt
|faint|p1a: Weavile
|
|-heal|p2a: Dragapult|11/100|[from] item: Leftovers
|upkeep
|
|t:|1641815674
|switch|p1a: Urshifu|Urshifu-Rapid-Strike, M|94/100
|turn|9
|
|t:|1641815677
|switch|p2a: Kartana|Kartana|100/100
|move|p1a: Urshifu|Aqua Jet|p2a: Kartana
|-resisted|p2a: Kartana
|-damage|p2a: Kartana|85/100
|
|upkeep
|turn|10
|
|t:|1641815682
|switch|p2a: Dragapult|Dragapult, M|11/100
|switch|p1a: Zapdos|Zapdos|100/100
|
|-heal|p2a: Dragapult|17/100|[from] item: Leftovers
|upkeep
|turn|11
|
|t:|1641815687
|switch|p2a: Blissey|Blissey, F|100/100
|move|p1a: Zapdos|Thunderbolt|p2a: Blissey
|-damage|p2a: Blissey|86/100
|
|upkeep
|turn|12
|
|t:|1641815691
|switch|p1a: Urshifu|Urshifu-Rapid-Strike, M|94/100
|move|p2a: Blissey|Teleport|p2a: Blissey
|
|t:|1641815693
|switch|p2a: Kartana|Kartana|85/100|[from]move: Teleport
|
|upkeep
|turn|13
|
|t:|1641815698
|switch|p1a: Zapdos|Zapdos|100/100
|move|p2a: Kartana|Swords Dance|p2a: Kartana
|-boost|p2a: Kartana|atk|2
|
|upkeep
|turn|14
|
|t:|1641815701
|move|p2a: Kartana|Knock Off|p1a: Zapdos
|-damage|p1a: Zapdos|10/100
|-status|p2a: Kartana|par|[from] ability: Static|[of] p1a: Zapdos
|-enditem|p1a: Zapdos|Heavy-Duty Boots|[from] move: Knock Off|[of] p2a: Kartana
|-damage|p2a: Kartana|75/100 par|[from] item: Life Orb
|move|p1a: Zapdos|Heat Wave|p2a: Kartana
|-supereffective|p2a: Kartana
|-damage|p2a: Kartana|0 fnt
|faint|p2a: Kartana
|
|upkeep
|
|t:|1641815706
|switch|p2a: Tornadus|Tornadus-Therian, M|100/100
|turn|15
|
|t:|1641815712
|move|p2a: Tornadus|Sludge Bomb|p1a: Zapdos
|-damage|p1a: Zapdos|0 fnt
|faint|p1a: Zapdos
|
|upkeep
|
|t:|1641815720
|switch|p1a: Gengar|Gengar, F|100/100
|turn|16
|
|t:|1641815732
|move|p1a: Gengar|Sludge Wave|p2a: Tornadus
|-damage|p2a: Tornadus|32/100
|move|p2a: Tornadus|Hurricane|p1a: Gengar
|-damage|p1a: Gengar|18/100
|
|upkeep
|turn|17
|
|t:|1641815748
|switch|p1a: Urshifu|Urshifu-Rapid-Strike, M|94/100
|switch|p2a: Dragapult|Dragapult, M|17/100
|
|-heal|p2a: Dragapult|23/100|[from] item: Leftovers
|upkeep
|turn|18
|
|t:|1641815754
|move|p1a: Urshifu|Aqua Jet|p2a: Dragapult
|-resisted|p2a: Dragapult
|-damage|p2a: Dragapult|2/100
|move|p2a: Dragapult|Dragon Darts|p1a: Urshifu
|-damage|p1a: Urshifu|71/100
|-anim|p2a: Dragapult|Dragon Darts|p1a: Urshifu
|-damage|p1a: Urshifu|48/100
|
|-heal|p2a: Dragapult|8/100|[from] item: Leftovers
|upkeep
|turn|19
|
|t:|1641815761
|switch|p2a: Blissey|Blissey, F|86/100
|move|p1a: Urshifu|Aqua Jet|p2a: Blissey
|-crit|p2a: Blissey
|-damage|p2a: Blissey|45/100
|
|upkeep
|turn|20
|
|t:|1641815767
|move|p1a: Urshifu|Aqua Jet|p2a: Blissey
|-damage|p2a: Blissey|17/100
|move|p2a: Blissey|Soft-Boiled|p2a: Blissey
|-heal|p2a: Blissey|67/100
|
|upkeep
|turn|21
|
|t:|1641815779
|move|p1a: Urshifu|Aqua Jet|p2a: Blissey
|-damage|p2a: Blissey|37/100
|move|p2a: Blissey|Healing Wish|p2a: Blissey
|faint|p2a: Blissey
|
|upkeep
|
|t:|1641815781
|switch|p2a: Dragapult|Dragapult, M|8/100
|-heal|p2a: Dragapult|100/100|[from] move: Healing Wish
|turn|22
|
|t:|1641815788
|switch|p1a: Slowbro|Slowbro, M|99/100
|move|p2a: Dragapult|Dragon Dance|p2a: Dragapult
|-boost|p2a: Dragapult|atk|1
|-boost|p2a: Dragapult|spe|1
|
|upkeep
|turn|23
|
|t:|1641815793
|move|p2a: Dragapult|Substitute|p2a: Dragapult
|-start|p2a: Dragapult|Substitute
|-damage|p2a: Dragapult|76/100
|move|p1a: Slowbro|Future Sight|p2a: Dragapult
|-start|p1a: Slowbro|move: Future Sight
|
|-heal|p2a: Dragapult|82/100|[from] item: Leftovers
|upkeep
|turn|24
|
|t:|1641815795
|move|p2a: Dragapult|Phantom Force||[still]
|-prepare|p2a: Dragapult|Phantom Force
|move|p1a: Slowbro|Scald|p2a: Dragapult|[miss]
|-miss|p1a: Slowbro|p2a: Dragapult
|
|-heal|p2a: Dragapult|88/100|[from] item: Leftovers
|upkeep
|turn|25
|
|t:|1641815800
|move|p2a: Dragapult|Phantom Force|p1a: Slowbro|[from]lockedmove
|-supereffective|p1a: Slowbro
|-damage|p1a: Slowbro|27/100
|-damage|p2a: Dragapult|71/100|[from] item: Rocky Helmet|[of] p1a: Slowbro
|move|p1a: Slowbro|Scald|p2a: Dragapult
|-resisted|p2a: Dragapult
|-crit|p2a: Dragapult
|-end|p2a: Dragapult|Substitute
|
|-end|p2a: Dragapult|move: Future Sight
|-damage|p2a: Dragapult|14/100
|-heal|p2a: Dragapult|20/100|[from] item: Leftovers
|upkeep
|turn|26
|
|t:|1641815818
|move|p2a: Dragapult|Dragon Darts|p1a: Slowbro
|-damage|p1a: Slowbro|7/100
|-anim|p2a: Dragapult|Dragon Darts|p1a: Slowbro
|-damage|p1a: Slowbro|0 fnt
|faint|p1a: Slowbro
|
|-heal|p2a: Dragapult|26/100|[from] item: Leftovers
|upkeep
|
|t:|1641815821
|switch|p1a: Urshifu|Urshifu-Rapid-Strike, M|48/100
|turn|27
|
|t:|1641815825
|move|p1a: Urshifu|Aqua Jet|p2a: Dragapult
|-resisted|p2a: Dragapult
|-damage|p2a: Dragapult|3/100
|move|p2a: Dragapult|Dragon Darts|p1a: Urshifu
|-damage|p1a: Urshifu|13/100
|-anim|p2a: Dragapult|Dragon Darts|p1a: Urshifu
|-damage|p1a: Urshifu|0 fnt
|faint|p1a: Urshifu
|
|-heal|p2a: Dragapult|9/100|[from] item: Leftovers
|upkeep
|
|t:|1641815828
|switch|p1a: Gengar|Gengar, F|18/100
|turn|28
|
|t:|1641815829
|move|p2a: Dragapult|Dragon Darts|p1a: Gengar
|-damage|p1a: Gengar|0 fnt
|faint|p1a: Gengar
|
|win|funtasia
|raw|Keiran74's rating: 1567 &rarr; <strong>1548</strong><br />(-19 for losing)
|raw|funtasia's rating: 1582 &rarr; <strong>1601</strong><br />(+19 for winning)
|l|☆Keiran74
