|j|☆ICrossI
|j|☆frxstyyy
|t:|1641840409
|gametype|singles
|player|p1|ICrossI|266|1266
|player|p2|frxstyyy|266|1217
|teamsize|p1|6
|teamsize|p2|6
|gen|8
|tier|[Gen 8] OU
|rated|
|rule|Sleep Clause Mod: Limit one foe put to sleep
|rule|Species Clause: Limit one of each Pokémon
|rule|OHKO Clause: OHKO moves are banned
|rule|Evasion Moves Clause: Evasion moves are banned
|rule|Endless Battle Clause: Forcing endless battles is banned
|rule|HP Percentage Mod: HP is shown in percentages
|rule|Dynamax Clause: You cannot dynamax
|clearpoke
|poke|p1|Heatran, F|
|poke|p1|Chansey, F|
|poke|p1|Vaporeon, F|
|poke|p1|Terrakion|
|poke|p1|Latios, M|
|poke|p1|Reuniclus, F|
|poke|p2|Tornadus-Therian, M|
|poke|p2|Ferrothorn, F|
|poke|p2|Rotom-Wash|
|poke|p2|Blacephalon|
|poke|p2|Weavile, F|
|poke|p2|Garchomp, F|
|teampreview
|inactive|Battle timer is ON: inactive players will automatically lose when time's up. (requested by frxstyyy)
|inactive|ICrossI has 120 seconds left.
|inactive|frxstyyy has 120 seconds left.
|
|t:|1641840462
|start
|switch|p1a: Heatran|Heatran, F|100/100
|switch|p2a: Weavile|Weavile, F|100/100
|-ability|p2a: Weavile|Pressure
|-item|p1a: Heatran|Air Balloon
|turn|1
|
|t:|1641840471
|move|p2a: Weavile|Knock Off|p1a: Heatran
|-damage|p1a: Heatran|59/100
|-enditem|p1a: Heatran|Air Balloon
|move|p1a: Heatran|Stealth Rock|p2a: Weavile
|-sidestart|p2: frxstyyy|move: Stealth Rock
|
|upkeep
|turn|2
|
|t:|1641840498
|switch|p2a: Tornadus|Tornadus-Therian, M|100/100
|move|p1a: Heatran|Lava Plume|p2a: Tornadus
|-damage|p2a: Tornadus|55/100
|
|upkeep
|turn|3
|inactive|ICrossI has 120 seconds left.
|
|t:|1641840549
|move|p2a: Tornadus|Defog|p1a: Heatran
|-unboost|p1a: Heatran|evasion|1
|-sideend|p2: frxstyyy|Stealth Rock|[from] move: Defog|[of] p2a: Tornadus
|move|p1a: Heatran|Flash Cannon|p2a: Tornadus
|-crit|p2a: Tornadus
|-damage|p2a: Tornadus|0 fnt
|faint|p2a: Tornadus
|
|upkeep
|c|☆frxstyyy|nice crit
|
|t:|1641840566
|switch|p2a: Garchomp|Garchomp, F|100/100
|turn|4
|
|t:|1641840581
|switch|p1a: Reuniclus|Reuniclus, F|100/100
|move|p2a: Garchomp|Swords Dance|p2a: Garchomp
|-boost|p2a: Garchomp|atk|2
|
|upkeep
|turn|5
|inactive|frxstyyy has 120 seconds left.
|
|t:|1641840618
|move|p2a: Garchomp|Scale Shot|p1a: Reuniclus
|-damage|p1a: Reuniclus|72/100
|-damage|p1a: Reuniclus|41/100
|-hitcount|p1a: Reuniclus|2
|-unboost|p2a: Garchomp|def|1
|-boost|p2a: Garchomp|spe|1
|move|p1a: Reuniclus|Reflect|p1a: Reuniclus
|-sidestart|p1: ICrossI|Reflect
|
|upkeep
|turn|6
|inactive|ICrossI has 90 seconds left.
|
|t:|1641840664
|switch|p1a: Vaporeon|Vaporeon, F|100/100
|move|p2a: Garchomp|Swords Dance|p2a: Garchomp
|-boost|p2a: Garchomp|atk|2
|
|upkeep
|turn|7
|inactive|frxstyyy has 120 seconds left.
|
|t:|1641840671
|move|p2a: Garchomp|Scale Shot|p1a: Vaporeon|[miss]
|-miss|p2a: Garchomp|p1a: Vaporeon
|move|p1a: Vaporeon|Roar|p2a: Garchomp
|drag|p2a: Blacephalon|Blacephalon|100/100
|
|upkeep
|turn|8
|inactive|frxstyyy has 120 seconds left.
|c|☆frxstyyy|NIC
|c|☆frxstyyy|NICE
|c|☆frxstyyy|90% ACC MOVE
|c|☆frxstyyy|MISSES
|
|t:|1641840705
|move|p2a: Blacephalon|Shadow Ball|p1a: Vaporeon
|-damage|p1a: Vaporeon|58/100
|-unboost|p1a: Vaporeon|spd|1
|move|p1a: Vaporeon|Scald|p2a: Blacephalon
|-supereffective|p2a: Blacephalon
|-crit|p2a: Blacephalon
|-damage|p2a: Blacephalon|0 fnt
|faint|p2a: Blacephalon
|
|-heal|p1a: Vaporeon|64/100|[from] item: Leftovers
|upkeep
|c|☆frxstyyy|nice
|c|☆frxstyyy|another crit
|
|t:|1641840714
|switch|p2a: Garchomp|Garchomp, F|100/100
|turn|9
|c|☆frxstyyy|so lucky
|inactive|ICrossI has 90 seconds left.
|c|☆ICrossI|You have to prepare for any contingency
|
|t:|1641840738
|move|p2a: Garchomp|Swords Dance|p2a: Garchomp
|-boost|p2a: Garchomp|atk|2
|move|p1a: Vaporeon|Wish|p1a: Vaporeon
|
|-heal|p1a: Vaporeon|70/100|[from] item: Leftovers
|upkeep
|turn|10
|
|t:|1641840761
|move|p2a: Garchomp|Scale Shot|p1a: Vaporeon
|-damage|p1a: Vaporeon|60/100
|-damage|p1a: Vaporeon|50/100
|-hitcount|p1a: Vaporeon|2
|-unboost|p2a: Garchomp|def|1
|-boost|p2a: Garchomp|spe|1
|move|p1a: Vaporeon|Scald|p2a: Garchomp
|-damage|p2a: Garchomp|65/100
|
|-heal|p1a: Vaporeon|99/100|[from] move: Wish|[wisher] Vaporeon
|-heal|p1a: Vaporeon|100/100|[from] item: Leftovers
|upkeep
|turn|11
|
|t:|1641840784
|move|p2a: Garchomp|Swords Dance|p2a: Garchomp
|-boost|p2a: Garchomp|atk|2
|move|p1a: Vaporeon|Roar|p2a: Garchomp
|drag|p2a: Weavile|Weavile, F|100/100
|-ability|p2a: Weavile|Pressure
|
|upkeep
|turn|12
|inactive|frxstyyy has 90 seconds left.
|
|t:|1641840819
|move|p2a: Weavile|Swords Dance|p2a: Weavile
|-boost|p2a: Weavile|atk|2
|move|p1a: Vaporeon|Wish|p1a: Vaporeon
|
|-sideend|p1: ICrossI|Reflect
|upkeep
|turn|13
|c|☆frxstyyy|your such a loser
|inactive|ICrossI has 60 seconds left.
|
|t:|1641840835
|switch|p1a: Heatran|Heatran, F|59/100
|move|p2a: Weavile|Swords Dance|p2a: Weavile
|-boost|p2a: Weavile|atk|2
|
|-heal|p1a: Heatran|100/100|[from] move: Wish|[wisher] Vaporeon
|upkeep
|turn|14
|
|t:|1641840851
|move|p2a: Weavile|Knock Off|p1a: Heatran
|-damage|p1a: Heatran|5/100
|move|p1a: Heatran|Lava Plume|p2a: Weavile
|-supereffective|p2a: Weavile
|-damage|p2a: Weavile|0 fnt
|faint|p2a: Weavile
|
|upkeep
|c|☆frxstyyy|so lucky
|inactive|frxstyyy has 90 seconds left.
|c|☆frxstyyy|literally rng
|c|☆frxstyyy|over and over again
|c|☆frxstyyy|three crits
|c|☆frxstyyy|and now 5%
|
|t:|1641840872
|switch|p2a: Garchomp|Garchomp, F|65/100
|turn|15
|
|t:|1641840891
|move|p2a: Garchomp|Scale Shot|p1a: Heatran
|-resisted|p1a: Heatran
|-damage|p1a: Heatran|0 fnt
|faint|p1a: Heatran
|-hitcount|p1: Heatran|1
|-unboost|p2a: Garchomp|def|1
|-boost|p2a: Garchomp|spe|1
|
|upkeep
|inactive|ICrossI has 60 seconds left.
|c|☆frxstyyy|so trash
|
|t:|1641840910
|switch|p1a: Terrakion|Terrakion|100/100
|turn|16
|
|t:|1641840914
|move|p1a: Terrakion|Sacred Sword|p2a: Garchomp
|-damage|p2a: Garchomp|20/100
|-damage|p1a: Terrakion|88/100|[from] ability: Rough Skin|[of] p2a: Garchomp
|move|p2a: Garchomp|Swords Dance|p2a: Garchomp
|-boost|p2a: Garchomp|atk|2
|
|upkeep
|turn|17
|c|☆frxstyyy|fcuking scarfed loser
|
|t:|1641840924
|move|p1a: Terrakion|Sacred Sword|p2a: Garchomp
|-damage|p2a: Garchomp|0 fnt
|-damage|p1a: Terrakion|76/100|[from] ability: Rough Skin|[of] p2a: Garchomp
|faint|p2a: Garchomp
|
|upkeep
|
|t:|1641840927
|switch|p2a: Rotom|Rotom-Wash|100/100
|turn|18
|c|☆frxstyyy|full defensive team
|c|☆ICrossI|You made a blunder
|inactive|ICrossI has 60 seconds left.
|
|t:|1641840954
|switch|p1a: Chansey|Chansey, F|100/100
|move|p2a: Rotom|Hydro Pump|p1a: Chansey|[miss]
|-miss|p2a: Rotom|p1a: Chansey
|
|upkeep
|turn|19
|c|☆frxstyyy|you just have good rng
|inactive|frxstyyy has 120 seconds left.
|c|☆frxstyyy|3 crits
|c|☆frxstyyy|90% move misses on u
|c|☆ICrossI|It actually alternates offense and defense
|c|☆frxstyyy|well all you
|inactive|frxstyyy has 90 seconds left.
|c|☆frxstyyy|you've been playing is defense
|c|☆frxstyyy|roar, reflect
|c|☆frxstyyy|wish
|c|☆frxstyyy|scald
|c|☆frxstyyy|all u used for offense was a scarfed mon
|inactive|frxstyyy has 60 seconds left.
|c|☆ICrossI|With two offensive Pokémon too
|c|☆frxstyyy|literally just good rng
|c|☆frxstyyy|3 crits and my moves miss on u
|
|t:|1641841037
|move|p2a: Rotom|Volt Switch|p1a: Chansey
|-damage|p1a: Chansey|94/100
|c|☆ICrossI|whivh means I’m limited
|
|t:|1641841040
|switch|p2a: Ferrothorn|Ferrothorn, F|100/100|[from]move: Volt Switch
|move|p1a: Chansey|Seismic Toss|p2a: Ferrothorn
|-damage|p2a: Ferrothorn|72/100
|-damage|p1a: Chansey|82/100|[from] ability: Iron Barbs|[of] p2a: Ferrothorn
|
|-heal|p2a: Ferrothorn|78/100|[from] item: Leftovers
|upkeep
|turn|20
|
|t:|1641841054
|switch|p1a: Reuniclus|Reuniclus, F|75/100
|move|p2a: Ferrothorn|Leech Seed|p1a: Reuniclus
|-start|p1a: Reuniclus|move: Leech Seed
|
|-heal|p2a: Ferrothorn|85/100|[from] item: Leftovers
|-damage|p1a: Reuniclus|62/100|[from] Leech Seed|[of] p2a: Ferrothorn
|-heal|p2a: Ferrothorn|98/100|[silent]
|upkeep
|turn|21
|inactive|frxstyyy has 60 seconds left.
|
|t:|1641841077
|move|p1a: Reuniclus|Reflect|p1a: Reuniclus
|-sidestart|p1: ICrossI|Reflect
|move|p2a: Ferrothorn|Stealth Rock|p1a: Reuniclus
|-sidestart|p1: ICrossI|move: Stealth Rock
|
|-heal|p2a: Ferrothorn|100/100|[from] item: Leftovers
|-damage|p1a: Reuniclus|50/100|[from] Leech Seed|[of] p2a: Ferrothorn
|upkeep
|turn|22
|c|☆frxstyyy|STILL PLAYING DEFENSIVE
|c|☆frxstyyy|WOW
|c|☆frxstyyy|you're a loser
|
|t:|1641841099
|move|p1a: Reuniclus|Focus Blast|p2a: Ferrothorn
|-supereffective|p2a: Ferrothorn
|-damage|p2a: Ferrothorn|41/100
|move|p2a: Ferrothorn|Knock Off|p1a: Reuniclus
|-supereffective|p1a: Reuniclus
|-damage|p1a: Reuniclus|24/100
|-enditem|p1a: Reuniclus|Light Clay|[from] move: Knock Off|[of] p2a: Ferrothorn
|
|-heal|p2a: Ferrothorn|48/100|[from] item: Leftovers
|-damage|p1a: Reuniclus|12/100|[from] Leech Seed|[of] p2a: Ferrothorn
|-heal|p2a: Ferrothorn|61/100|[silent]
|upkeep
|turn|23
|
|t:|1641841111
|switch|p1a: Terrakion|Terrakion|76/100
|-damage|p1a: Terrakion|70/100|[from] Stealth Rock
|move|p2a: Ferrothorn|Knock Off|p1a: Terrakion
|-resisted|p1a: Terrakion
|-damage|p1a: Terrakion|64/100
|-ability|p1a: Terrakion|Justified|boost
|-boost|p1a: Terrakion|atk|1
|-enditem|p1a: Terrakion|Choice Scarf|[from] move: Knock Off|[of] p2a: Ferrothorn
|
|-heal|p2a: Ferrothorn|67/100|[from] item: Leftovers
|upkeep
|turn|24
|c|☆frxstyyy|such a loser
|
|t:|1641841121
|move|p1a: Terrakion|Sacred Sword|p2a: Ferrothorn
|-supereffective|p2a: Ferrothorn
|-damage|p2a: Ferrothorn|0 fnt
|-damage|p1a: Terrakion|51/100|[from] ability: Iron Barbs|[of] p2a: Ferrothorn
|faint|p2a: Ferrothorn
|
|upkeep
|
|t:|1641841124
|switch|p2a: Rotom|Rotom-Wash|100/100
|turn|25
|
|t:|1641841135
|move|p1a: Terrakion|Stone Edge|p2a: Rotom
|-damage|p2a: Rotom|23/100
|move|p2a: Rotom|Hydro Pump|p1a: Terrakion
|-supereffective|p1a: Terrakion
|-damage|p1a: Terrakion|0 fnt
|faint|p1a: Terrakion
|
|-heal|p2a: Rotom|29/100|[from] item: Leftovers
|upkeep
|n|!frxstyyy|frxstyyy
|
|t:|1641841143
|switch|p1a: Latios|Latios, M|100/100
|-damage|p1a: Latios|88/100|[from] Stealth Rock
|turn|26
|
|t:|1641841147
|move|p1a: Latios|Psyshock|p2a: Rotom
|-damage|p2a: Rotom|0 fnt
|faint|p2a: Rotom
|
|win|ICrossI
|raw|ICrossI's rating: 1266 &rarr; <strong>1287</strong><br />(+21 for winning)
|raw|frxstyyy's rating: 1217 &rarr; <strong>1196</strong><br />(-21 for losing)
|l|!frxstyyy
|c|☆ICrossI|Gg
||Ladder isn't responding, score probably updated but might not have (Request timeout).
