|j|☆SeaVai
|j|☆TheBoopening
|t:|1641719352
|gametype|singles
|player|p1|SeaVai|hilbert|1118
|player|p2|TheBoopening|schoolkidf|1112
|teamsize|p1|6
|teamsize|p2|6
|gen|8
|tier|[Gen 8] OU
|rated|
|rule|Sleep Clause Mod: Limit one foe put to sleep
|rule|Species Clause: Limit one of each Pokémon
|rule|OHKO Clause: OHKO moves are banned
|rule|Evasion Moves Clause: Evasion moves are banned
|rule|Endless Battle Clause: Forcing endless battles is banned
|rule|HP Percentage Mod: HP is shown in percentages
|rule|Dynamax Clause: You cannot dynamax
|clearpoke
|poke|p1|Milotic, F|
|poke|p1|Talonflame, M|
|poke|p1|Goodra, F|
|poke|p1|Tapu Fini|
|poke|p1|Umbreon, F|
|poke|p1|Scolipede, M|
|poke|p2|Quagsire, F|
|poke|p2|Celesteela|
|poke|p2|Nihilego|
|poke|p2|Mew|
|poke|p2|Klefki, F|
|poke|p2|Hitmontop, M|
|teampreview
|
|t:|1641719364
|start
|switch|p1a: Scolipede|Scolipede, M|100/100
|switch|p2a: Nihilego|Nihilego|100/100
|turn|1
|
|t:|1641719374
|move|p2a: Nihilego|Power Gem|p1a: Scolipede
|-supereffective|p1a: Scolipede
|-crit|p1a: Scolipede
|-damage|p1a: Scolipede|0 fnt
|faint|p1a: Scolipede
|-ability|p2a: Nihilego|Beast Boost|boost
|-boost|p2a: Nihilego|spa|1
|
|upkeep
|
|t:|1641719386
|switch|p1a: Milotic|Milotic, F|100/100
|turn|2
|
|t:|1641719394
|switch|p2a: Klefki|Klefki, F|100/100
|move|p1a: Milotic|Mirror Coat||[still]
|-fail|p1a: Milotic
|
|-status|p1a: Milotic|brn|[from] item: Flame Orb
|upkeep
|turn|3
|
|t:|1641719404
|move|p1a: Milotic|Scald|p2a: Klefki
|-damage|p2a: Klefki|67/100
|move|p2a: Klefki|Foul Play|p1a: Milotic
|-damage|p1a: Milotic|92/100 brn
|
|-damage|p1a: Milotic|86/100 brn|[from] brn
|upkeep
|turn|4
|
|t:|1641719412
|switch|p2a: Mew|Mew|100/100
|move|p1a: Milotic|Scald|p2a: Mew
|-damage|p2a: Mew|68/100
|
|-damage|p1a: Milotic|80/100 brn|[from] brn
|upkeep
|turn|5
|
|t:|1641719420
|move|p2a: Mew|Thunderbolt|p1a: Milotic
|-supereffective|p1a: Milotic
|-damage|p1a: Milotic|46/100 brn
|move|p1a: Milotic|Mirror Coat|p2a: Mew
|-damage|p2a: Mew|2/100
|
|-damage|p1a: Milotic|40/100 brn|[from] brn
|upkeep
|turn|6
|
|t:|1641719429
|move|p2a: Mew|Thunderbolt|p1a: Milotic
|-supereffective|p1a: Milotic
|-damage|p1a: Milotic|3/100 brn
|move|p1a: Milotic|Recover|p1a: Milotic
|-heal|p1a: Milotic|53/100 brn
|
|-damage|p1a: Milotic|47/100 brn|[from] brn
|upkeep
|turn|7
|
|t:|1641719436
|move|p2a: Mew|Thunderbolt|p1a: Milotic
|-supereffective|p1a: Milotic
|-damage|p1a: Milotic|9/100 brn
|move|p1a: Milotic|Recover|p1a: Milotic
|-heal|p1a: Milotic|60/100 brn
|
|-damage|p1a: Milotic|54/100 brn|[from] brn
|upkeep
|turn|8
|
|t:|1641719443
|move|p2a: Mew|Thunderbolt|p1a: Milotic
|-supereffective|p1a: Milotic
|-damage|p1a: Milotic|14/100 brn
|move|p1a: Milotic|Recover|p1a: Milotic
|-heal|p1a: Milotic|64/100 brn
|
|-damage|p1a: Milotic|58/100 brn|[from] brn
|upkeep
|turn|9
|
|t:|1641719450
|move|p2a: Mew|Thunderbolt|p1a: Milotic
|-supereffective|p1a: Milotic
|-damage|p1a: Milotic|20/100 brn
|move|p1a: Milotic|Recover|p1a: Milotic
|-heal|p1a: Milotic|70/100 brn
|
|-damage|p1a: Milotic|64/100 brn|[from] brn
|upkeep
|turn|10
|
|t:|1641719457
|move|p2a: Mew|Nasty Plot|p2a: Mew
|-boost|p2a: Mew|spa|2
|move|p1a: Milotic|Recover|p1a: Milotic
|-heal|p1a: Milotic|100/100 brn
|
|-damage|p1a: Milotic|94/100 brn|[from] brn
|upkeep
|turn|11
|
|t:|1641719465
|move|p2a: Mew|Thunderbolt|p1a: Milotic
|-supereffective|p1a: Milotic
|-damage|p1a: Milotic|22/100 brn
|move|p1a: Milotic|Scald|p2a: Mew
|-damage|p2a: Mew|0 fnt
|faint|p2a: Mew
|
|-damage|p1a: Milotic|16/100 brn|[from] brn
|upkeep
|
|t:|1641719472
|switch|p2a: Nihilego|Nihilego|100/100
|turn|12
|
|t:|1641719477
|move|p2a: Nihilego|Sludge Wave|p1a: Milotic
|-damage|p1a: Milotic|0 fnt
|faint|p1a: Milotic
|-ability|p2a: Nihilego|Beast Boost|boost
|-boost|p2a: Nihilego|spa|1
|
|upkeep
|
|t:|1641719489
|switch|p1a: Goodra|Goodra, F|100/100
|turn|13
|
|t:|1641719495
|switch|p2a: Hitmontop|Hitmontop, M|100/100
|move|p1a: Goodra|Dragon Pulse|p2a: Hitmontop
|-damage|p2a: Hitmontop|43/100
|
|upkeep
|turn|14
|
|t:|1641719500
|move|p2a: Hitmontop|Triple Axel|p1a: Goodra
|-supereffective|p1a: Goodra
|-damage|p1a: Goodra|66/100
|-supereffective|p1a: Goodra
|-damage|p1a: Goodra|0 fnt
|faint|p1a: Goodra
|-hitcount|p1: Goodra|2
|
|upkeep
|
|t:|1641719509
|switch|p1a: Talonflame|Talonflame, M|100/100
|turn|15
|
|t:|1641719512
|move|p1a: Talonflame|Brave Bird|p2a: Hitmontop
|-supereffective|p2a: Hitmontop
|-damage|p2a: Hitmontop|0 fnt
|faint|p2a: Hitmontop
|-damage|p1a: Talonflame|88/100|[from] Recoil
|
|upkeep
|
|t:|1641719519
|switch|p2a: Nihilego|Nihilego|100/100
|turn|16
|
|t:|1641719523
|move|p2a: Nihilego|Power Gem|p1a: Talonflame
|-supereffective|p1a: Talonflame
|-damage|p1a: Talonflame|0 fnt
|faint|p1a: Talonflame
|-ability|p2a: Nihilego|Beast Boost|boost
|-boost|p2a: Nihilego|spa|1
|
|upkeep
|
|t:|1641719532
|switch|p1a: Tapu Fini|Tapu Fini, shiny|100/100
|-fieldstart|move: Misty Terrain|[from] ability: Misty Surge|[of] p1a: Tapu Fini
|turn|17
|
|t:|1641719540
|switch|p2a: Klefki|Klefki, F|67/100
|move|p1a: Tapu Fini|Surf|p2a: Klefki
|-damage|p2a: Klefki|31/100
|
|upkeep
|turn|18
|
|t:|1641719547
|switch|p2a: Quagsire|Quagsire, F|100/100
|move|p1a: Tapu Fini|Surf|p2a: Quagsire
|-damage|p2a: Quagsire|58/100
|
|-heal|p2a: Quagsire|64/100|[from] item: Leftovers
|upkeep
|turn|19
|
|t:|1641719554
|move|p1a: Tapu Fini|Calm Mind|p1a: Tapu Fini
|-boost|p1a: Tapu Fini|spa|1
|-boost|p1a: Tapu Fini|spd|1
|move|p2a: Quagsire|Recover|p2a: Quagsire
|-heal|p2a: Quagsire|100/100
|
|upkeep
|turn|20
|
|t:|1641719559
|move|p1a: Tapu Fini|Calm Mind|p1a: Tapu Fini
|-boost|p1a: Tapu Fini|spa|1
|-boost|p1a: Tapu Fini|spd|1
|move|p2a: Quagsire|Scald|p1a: Tapu Fini
|-resisted|p1a: Tapu Fini
|-damage|p1a: Tapu Fini|94/100
|
|-heal|p1a: Tapu Fini|99/100|[from] item: Leftovers
|upkeep
|turn|21
|
|t:|1641719570
|move|p1a: Tapu Fini|Calm Mind|p1a: Tapu Fini
|-boost|p1a: Tapu Fini|spa|1
|-boost|p1a: Tapu Fini|spd|1
|move|p2a: Quagsire|Earthquake|p1a: Tapu Fini
|-damage|p1a: Tapu Fini|72/100
|
|-heal|p1a: Tapu Fini|78/100|[from] item: Leftovers
|-fieldend|Misty Terrain
|upkeep
|turn|22
|
|t:|1641719580
|move|p1a: Tapu Fini|Surf|p2a: Quagsire
|-damage|p2a: Quagsire|57/100
|move|p2a: Quagsire|Toxic|p1a: Tapu Fini
|-status|p1a: Tapu Fini|tox
|
|-heal|p1a: Tapu Fini|84/100 tox|[from] item: Leftovers
|-heal|p2a: Quagsire|63/100|[from] item: Leftovers
|-damage|p1a: Tapu Fini|78/100 tox|[from] psn
|upkeep
|turn|23
|
|t:|1641719589
|move|p1a: Tapu Fini|Dazzling Gleam|p2a: Quagsire
|-damage|p2a: Quagsire|29/100
|move|p2a: Quagsire|Recover|p2a: Quagsire
|-heal|p2a: Quagsire|79/100
|
|-heal|p1a: Tapu Fini|84/100 tox|[from] item: Leftovers
|-heal|p2a: Quagsire|85/100|[from] item: Leftovers
|-damage|p1a: Tapu Fini|72/100 tox|[from] psn
|upkeep
|turn|24
|
|t:|1641719599
|move|p1a: Tapu Fini|Calm Mind|p1a: Tapu Fini
|-boost|p1a: Tapu Fini|spa|1
|-boost|p1a: Tapu Fini|spd|1
|move|p2a: Quagsire|Recover|p2a: Quagsire
|-heal|p2a: Quagsire|100/100
|
|-heal|p1a: Tapu Fini|78/100 tox|[from] item: Leftovers
|-damage|p1a: Tapu Fini|60/100 tox|[from] psn
|upkeep
|turn|25
|
|t:|1641719614
|move|p1a: Tapu Fini|Ice Beam|p2a: Quagsire
|-crit|p2a: Quagsire
|-damage|p2a: Quagsire|58/100
|-status|p2a: Quagsire|frz
|cant|p2a: Quagsire|frz
|
|-heal|p1a: Tapu Fini|66/100 tox|[from] item: Leftovers
|-heal|p2a: Quagsire|64/100 frz|[from] item: Leftovers
|-damage|p1a: Tapu Fini|42/100 tox|[from] psn
|upkeep
|turn|26
|
|t:|1641719624
|move|p1a: Tapu Fini|Surf|p2a: Quagsire
|-damage|p2a: Quagsire|22/100 frz
|cant|p2a: Quagsire|frz
|
|-heal|p1a: Tapu Fini|48/100 tox|[from] item: Leftovers
|-heal|p2a: Quagsire|28/100 frz|[from] item: Leftovers
|-damage|p1a: Tapu Fini|18/100 tox|[from] psn
|upkeep
|turn|27
|
|t:|1641719632
|move|p1a: Tapu Fini|Surf|p2a: Quagsire
|-damage|p2a: Quagsire|0 fnt
|faint|p2a: Quagsire
|
|-heal|p1a: Tapu Fini|24/100 tox|[from] item: Leftovers
|-damage|p1a: Tapu Fini|0 fnt|[from] psn
|faint|p1a: Tapu Fini
|upkeep
|
|t:|1641719639
|switch|p1a: Umbreon|Umbreon, F|100/100
|switch|p2a: Klefki|Klefki, F|31/100
|turn|28
|-message|SeaVai forfeited.
|
|win|TheBoopening
|raw|SeaVai's rating: 1118 &rarr; <strong>1093</strong><br />(-25 for losing)
|raw|TheBoopening's rating: 1112 &rarr; <strong>1137</strong><br />(+25 for winning)
|l|☆SeaVai
