|j|☆Motrorz
|j|☆Mageallen
|t:|1641766443
|gametype|singles
|player|p1|Motrorz|cynthia|1009
|player|p2|Mageallen|wattson|1000
|teamsize|p1|6
|teamsize|p2|6
|gen|8
|tier|[Gen 8] OU
|rated|
|rule|Sleep Clause Mod: Limit one foe put to sleep
|rule|Species Clause: Limit one of each Pokémon
|rule|OHKO Clause: OHKO moves are banned
|rule|Evasion Moves Clause: Evasion moves are banned
|rule|Endless Battle Clause: Forcing endless battles is banned
|rule|HP Percentage Mod: HP is shown in percentages
|rule|Dynamax Clause: You cannot dynamax
|clearpoke
|poke|p1|Rillaboom, M|
|poke|p1|Hydreigon, F|
|poke|p1|Dragonite, F|
|poke|p1|Tapu Koko|
|poke|p1|Hawlucha, F|
|poke|p1|Mew|
|poke|p2|Garchomp, M|
|poke|p2|Umbreon, F|
|poke|p2|Hatterene, F|
|poke|p2|Ferrothorn, F|
|poke|p2|Urshifu-*, F|
|poke|p2|Magnezone|
|teampreview
|
|t:|1641766458
|start
|switch|p1a: Rillaboom|Rillaboom, M, shiny|100/100
|switch|p2a: Garchomp|Garchomp, M|100/100
|-fieldstart|move: Grassy Terrain|[from] ability: Grassy Surge|[of] p1a: Rillaboom
|turn|1
|
|t:|1641766484
|move|p1a: Rillaboom|Grassy Glide|p2a: Garchomp
|-damage|p2a: Garchomp|40/100
|-damage|p1a: Rillaboom|88/100|[from] ability: Rough Skin|[of] p2a: Garchomp
|-damage|p1a: Rillaboom|78/100|[from] item: Life Orb
|move|p2a: Garchomp|Poison Jab|p1a: Rillaboom
|-supereffective|p1a: Rillaboom
|-damage|p1a: Rillaboom|5/100
|-status|p1a: Rillaboom|psn
|
|-heal|p2a: Garchomp|46/100|[from] Grassy Terrain
|-heal|p1a: Rillaboom|12/100 psn|[from] Grassy Terrain
|-damage|p1a: Rillaboom|0 fnt|[from] psn
|faint|p1a: Rillaboom
|upkeep
|
|t:|1641766504
|switch|p1a: Hawlucha|Hawlucha, F, shiny|100/100
|turn|2
|
|t:|1641766519
|switch|p2a: Hatterene|Hatterene, F|100/100
|move|p1a: Hawlucha|Close Combat|p2a: Hatterene
|-resisted|p2a: Hatterene
|-damage|p2a: Hatterene|87/100
|-unboost|p1a: Hawlucha|def|1
|-unboost|p1a: Hawlucha|spd|1
|
|-heal|p2a: Hatterene|93/100|[from] Grassy Terrain
|upkeep
|turn|3
|
|t:|1641766551
|switch|p1a: Mew|Mew, shiny|100/100
|move|p2a: Hatterene|Dazzling Gleam|p1a: Mew
|-damage|p1a: Mew|48/100
|-enditem|p1a: Mew|Red Card|[of] p2a: Hatterene
|drag|p2a: Urshifu|Urshifu-Rapid-Strike, F|100/100
|
|-heal|p1a: Mew|54/100|[from] Grassy Terrain
|upkeep
|turn|4
|
|t:|1641766594
|switch|p1a: Tapu Koko|Tapu Koko, shiny|100/100
|-fieldstart|move: Electric Terrain|[from] ability: Electric Surge|[of] p1a: Tapu Koko
|switch|p2a: Umbreon|Umbreon, F|100/100
|
|upkeep
|turn|5
|
|t:|1641766603
|switch|p1a: Hawlucha|Hawlucha, F, shiny|100/100
|-enditem|p1a: Hawlucha|Electric Seed
|-boost|p1a: Hawlucha|def|1|[from] item: Electric Seed
|move|p2a: Umbreon|Yawn|p1a: Hawlucha
|-start|p1a: Hawlucha|move: Yawn|[of] p2a: Umbreon
|
|upkeep
|turn|6
|
|t:|1641766623
|switch|p1a: Tapu Koko|Tapu Koko, shiny|100/100
|move|p2a: Umbreon|Protect||[still]
|-fail|p2a: Umbreon
|
|upkeep
|turn|7
|
|t:|1641766632
|move|p1a: Tapu Koko|U-turn|p2a: Umbreon
|-supereffective|p2a: Umbreon
|-damage|p2a: Umbreon|77/100
|
|t:|1641766635
|switch|p1a: Hawlucha|Hawlucha, F, shiny|100/100|[from]move: U-turn
|move|p2a: Umbreon|Yawn|p1a: Hawlucha
|-start|p1a: Hawlucha|move: Yawn|[of] p2a: Umbreon
|
|upkeep
|turn|8
|
|t:|1641766644
|switch|p1a: Tapu Koko|Tapu Koko, shiny|100/100
|move|p2a: Umbreon|Yawn|p1a: Tapu Koko
|-activate|p1a: Tapu Koko|move: Electric Terrain
|
|-fieldend|move: Electric Terrain
|upkeep
|turn|9
|
|t:|1641766661
|move|p1a: Tapu Koko|U-turn|p2a: Umbreon
|-supereffective|p2a: Umbreon
|-damage|p2a: Umbreon|53/100
|
|t:|1641766671
|switch|p1a: Hawlucha|Hawlucha, F, shiny|100/100|[from]move: U-turn
|move|p2a: Umbreon|Yawn|p1a: Hawlucha
|-start|p1a: Hawlucha|move: Yawn|[of] p2a: Umbreon
|
|upkeep
|turn|10
|
|t:|1641766679
|move|p1a: Hawlucha|Close Combat|p2a: Umbreon
|-supereffective|p2a: Umbreon
|-damage|p2a: Umbreon|0 fnt
|-unboost|p1a: Hawlucha|def|1
|-unboost|p1a: Hawlucha|spd|1
|faint|p2a: Umbreon
|
|-end|p1a: Hawlucha|move: Yawn|[silent]
|-status|p1a: Hawlucha|slp
|upkeep
|
|t:|1641766697
|switch|p2a: Hatterene|Hatterene, F|93/100
|turn|11
|
|t:|1641766722
|switch|p1a: Hydreigon|Hydreigon, F, shiny|100/100
|move|p2a: Hatterene|Calm Mind|p2a: Hatterene
|-boost|p2a: Hatterene|spa|1
|-boost|p2a: Hatterene|spd|1
|
|upkeep
|turn|12
|
|t:|1641766742
|switch|p2a: Urshifu|Urshifu-Rapid-Strike, F|100/100
|move|p1a: Hydreigon|Earth Power|p2a: Urshifu
|-damage|p2a: Urshifu|41/100
|-damage|p1a: Hydreigon|91/100|[from] item: Life Orb
|
|upkeep
|turn|13
|
|t:|1641766751
|move|p1a: Hydreigon|Earth Power|p2a: Urshifu
|-damage|p2a: Urshifu|0 fnt
|faint|p2a: Urshifu
|-damage|p1a: Hydreigon|81/100|[from] item: Life Orb
|
|upkeep
|
|t:|1641766758
|switch|p2a: Ferrothorn|Ferrothorn, F|100/100
|turn|14
|
|t:|1641766768
|switch|p1a: Mew|Mew, shiny|54/100
|move|p2a: Ferrothorn|Leech Seed|p1a: Mew
|-start|p1a: Mew|move: Leech Seed
|
|-damage|p1a: Mew|42/100|[from] Leech Seed|[of] p2a: Ferrothorn
|upkeep
|turn|15
|
|t:|1641766776
|move|p1a: Mew|Flare Blitz|p2a: Ferrothorn
|-supereffective|p2a: Ferrothorn
|-damage|p2a: Ferrothorn|40/100
|-damage|p1a: Mew|29/100|[from] ability: Iron Barbs|[of] p2a: Ferrothorn
|-damage|p1a: Mew|13/100|[from] item: Rocky Helmet|[of] p2a: Ferrothorn
|-damage|p1a: Mew|0 fnt|[from] Recoil
|faint|p1a: Mew
|move|p2a: Ferrothorn|Iron Defense|p2a: Ferrothorn
|-boost|p2a: Ferrothorn|def|2
|
|upkeep
|
|t:|1641766798
|switch|p1a: Hydreigon|Hydreigon, F, shiny|81/100
|turn|16
|
|t:|1641766809
|move|p1a: Hydreigon|Dark Pulse|p2a: Ferrothorn
|-damage|p2a: Ferrothorn|0 fnt
|faint|p2a: Ferrothorn
|-damage|p1a: Hydreigon|71/100|[from] item: Life Orb
|
|upkeep
|
|t:|1641766819
|switch|p2a: Hatterene|Hatterene, F|93/100
|turn|17
|
|t:|1641766827
|move|p1a: Hydreigon|Dark Pulse|p2a: Hatterene
|-damage|p2a: Hatterene|22/100
|-damage|p1a: Hydreigon|61/100|[from] item: Life Orb
|cant|p2a: Hatterene|flinch
|
|upkeep
|turn|18
|
|t:|1641766836
|move|p1a: Hydreigon|Dark Pulse|p2a: Hatterene
|-damage|p2a: Hatterene|0 fnt
|faint|p2a: Hatterene
|-damage|p1a: Hydreigon|51/100|[from] item: Life Orb
|
|upkeep
|
|t:|1641766842
|switch|p2a: Garchomp|Garchomp, M|46/100
|turn|19
|c|☆Motrorz|Gg
|
|t:|1641766852
|move|p2a: Garchomp|Dragon Claw|p1a: Hydreigon
|-supereffective|p1a: Hydreigon
|-damage|p1a: Hydreigon|0 fnt
|faint|p1a: Hydreigon
|
|upkeep
|
|t:|1641766861
|switch|p1a: Hawlucha|Hawlucha, F, shiny|100/100 slp
|turn|20
|
|t:|1641766871
|move|p2a: Garchomp|Dragon Claw|p1a: Hawlucha
|-damage|p1a: Hawlucha|31/100 slp
|cant|p1a: Hawlucha|slp
|
|upkeep
|turn|21
|
|t:|1641766877
|move|p2a: Garchomp|Dragon Claw|p1a: Hawlucha
|-damage|p1a: Hawlucha|0 fnt
|faint|p1a: Hawlucha
|
|upkeep
|
|t:|1641766883
|switch|p1a: Tapu Koko|Tapu Koko, shiny|100/100
|-fieldstart|move: Electric Terrain|[from] ability: Electric Surge|[of] p1a: Tapu Koko
|turn|22
|
|t:|1641766890
|switch|p2a: Magnezone|Magnezone|100/100
|move|p1a: Tapu Koko|U-turn|p2a: Magnezone
|-resisted|p2a: Magnezone
|-damage|p2a: Magnezone|93/100
|
|t:|1641766895
|switch|p1a: Dragonite|Dragonite, F, shiny|100/100|[from]move: U-turn
|
|upkeep
|turn|23
|
|t:|1641766912
|move|p1a: Dragonite|Dual Wingbeat|p2a: Magnezone
|-resisted|p2a: Magnezone
|-damage|p2a: Magnezone|89/100
|-resisted|p2a: Magnezone
|-damage|p2a: Magnezone|85/100
|-hitcount|p2a: Magnezone|2
|move|p2a: Magnezone|Discharge|p1a: Dragonite
|-damage|p1a: Dragonite|58/100
|-status|p1a: Dragonite|par
|-damage|p2a: Magnezone|75/100|[from] item: Life Orb
|
|upkeep
|turn|24
|
|t:|1641766924
|switch|p1a: Tapu Koko|Tapu Koko, shiny|100/100
|move|p2a: Magnezone|Discharge|p1a: Tapu Koko
|-resisted|p1a: Tapu Koko
|-damage|p1a: Tapu Koko|27/100
|-damage|p2a: Magnezone|65/100|[from] item: Life Orb
|
|upkeep
|turn|25
|
|t:|1641766936
|move|p1a: Tapu Koko|Thunderbolt|p2a: Magnezone
|-resisted|p2a: Magnezone
|-damage|p2a: Magnezone|30/100
|move|p2a: Magnezone|Volt Switch|p1a: Tapu Koko
|-resisted|p1a: Tapu Koko
|-damage|p1a: Tapu Koko|0 fnt
|faint|p1a: Tapu Koko
|-damage|p2a: Magnezone|20/100|[from] item: Life Orb
|
|t:|1641766944
|switch|p2a: Garchomp|Garchomp, M|46/100|[from]move: Volt Switch
|
|upkeep
|
|t:|1641766955
|switch|p1a: Dragonite|Dragonite, F, shiny|58/100 par
|turn|26
|
|t:|1641766961
|move|p2a: Garchomp|Dragon Claw|p1a: Dragonite
|-supereffective|p1a: Dragonite
|-damage|p1a: Dragonite|0 fnt
|faint|p1a: Dragonite
|
|win|Mageallen
|raw|Motrorz's rating: 1009 &rarr; <strong>1000</strong><br />(-9 for losing)
|raw|Mageallen's rating: 1000 &rarr; <strong>1041</strong><br />(+41 for winning)
|n|☆Mageallen|mageallen
