|j|☆kyysg
|j|☆CloudNineIsGoated
|t:|1641820325
|gametype|singles
|player|p1|kyysg|170|1596
|player|p2|CloudNineIsGoated|1|1696
|teamsize|p1|6
|teamsize|p2|6
|gen|8
|tier|[Gen 8] OU
|rated|
|rule|Sleep Clause Mod: Limit one foe put to sleep
|rule|Species Clause: Limit one of each Pokémon
|rule|OHKO Clause: OHKO moves are banned
|rule|Evasion Moves Clause: Evasion moves are banned
|rule|Endless Battle Clause: Forcing endless battles is banned
|rule|HP Percentage Mod: HP is shown in percentages
|rule|Dynamax Clause: You cannot dynamax
|clearpoke
|poke|p1|Mew|
|poke|p1|Kartana|
|poke|p1|Tapu Koko|
|poke|p1|Garchomp, F|
|poke|p1|Hawlucha, F|
|poke|p1|Kommo-o, M|
|poke|p2|Garchomp, F|
|poke|p2|Tornadus-Therian, M|
|poke|p2|Blissey, F|
|poke|p2|Mew|
|poke|p2|Umbreon, F|
|poke|p2|Toxapex, F|
|teampreview
|inactive|Battle timer is ON: inactive players will automatically lose when time's up. (requested by kyysg)
|
|t:|1641820344
|start
|switch|p1a: Tapu Koko|Tapu Koko, shiny|100/100
|switch|p2a: Tornadus|Tornadus-Therian, M|100/100
|-fieldstart|move: Electric Terrain|[from] ability: Electric Surge|[of] p1a: Tapu Koko
|turn|1
|
|t:|1641820357
|switch|p2a: Blissey|Blissey, F|100/100
|move|p1a: Tapu Koko|Volt Switch|p2a: Blissey
|-damage|p2a: Blissey|89/100
|
|t:|1641820362
|switch|p1a: Kartana|Kartana|100/100|[from]move: Volt Switch
|
|upkeep
|turn|2
|j| Lane_Alih
|
|t:|1641820365
|switch|p2a: Tornadus|Tornadus-Therian, M|100/100
|move|p1a: Kartana|Knock Off|p2a: Tornadus
|-damage|p2a: Tornadus|68/100
|-enditem|p2a: Tornadus|Heavy-Duty Boots|[from] move: Knock Off|[of] p1a: Kartana
|
|upkeep
|turn|3
|j| Kamunasa
|
|t:|1641820369
|switch|p1a: Tapu Koko|Tapu Koko, shiny|100/100
|move|p2a: Tornadus|Knock Off|p1a: Tapu Koko
|-resisted|p1a: Tapu Koko
|-damage|p1a: Tapu Koko|90/100
|-enditem|p1a: Tapu Koko|Light Clay|[from] move: Knock Off|[of] p2a: Tornadus
|
|upkeep
|turn|4
|
|t:|1641820376
|switch|p2a: Garchomp|Garchomp, F|100/100
|move|p1a: Tapu Koko|Reflect|p1a: Tapu Koko
|-sidestart|p1: kyysg|Reflect
|
|upkeep
|turn|5
|
|t:|1641820379
|move|p1a: Tapu Koko|Taunt|p2a: Garchomp
|-start|p2a: Garchomp|move: Taunt
|cant|p2a: Garchomp|move: Taunt|Toxic
|
|-fieldend|move: Electric Terrain
|upkeep
|turn|6
|
|t:|1641820386
|switch|p1a: Kartana|Kartana|100/100
|move|p2a: Garchomp|Earthquake|p1a: Kartana
|-damage|p1a: Kartana|83/100
|
|upkeep
|turn|7
|
|t:|1641820391
|switch|p2a: Tornadus|Tornadus-Therian, M|100/100
|move|p1a: Kartana|Knock Off|p2a: Tornadus
|-damage|p2a: Tornadus|79/100
|
|upkeep
|turn|8
|
|t:|1641820394
|move|p2a: Tornadus|Heat Wave|p1a: Kartana
|-supereffective|p1a: Kartana
|-damage|p1a: Kartana|0 fnt
|faint|p1a: Kartana
|
|-sideend|p1: kyysg|Reflect
|upkeep
|
|t:|1641820398
|switch|p1a: Garchomp|Garchomp, F|100/100
|turn|9
|
|t:|1641820403
|move|p2a: Tornadus|U-turn|p1a: Garchomp
|-damage|p1a: Garchomp|86/100
|-damage|p2a: Tornadus|67/100|[from] ability: Rough Skin|[of] p1a: Garchomp
|
|t:|1641820404
|switch|p2a: Umbreon|Umbreon, F|100/100|[from]move: U-turn
|move|p1a: Garchomp|Stealth Rock|p2a: Umbreon
|-sidestart|p2: CloudNineIsGoated|move: Stealth Rock
|
|upkeep
|turn|10
|j| Yungster_Testboi
|
|t:|1641820409
|switch|p1a: Tapu Koko|Tapu Koko, shiny|90/100
|-fieldstart|move: Electric Terrain|[from] ability: Electric Surge|[of] p1a: Tapu Koko
|move|p2a: Umbreon|Foul Play|p1a: Tapu Koko
|-resisted|p1a: Tapu Koko
|-damage|p1a: Tapu Koko|72/100
|
|upkeep
|turn|11
|
|t:|1641820416
|switch|p2a: Garchomp|Garchomp, F|100/100
|-damage|p2a: Garchomp|94/100|[from] Stealth Rock
|move|p1a: Tapu Koko|Reflect|p1a: Tapu Koko
|-sidestart|p1: kyysg|Reflect
|
|-heal|p2a: Garchomp|100/100|[from] item: Leftovers
|upkeep
|turn|12
|
|t:|1641820419
|switch|p1a: Hawlucha|Hawlucha, F|100/100
|-enditem|p1a: Hawlucha|Electric Seed
|-boost|p1a: Hawlucha|def|1|[from] item: Electric Seed
|move|p2a: Garchomp|Earthquake|p1a: Hawlucha
|-immune|p1a: Hawlucha
|
|upkeep
|turn|13
|
|t:|1641820422
|move|p1a: Hawlucha|Taunt|p2a: Garchomp
|-start|p2a: Garchomp|move: Taunt
|cant|p2a: Garchomp|move: Taunt|Toxic
|
|upkeep
|turn|14
|
|t:|1641820431
|switch|p2a: Toxapex|Toxapex, F|100/100
|-damage|p2a: Toxapex|88/100|[from] Stealth Rock
|move|p1a: Hawlucha|Swords Dance|p1a: Hawlucha
|-boost|p1a: Hawlucha|atk|2
|
|-fieldend|move: Electric Terrain
|upkeep
|turn|15
|
|t:|1641820433
|move|p1a: Hawlucha|Acrobatics|p2a: Toxapex
|-damage|p2a: Toxapex|33/100
|-damage|p1a: Hawlucha|84/100|[from] item: Rocky Helmet|[of] p2a: Toxapex
|move|p2a: Toxapex|Scald|p1a: Hawlucha
|-damage|p1a: Hawlucha|61/100
|
|-sideend|p1: kyysg|Reflect
|upkeep
|turn|16
|
|t:|1641820441
|switch|p2a: Tornadus|Tornadus-Therian, M|99/100
|-damage|p2a: Tornadus|75/100|[from] Stealth Rock
|move|p1a: Hawlucha|Swords Dance|p1a: Hawlucha
|-boost|p1a: Hawlucha|atk|2
|
|upkeep
|turn|17
|
|t:|1641820445
|move|p1a: Hawlucha|Acrobatics|p2a: Tornadus
|-damage|p2a: Tornadus|0 fnt
|faint|p2a: Tornadus
|
|upkeep
|
|t:|1641820447
|switch|p2a: Toxapex|Toxapex, F|67/100
|-damage|p2a: Toxapex|54/100|[from] Stealth Rock
|turn|18
|
|t:|1641820449
|move|p1a: Hawlucha|Acrobatics|p2a: Toxapex
|-damage|p2a: Toxapex|0 fnt
|-damage|p1a: Hawlucha|44/100|[from] item: Rocky Helmet|[of] p2a: Toxapex
|faint|p2a: Toxapex
|
|upkeep
|-message|CloudNineIsGoated forfeited.
|
|win|kyysg
|raw|kyysg's rating: 1596 &rarr; <strong>1620</strong><br />(+24 for winning)
|raw|CloudNineIsGoated's rating: 1672 &rarr; <strong>1648</strong><br />(-24 for losing)
|l|☆CloudNineIsGoated
|l| Kamunasa
|l| Yungster_Testboi
