|j|☆lapt1
|j|☆Jjab
|t:|1641841969
|gametype|singles
|player|p1|lapt1|red-gen7|1390
|player|p2|Jjab|gambler|1382
|teamsize|p1|6
|teamsize|p2|6
|gen|8
|tier|[Gen 8] OU
|rated|
|rule|Sleep Clause Mod: Limit one foe put to sleep
|rule|Species Clause: Limit one of each Pokémon
|rule|OHKO Clause: OHKO moves are banned
|rule|Evasion Moves Clause: Evasion moves are banned
|rule|Endless Battle Clause: Forcing endless battles is banned
|rule|HP Percentage Mod: HP is shown in percentages
|rule|Dynamax Clause: You cannot dynamax
|clearpoke
|poke|p1|Mamoswine, M|
|poke|p1|Urshifu-*, M|
|poke|p1|Rillaboom, M|
|poke|p1|Blacephalon|
|poke|p1|Magnezone|
|poke|p1|Tornadus-Therian, M|
|poke|p2|Weavile, F|
|poke|p2|Heatran, M|
|poke|p2|Tapu Koko|
|poke|p2|Tyranitar, F|
|poke|p2|Rillaboom, F|
|poke|p2|Slowbro, M|
|teampreview
|inactive|Battle timer is ON: inactive players will automatically lose when time's up. (requested by lapt1)
|
|t:|1641841990
|start
|switch|p1a: Mamoswine|Mamoswine, M|100/100
|switch|p2a: Slowbro|Slowbro, M|100/100
|turn|1
|
|t:|1641841997
|move|p1a: Mamoswine|Stealth Rock|p2a: Slowbro
|-sidestart|p2: Jjab|move: Stealth Rock
|move|p2a: Slowbro|Scald|p1a: Mamoswine
|-supereffective|p1a: Mamoswine
|-damage|p1a: Mamoswine|14/100
|
|upkeep
|turn|2
|
|t:|1641842015
|switch|p1a: Tornadus|Tornadus-Therian, M|100/100
|move|p2a: Slowbro|Future Sight|p1a: Tornadus
|-start|p2a: Slowbro|move: Future Sight
|
|upkeep
|turn|3
|
|t:|1641842021
|move|p1a: Tornadus|Knock Off|p2a: Slowbro
|-supereffective|p2a: Slowbro
|-damage|p2a: Slowbro|76/100
|-enditem|p2a: Slowbro|Heavy-Duty Boots|[from] move: Knock Off|[of] p1a: Tornadus
|move|p2a: Slowbro|Teleport|p2a: Slowbro
|
|t:|1641842028
|switch|p2a: Tapu Koko|Tapu Koko|100/100|[from]move: Teleport
|-fieldstart|move: Electric Terrain|[from] ability: Electric Surge|[of] p2a: Tapu Koko
|
|upkeep
|turn|4
|
|t:|1641842049
|switch|p1a: Magnezone|Magnezone|100/100
|move|p2a: Tapu Koko|U-turn|p1a: Magnezone
|-resisted|p1a: Magnezone
|-damage|p1a: Magnezone|92/100
|
|t:|1641842057
|switch|p2a: Tyranitar|Tyranitar, F|100/100|[from]move: U-turn
|-damage|p2a: Tyranitar|88/100|[from] Stealth Rock
|-weather|Sandstorm|[from] ability: Sand Stream|[of] p2a: Tyranitar
|
|-weather|Sandstorm|[upkeep]
|-end|p1a: Magnezone|move: Future Sight
|-resisted|p1a: Magnezone
|-damage|p1a: Magnezone|66/100
|upkeep
|turn|5
|
|t:|1641842066
|move|p2a: Tyranitar|Stone Edge|p1a: Magnezone
|-resisted|p1a: Magnezone
|-damage|p1a: Magnezone|17/100
|move|p1a: Magnezone|Volt Switch|p2a: Tyranitar
|-damage|p2a: Tyranitar|32/100
|
|t:|1641842086
|switch|p1a: Blacephalon|Blacephalon|100/100|[from]move: Volt Switch
|
|-weather|Sandstorm|[upkeep]
|-damage|p1a: Blacephalon|94/100|[from] Sandstorm
|upkeep
|turn|6
|
|t:|1641842094
|move|p1a: Blacephalon|Trick|p2a: Tyranitar
|-activate|p1a: Blacephalon|move: Trick|[of] p2a: Tyranitar
|-item|p2a: Tyranitar|Choice Specs|[from] move: Trick
|-item|p1a: Blacephalon|Choice Band|[from] move: Trick
|move|p2a: Tyranitar|Stone Edge|p1a: Blacephalon
|-supereffective|p1a: Blacephalon
|-damage|p1a: Blacephalon|0 fnt
|faint|p1a: Blacephalon
|
|-weather|Sandstorm|[upkeep]
|upkeep
|
|t:|1641842105
|switch|p1a: Rillaboom|Rillaboom, M|100/100
|-fieldstart|move: Grassy Terrain|[from] ability: Grassy Surge|[of] p1a: Rillaboom
|turn|7
|
|t:|1641842115
|move|p1a: Rillaboom|Grassy Glide|p2a: Tyranitar
|-supereffective|p2a: Tyranitar
|-damage|p2a: Tyranitar|0 fnt
|faint|p2a: Tyranitar
|-damage|p1a: Rillaboom|91/100|[from] item: Life Orb
|
|-weather|Sandstorm|[upkeep]
|-damage|p1a: Rillaboom|84/100|[from] Sandstorm
|-heal|p1a: Rillaboom|91/100|[from] Grassy Terrain
|upkeep
|
|t:|1641842130
|switch|p2a: Rillaboom|Rillaboom, F|100/100
|-damage|p2a: Rillaboom|88/100|[from] Stealth Rock
|turn|8
|
|t:|1641842153
|move|p1a: Rillaboom|Knock Off|p2a: Rillaboom
|-damage|p2a: Rillaboom|33/100
|-enditem|p2a: Rillaboom|Life Orb|[from] move: Knock Off|[of] p1a: Rillaboom
|-damage|p1a: Rillaboom|81/100|[from] item: Life Orb
|move|p2a: Rillaboom|Knock Off|p1a: Rillaboom
|-damage|p1a: Rillaboom|44/100
|-enditem|p1a: Rillaboom|Life Orb|[from] move: Knock Off|[of] p2a: Rillaboom
|
|-weather|none
|-heal|p1a: Rillaboom|50/100|[from] Grassy Terrain
|-heal|p2a: Rillaboom|39/100|[from] Grassy Terrain
|upkeep
|turn|9
|inactive|lapt1 has 120 seconds left.
|
|t:|1641842171
|move|p2a: Rillaboom|Grassy Glide|p1a: Rillaboom
|-resisted|p1a: Rillaboom
|-damage|p1a: Rillaboom|22/100
|move|p1a: Rillaboom|Superpower|p2a: Rillaboom
|-damage|p2a: Rillaboom|0 fnt
|-unboost|p1a: Rillaboom|atk|1
|-unboost|p1a: Rillaboom|def|1
|faint|p2a: Rillaboom
|
|-heal|p1a: Rillaboom|29/100|[from] Grassy Terrain
|upkeep
|
|t:|1641842183
|switch|p2a: Tapu Koko|Tapu Koko|100/100
|-fieldstart|move: Electric Terrain|[from] ability: Electric Surge|[of] p2a: Tapu Koko
|turn|10
|
|t:|1641842187
|switch|p1a: Mamoswine|Mamoswine, M|14/100
|move|p2a: Tapu Koko|U-turn|p1a: Mamoswine
|-damage|p1a: Mamoswine|0 fnt
|faint|p1a: Mamoswine
|
|t:|1641842195
|switch|p2a: Weavile|Weavile, F|100/100|[from]move: U-turn
|-ability|p2a: Weavile|Pressure
|
|upkeep
|
|t:|1641842201
|switch|p1a: Urshifu|Urshifu-Rapid-Strike, M|100/100
|turn|11
|
|t:|1641842205
|switch|p2a: Slowbro|Slowbro, M|100/100
|-damage|p2a: Slowbro|88/100|[from] Stealth Rock
|move|p1a: Urshifu|U-turn|p2a: Slowbro
|-supereffective|p2a: Slowbro
|-damage|p2a: Slowbro|43/100
|
|t:|1641842215
|switch|p1a: Magnezone|Magnezone|17/100|[from]move: U-turn
|
|upkeep
|turn|12
|
|t:|1641842223
|switch|p2a: Tapu Koko|Tapu Koko|100/100
|move|p1a: Magnezone|Volt Switch|p2a: Tapu Koko
|-resisted|p2a: Tapu Koko
|-damage|p2a: Tapu Koko|44/100
|
|t:|1641842229
|switch|p1a: Rillaboom|Rillaboom, M|29/100|[from]move: Volt Switch
|-fieldstart|move: Grassy Terrain|[from] ability: Grassy Surge|[of] p1a: Rillaboom
|
|-heal|p2a: Tapu Koko|50/100|[from] Grassy Terrain
|-heal|p1a: Rillaboom|35/100|[from] Grassy Terrain
|upkeep
|turn|13
|
|t:|1641842237
|switch|p2a: Heatran|Heatran, M|100/100
|-damage|p2a: Heatran|88/100|[from] Stealth Rock
|move|p1a: Rillaboom|Grassy Glide|p2a: Heatran
|-resisted|p2a: Heatran
|-damage|p2a: Heatran|77/100
|
|-heal|p1a: Rillaboom|41/100|[from] Grassy Terrain
|-heal|p2a: Heatran|83/100|[from] Grassy Terrain
|-heal|p2a: Heatran|89/100|[from] item: Leftovers
|upkeep
|turn|14
|
|t:|1641842249
|switch|p1a: Tornadus|Tornadus-Therian, M|100/100
|move|p2a: Heatran|Magma Storm|p1a: Tornadus
|-damage|p1a: Tornadus|57/100
|-activate|p1a: Tornadus|move: Magma Storm|[of] p2a: Heatran
|
|-heal|p2a: Heatran|96/100|[from] Grassy Terrain
|-heal|p2a: Heatran|100/100|[from] item: Leftovers
|-damage|p1a: Tornadus|44/100|[from] move: Magma Storm|[partiallytrapped]
|upkeep
|turn|15
|
|t:|1641842266
|move|p1a: Tornadus|U-turn|p2a: Heatran
|-resisted|p2a: Heatran
|-damage|p2a: Heatran|97/100
|
|t:|1641842269
|switch|p1a: Urshifu|Urshifu-Rapid-Strike, M|100/100|[from]move: U-turn
|move|p2a: Heatran|Magma Storm|p1a: Urshifu
|-resisted|p1a: Urshifu
|-damage|p1a: Urshifu|67/100
|-activate|p1a: Urshifu|move: Magma Storm|[of] p2a: Heatran
|
|-heal|p1a: Urshifu|74/100|[from] Grassy Terrain
|-heal|p2a: Heatran|100/100|[from] Grassy Terrain
|-damage|p1a: Urshifu|61/100|[from] move: Magma Storm|[partiallytrapped]
|upkeep
|turn|16
|
|t:|1641842280
|move|p1a: Urshifu|U-turn|p2a: Heatran
|-resisted|p2a: Heatran
|-damage|p2a: Heatran|93/100
|
|t:|1641842283
|switch|p1a: Tornadus|Tornadus-Therian, M|77/100|[from]move: U-turn
|move|p2a: Heatran|Toxic|p1a: Tornadus
|-status|p1a: Tornadus|tox
|
|-heal|p2a: Heatran|99/100|[from] Grassy Terrain
|-heal|p2a: Heatran|100/100|[from] item: Leftovers
|-damage|p1a: Tornadus|71/100 tox|[from] psn
|-fieldend|move: Grassy Terrain
|upkeep
|turn|17
|
|t:|1641842289
|move|p1a: Tornadus|Knock Off|p2a: Heatran
|-damage|p2a: Heatran|83/100
|-enditem|p2a: Heatran|Leftovers|[from] move: Knock Off|[of] p1a: Tornadus
|move|p2a: Heatran|Magma Storm|p1a: Tornadus
|-damage|p1a: Tornadus|28/100 tox
|-activate|p1a: Tornadus|move: Magma Storm|[of] p2a: Heatran
|
|-damage|p1a: Tornadus|16/100 tox|[from] psn
|-damage|p1a: Tornadus|3/100 tox|[from] move: Magma Storm|[partiallytrapped]
|upkeep
|turn|18
|
|t:|1641842302
|move|p1a: Tornadus|U-turn|p2a: Heatran
|-resisted|p2a: Heatran
|-damage|p2a: Heatran|80/100
|
|t:|1641842306
|switch|p1a: Urshifu|Urshifu-Rapid-Strike, M|61/100|[from]move: U-turn
|move|p2a: Heatran|Magma Storm|p1a: Urshifu|[miss]
|-miss|p2a: Heatran|p1a: Urshifu
|
|upkeep
|turn|19
|
|t:|1641842311
|switch|p2a: Slowbro|Slowbro, M|77/100
|-damage|p2a: Slowbro|64/100|[from] Stealth Rock
|move|p1a: Urshifu|Close Combat|p2a: Slowbro
|-resisted|p2a: Slowbro
|-damage|p2a: Slowbro|37/100
|-unboost|p1a: Urshifu|def|1
|-unboost|p1a: Urshifu|spd|1
|
|upkeep
|turn|20
|
|t:|1641842321
|switch|p1a: Magnezone|Magnezone|17/100
|move|p2a: Slowbro|Slack Off|p2a: Slowbro
|-heal|p2a: Slowbro|87/100
|
|upkeep
|turn|21
|
|t:|1641842331
|move|p1a: Magnezone|Volt Switch|p2a: Slowbro
|-supereffective|p2a: Slowbro
|-damage|p2a: Slowbro|0 fnt
|faint|p2a: Slowbro
|
|t:|1641842339
|switch|p1a: Rillaboom|Rillaboom, M|41/100|[from]move: Volt Switch
|-fieldstart|move: Grassy Terrain|[from] ability: Grassy Surge|[of] p1a: Rillaboom
|
|-heal|p1a: Rillaboom|47/100|[from] Grassy Terrain
|upkeep
|
|t:|1641842346
|switch|p2a: Weavile|Weavile, F|100/100
|-ability|p2a: Weavile|Pressure
|turn|22
|
|t:|1641842355
|switch|p2a: Tapu Koko|Tapu Koko|50/100
|-fieldstart|move: Electric Terrain|[from] ability: Electric Surge|[of] p2a: Tapu Koko
|move|p1a: Rillaboom|Grassy Glide|p2a: Tapu Koko
|-damage|p2a: Tapu Koko|0 fnt
|faint|p2a: Tapu Koko
|
|upkeep
|
|t:|1641842365
|switch|p2a: Weavile|Weavile, F|100/100
|-ability|p2a: Weavile|Pressure
|turn|23
|
|t:|1641842370
|switch|p1a: Magnezone|Magnezone|17/100
|move|p2a: Weavile|Triple Axel|p1a: Magnezone
|-resisted|p1a: Magnezone
|-damage|p1a: Magnezone|11/100
|-resisted|p1a: Magnezone
|-damage|p1a: Magnezone|2/100
|-resisted|p1a: Magnezone
|-damage|p1a: Magnezone|0 fnt
|faint|p1a: Magnezone
|-hitcount|p1: Magnezone|3
|
|upkeep
|
|t:|1641842380
|switch|p1a: Urshifu|Urshifu-Rapid-Strike, M|61/100
|turn|24
|
|t:|1641842385
|move|p2a: Weavile|Triple Axel|p1a: Urshifu
|-resisted|p1a: Urshifu
|-damage|p1a: Urshifu|56/100
|-resisted|p1a: Urshifu
|-damage|p1a: Urshifu|47/100
|-resisted|p1a: Urshifu
|-damage|p1a: Urshifu|32/100
|-hitcount|p1a: Urshifu|3
|move|p1a: Urshifu|Close Combat|p2a: Weavile
|-supereffective|p2a: Weavile
|-damage|p2a: Weavile|0 fnt
|-unboost|p1a: Urshifu|def|1
|-unboost|p1a: Urshifu|spd|1
|faint|p2a: Weavile
|
|upkeep
|-message|Jjab forfeited.
|
|win|lapt1
|raw|lapt1's rating: 1390 &rarr; <strong>1410</strong><br />(+20 for winning)
|raw|Jjab's rating: 1382 &rarr; <strong>1362</strong><br />(-20 for losing)
|l|☆Jjab
||Ladder isn't responding, score probably updated but might not have (Request timeout).
