|j|☆txikimandy
|j|☆CeriPokemon
|t:|1641763059
|gametype|singles
|player|p1|txikimandy|cheryl|
|player|p2|CeriPokemon|flannery|
|teamsize|p1|6
|teamsize|p2|6
|gen|8
|tier|[Gen 8] OU
|rule|Sleep Clause Mod: Limit one foe put to sleep
|rule|Species Clause: Limit one of each Pokémon
|rule|OHKO Clause: OHKO moves are banned
|rule|Evasion Moves Clause: Evasion moves are banned
|rule|Endless Battle Clause: Forcing endless battles is banned
|rule|HP Percentage Mod: HP is shown in percentages
|rule|Dynamax Clause: You cannot dynamax
|clearpoke
|poke|p1|Dragapult, F|
|poke|p1|Corviknight, M|
|poke|p1|Blissey, F|
|poke|p1|Kartana|
|poke|p1|Ninetales-Alola, F|
|poke|p1|Toxapex, M|
|poke|p2|Whimsicott, F|
|poke|p2|Toxapex, M|
|poke|p2|Dragapult, M|
|poke|p2|Reuniclus, M|
|poke|p2|Volcarona, M|
|poke|p2|Luxray, M|
|teampreview
|c|☆CeriPokemon|Les go
|c|☆CeriPokemon|GLHF!
|j| Flashvert6
|c|☆txikimandy|glhf!! :)
|c| Flashvert6|Glhf both!!
|c|☆txikimandy|henry's over my shoulder haha
|inactive|Battle timer is ON: inactive players will automatically lose when time's up. (requested by CeriPokemon)
|
|t:|1641763109
|start
|switch|p1a: Ninetales|Ninetales-Alola, F|100/100
|switch|p2a: Whimsicott|Whimsicott, F|100/100
|-weather|Hail|[from] ability: Snow Warning|[of] p1a: Ninetales
|turn|1
|
|t:|1641763125
|move|p2a: Whimsicott|Toxic|p1a: Ninetales
|-status|p1a: Ninetales|tox
|move|p1a: Ninetales|Freeze-Dry|p2a: Whimsicott
|-supereffective|p2a: Whimsicott
|-damage|p2a: Whimsicott|30/100
|
|-weather|Hail|[upkeep]
|-damage|p2a: Whimsicott|23/100|[from] Hail
|-damage|p1a: Ninetales|95/100 tox|[from] psn
|upkeep
|turn|2
|
|t:|1641763136
|move|p2a: Whimsicott|Tailwind|p2a: Whimsicott
|-sidestart|p2: CeriPokemon|move: Tailwind
|move|p1a: Ninetales|Freeze-Dry|p2a: Whimsicott
|-supereffective|p2a: Whimsicott
|-damage|p2a: Whimsicott|0 fnt
|faint|p2a: Whimsicott
|
|-weather|Hail|[upkeep]
|-damage|p1a: Ninetales|83/100 tox|[from] psn
|upkeep
|
|t:|1641763142
|switch|p2a: Volcarona|Volcarona, M|100/100
|turn|3
|
|t:|1641763157
|switch|p1a: Toxapex|Toxapex, M|100/100
|move|p2a: Volcarona|Quiver Dance|p2a: Volcarona
|-boost|p2a: Volcarona|spa|1
|-boost|p2a: Volcarona|spd|1
|-boost|p2a: Volcarona|spe|1
|
|-weather|Hail|[upkeep]
|-damage|p2a: Volcarona|94/100|[from] Hail
|-damage|p1a: Toxapex|94/100|[from] Hail
|-heal|p1a: Toxapex|100/100|[from] item: Black Sludge
|upkeep
|turn|4
|
|t:|1641763170
|move|p2a: Volcarona|Psychic|p1a: Toxapex
|-supereffective|p1a: Toxapex
|-damage|p1a: Toxapex|16/100
|move|p1a: Toxapex|Scald|p2a: Volcarona
|-supereffective|p2a: Volcarona
|-damage|p2a: Volcarona|71/100
|
|-weather|Hail|[upkeep]
|-damage|p2a: Volcarona|65/100|[from] Hail
|-damage|p1a: Toxapex|9/100|[from] Hail
|-heal|p1a: Toxapex|16/100|[from] item: Black Sludge
|upkeep
|turn|5
|j| galarian stoner
|
|t:|1641763192
|switch|p1a: Blissey|Blissey, F|100/100
|move|p2a: Volcarona|Psychic|p1a: Blissey
|-damage|p1a: Blissey|83/100
|
|-weather|none
|-sideend|p2: CeriPokemon|move: Tailwind
|upkeep
|turn|6
|
|t:|1641763202
|move|p2a: Volcarona|Bug Buzz|p1a: Blissey
|-damage|p1a: Blissey|45/100
|move|p1a: Blissey|Seismic Toss|p2a: Volcarona
|-damage|p2a: Volcarona|33/100
|
|upkeep
|turn|7
|
|t:|1641763212
|move|p2a: Volcarona|Bug Buzz|p1a: Blissey
|-crit|p1a: Blissey
|-damage|p1a: Blissey|0 fnt
|faint|p1a: Blissey
|
|upkeep
|
|t:|1641763221
|switch|p1a: Dragapult|Dragapult, F|100/100
|turn|8
|
|t:|1641763231
|move|p2a: Volcarona|Psychic|p1a: Dragapult
|-damage|p1a: Dragapult|24/100
|move|p1a: Dragapult|Thunder Wave|p2a: Volcarona
|-status|p2a: Volcarona|par
|
|upkeep
|turn|9
|
|t:|1641763245
|move|p1a: Dragapult|Hex|p2a: Volcarona
|-damage|p2a: Volcarona|0 fnt
|faint|p2a: Volcarona
|
|upkeep
|
|t:|1641763252
|switch|p2a: Luxray|Luxray, M|100/100
|turn|10
|
|t:|1641763271
|switch|p1a: Corviknight|Corviknight, M|100/100
|-ability|p1a: Corviknight|Pressure
|move|p2a: Luxray|Play Rough|p1a: Corviknight
|-resisted|p1a: Corviknight
|-damage|p1a: Corviknight|91/100
|
|-heal|p1a: Corviknight|97/100|[from] item: Leftovers
|-status|p2a: Luxray|brn|[from] item: Flame Orb
|upkeep
|turn|11
|
|t:|1641763286
|move|p2a: Luxray|Wild Charge|p1a: Corviknight
|-supereffective|p1a: Corviknight
|-damage|p1a: Corviknight|6/100
|-damage|p2a: Luxray|70/100 brn|[from] Recoil
|move|p1a: Corviknight|Body Press|p2a: Luxray
|-damage|p2a: Luxray|38/100 brn
|
|-heal|p1a: Corviknight|13/100|[from] item: Leftovers
|-damage|p2a: Luxray|32/100 brn|[from] brn
|upkeep
|turn|12
|
|t:|1641763298
|switch|p1a: Ninetales|Ninetales-Alola, F|83/100 tox
|-weather|Hail|[from] ability: Snow Warning|[of] p1a: Ninetales
|move|p2a: Luxray|Facade|p1a: Ninetales
|-damage|p1a: Ninetales|0 fnt
|faint|p1a: Ninetales
|
|-weather|Hail|[upkeep]
|-damage|p2a: Luxray|26/100 brn|[from] Hail
|-damage|p2a: Luxray|20/100 brn|[from] brn
|upkeep
|
|t:|1641763312
|switch|p1a: Toxapex|Toxapex, M|49/100
|turn|13
|
|t:|1641763320
|move|p2a: Luxray|Facade|p1a: Toxapex
|-damage|p1a: Toxapex|8/100
|move|p1a: Toxapex|Knock Off|p2a: Luxray
|-damage|p2a: Luxray|1/100 brn
|-enditem|p2a: Luxray|Flame Orb|[from] move: Knock Off|[of] p1a: Toxapex
|
|-weather|Hail|[upkeep]
|-damage|p2a: Luxray|0 fnt|[from] Hail
|-damage|p1a: Toxapex|1/100|[from] Hail
|faint|p2a: Luxray
|-heal|p1a: Toxapex|8/100|[from] item: Black Sludge
|upkeep
|
|t:|1641763333
|switch|p2a: Reuniclus|Reuniclus, M|100/100
|turn|14
|
|t:|1641763338
|move|p1a: Toxapex|Recover|p1a: Toxapex
|-heal|p1a: Toxapex|58/100
|move|p2a: Reuniclus|Grass Knot|p1a: Toxapex
|-damage|p1a: Toxapex|46/100
|
|-weather|Hail|[upkeep]
|-damage|p1a: Toxapex|39/100|[from] Hail
|-heal|p1a: Toxapex|46/100|[from] item: Black Sludge
|upkeep
|turn|15
|
|t:|1641763347
|move|p1a: Toxapex|Knock Off|p2a: Reuniclus
|-supereffective|p2a: Reuniclus
|-damage|p2a: Reuniclus|71/100
|-enditem|p2a: Reuniclus|Light Clay|[from] move: Knock Off|[of] p1a: Toxapex
|move|p2a: Reuniclus|Light Screen|p2a: Reuniclus
|-sidestart|p2: CeriPokemon|move: Light Screen
|
|-weather|Hail|[upkeep]
|-damage|p1a: Toxapex|39/100|[from] Hail
|-heal|p1a: Toxapex|46/100|[from] item: Black Sludge
|upkeep
|turn|16
|
|t:|1641763359
|move|p1a: Toxapex|Scald|p2a: Reuniclus
|-damage|p2a: Reuniclus|63/100
|-status|p2a: Reuniclus|brn
|move|p2a: Reuniclus|Calm Mind|p2a: Reuniclus
|-boost|p2a: Reuniclus|spa|1
|-boost|p2a: Reuniclus|spd|1
|
|-weather|none
|-heal|p1a: Toxapex|52/100|[from] item: Black Sludge
|upkeep
|turn|17
|
|t:|1641763378
|move|p1a: Toxapex|Haze|p1a: Toxapex
|-clearallboost
|move|p2a: Reuniclus|Calm Mind|p2a: Reuniclus
|-boost|p2a: Reuniclus|spa|1
|-boost|p2a: Reuniclus|spd|1
|
|-heal|p1a: Toxapex|58/100|[from] item: Black Sludge
|upkeep
|turn|18
|
|t:|1641763388
|move|p1a: Toxapex|Haze|p1a: Toxapex
|-clearallboost
|move|p2a: Reuniclus|Stored Power|p1a: Toxapex
|-supereffective|p1a: Toxapex
|-damage|p1a: Toxapex|38/100
|
|-heal|p1a: Toxapex|45/100|[from] item: Black Sludge
|upkeep
|turn|19
|
|t:|1641763408
|switch|p2a: Dragapult|Dragapult, M|100/100
|move|p1a: Toxapex|Recover|p1a: Toxapex
|-heal|p1a: Toxapex|95/100
|
|-heal|p1a: Toxapex|100/100|[from] item: Black Sludge
|-sideend|p2: CeriPokemon|move: Light Screen
|upkeep
|turn|20
|
|t:|1641763415
|move|p2a: Dragapult|Phantom Force||[still]
|-prepare|p2a: Dragapult|Phantom Force
|move|p1a: Toxapex|Knock Off|p2a: Dragapult|[miss]
|-miss|p1a: Toxapex|p2a: Dragapult
|
|upkeep
|turn|21
|
|t:|1641763423
|move|p2a: Dragapult|Phantom Force|p1a: Toxapex|[from]lockedmove
|-damage|p1a: Toxapex|55/100
|move|p1a: Toxapex|Knock Off|p2a: Dragapult
|-supereffective|p2a: Dragapult
|-damage|p2a: Dragapult|65/100
|-enditem|p2a: Dragapult|Choice Band|[from] move: Knock Off|[of] p1a: Toxapex
|
|-heal|p1a: Toxapex|61/100|[from] item: Black Sludge
|upkeep
|turn|22
|
|t:|1641763432
|move|p2a: Dragapult|Dragon Dance|p2a: Dragapult
|-boost|p2a: Dragapult|atk|1
|-boost|p2a: Dragapult|spe|1
|move|p1a: Toxapex|Knock Off|p2a: Dragapult
|-supereffective|p2a: Dragapult
|-damage|p2a: Dragapult|41/100
|
|-heal|p1a: Toxapex|68/100|[from] item: Black Sludge
|upkeep
|turn|23
|
|t:|1641763443
|move|p2a: Dragapult|Phantom Force||[still]
|-prepare|p2a: Dragapult|Phantom Force
|move|p1a: Toxapex|Haze|p1a: Toxapex
|-clearallboost
|
|-heal|p1a: Toxapex|74/100|[from] item: Black Sludge
|upkeep
|turn|24
|
|t:|1641763450
|move|p2a: Dragapult|Phantom Force|p1a: Toxapex|[from]lockedmove
|-damage|p1a: Toxapex|46/100
|move|p1a: Toxapex|Knock Off|p2a: Dragapult
|-supereffective|p2a: Dragapult
|-damage|p2a: Dragapult|16/100
|
|-heal|p1a: Toxapex|52/100|[from] item: Black Sludge
|upkeep
|turn|25
|
|t:|1641763460
|move|p2a: Dragapult|Dragon Dance|p2a: Dragapult
|-boost|p2a: Dragapult|atk|1
|-boost|p2a: Dragapult|spe|1
|move|p1a: Toxapex|Knock Off|p2a: Dragapult
|-supereffective|p2a: Dragapult
|-damage|p2a: Dragapult|0 fnt
|faint|p2a: Dragapult
|
|-heal|p1a: Toxapex|58/100|[from] item: Black Sludge
|upkeep
|
|t:|1641763464
|switch|p2a: Reuniclus|Reuniclus, M|63/100 brn
|turn|26
|
|t:|1641763472
|switch|p2a: Toxapex|Toxapex, M|100/100
|move|p1a: Toxapex|Knock Off|p2a: Toxapex
|-damage|p2a: Toxapex|91/100
|-enditem|p2a: Toxapex|Black Sludge|[from] move: Knock Off|[of] p1a: Toxapex
|
|-heal|p1a: Toxapex|65/100|[from] item: Black Sludge
|upkeep
|turn|27
|
|t:|1641763492
|switch|p1a: Kartana|Kartana|100/100
|move|p2a: Toxapex|Hydro Pump|p1a: Kartana|[miss]
|-miss|p2a: Toxapex|p1a: Kartana
|
|upkeep
|turn|28
|
|t:|1641763501
|move|p2a: Toxapex|Baneful Bunker|p2a: Toxapex
|-singleturn|p2a: Toxapex|move: Protect
|move|p1a: Kartana|Smart Strike|p2a: Toxapex
|-activate|p2a: Toxapex|move: Protect
|
|upkeep
|turn|29
|
|t:|1641763509
|move|p1a: Kartana|Smart Strike|p2a: Toxapex
|-resisted|p2a: Toxapex
|-damage|p2a: Toxapex|67/100
|move|p2a: Toxapex|Hydro Pump|p1a: Kartana|[miss]
|-miss|p2a: Toxapex|p1a: Kartana
|
|upkeep
|turn|30
|
|t:|1641763517
|move|p1a: Kartana|Smart Strike|p2a: Toxapex
|-resisted|p2a: Toxapex
|-damage|p2a: Toxapex|41/100
|move|p2a: Toxapex|Hydro Pump|p1a: Kartana
|-resisted|p1a: Kartana
|-damage|p1a: Kartana|55/100
|
|upkeep
|turn|31
|
|t:|1641763524
|move|p1a: Kartana|Smart Strike|p2a: Toxapex
|-resisted|p2a: Toxapex
|-damage|p2a: Toxapex|16/100
|move|p2a: Toxapex|Recover|p2a: Toxapex
|-heal|p2a: Toxapex|66/100
|
|upkeep
|turn|32
|
|t:|1641763539
|switch|p1a: Toxapex|Toxapex, M|98/100
|move|p2a: Toxapex|Hydro Pump|p1a: Toxapex
|-resisted|p1a: Toxapex
|-damage|p1a: Toxapex|85/100
|
|-heal|p1a: Toxapex|91/100|[from] item: Black Sludge
|upkeep
|turn|33
|
|t:|1641763548
|move|p2a: Toxapex|Hydro Pump|p1a: Toxapex
|-resisted|p1a: Toxapex
|-damage|p1a: Toxapex|77/100
|move|p1a: Toxapex|Scald|p2a: Toxapex
|-resisted|p2a: Toxapex
|-damage|p2a: Toxapex|59/100
|
|-heal|p1a: Toxapex|83/100|[from] item: Black Sludge
|upkeep
|turn|34
|
|t:|1641763558
|switch|p2a: Reuniclus|Reuniclus, M|63/100 brn
|move|p1a: Toxapex|Scald|p2a: Reuniclus
|-damage|p2a: Reuniclus|47/100 brn
|
|-heal|p1a: Toxapex|90/100|[from] item: Black Sludge
|upkeep
|turn|35
|
|t:|1641763566
|move|p1a: Toxapex|Knock Off|p2a: Reuniclus
|-supereffective|p2a: Reuniclus
|-damage|p2a: Reuniclus|29/100 brn
|move|p2a: Reuniclus|Light Screen|p2a: Reuniclus
|-sidestart|p2: CeriPokemon|move: Light Screen
|
|-heal|p1a: Toxapex|96/100|[from] item: Black Sludge
|upkeep
|turn|36
|inactive|CeriPokemon has 270 seconds left.
|l|☆CeriPokemon
|inactive|CeriPokemon disconnected and has 300 seconds to reconnect!
|player|p2|
|j|☆CeriPokemon
|inactive|CeriPokemon reconnected and has 270 seconds left.
|player|p2|CeriPokemon|flannery
|
|t:|1641763617
|move|p1a: Toxapex|Knock Off|p2a: Reuniclus
|-supereffective|p2a: Reuniclus
|-damage|p2a: Reuniclus|9/100 brn
|move|p2a: Reuniclus|Calm Mind|p2a: Reuniclus
|-boost|p2a: Reuniclus|spa|1
|-boost|p2a: Reuniclus|spd|1
|
|-heal|p1a: Toxapex|100/100|[from] item: Black Sludge
|upkeep
|turn|37
|
|t:|1641763626
|move|p1a: Toxapex|Knock Off|p2a: Reuniclus
|-supereffective|p2a: Reuniclus
|-damage|p2a: Reuniclus|0 fnt
|faint|p2a: Reuniclus
|
|upkeep
|
|t:|1641763628
|switch|p2a: Toxapex|Toxapex, M|59/100
|turn|38
|
|t:|1641763632
|move|p2a: Toxapex|Hydro Pump|p1a: Toxapex
|-resisted|p1a: Toxapex
|-damage|p1a: Toxapex|88/100
|move|p1a: Toxapex|Scald|p2a: Toxapex
|-resisted|p2a: Toxapex
|-damage|p2a: Toxapex|56/100
|-status|p2a: Toxapex|brn
|
|-heal|p1a: Toxapex|95/100|[from] item: Black Sludge
|-damage|p2a: Toxapex|50/100 brn|[from] brn
|upkeep
|turn|39
|
|t:|1641763645
|move|p2a: Toxapex|Hydro Pump|p1a: Toxapex|[miss]
|-miss|p2a: Toxapex|p1a: Toxapex
|move|p1a: Toxapex|Knock Off|p2a: Toxapex
|-damage|p2a: Toxapex|42/100 brn
|
|-heal|p1a: Toxapex|100/100|[from] item: Black Sludge
|-damage|p2a: Toxapex|36/100 brn|[from] brn
|-sideend|p2: CeriPokemon|move: Light Screen
|upkeep
|turn|40
|
|t:|1641763656
|move|p2a: Toxapex|Hydro Pump|p1a: Toxapex
|-resisted|p1a: Toxapex
|-damage|p1a: Toxapex|89/100
|move|p1a: Toxapex|Knock Off|p2a: Toxapex
|-damage|p2a: Toxapex|29/100 brn
|
|-heal|p1a: Toxapex|95/100|[from] item: Black Sludge
|-damage|p2a: Toxapex|23/100 brn|[from] brn
|upkeep
|turn|41
|
|t:|1641763670
|move|p2a: Toxapex|Venoshock|p1a: Toxapex
|-resisted|p1a: Toxapex
|-damage|p1a: Toxapex|87/100
|move|p1a: Toxapex|Knock Off|p2a: Toxapex
|-damage|p2a: Toxapex|17/100 brn
|
|-heal|p1a: Toxapex|93/100|[from] item: Black Sludge
|-damage|p2a: Toxapex|10/100 brn|[from] brn
|upkeep
|turn|42
|
|t:|1641763679
|move|p1a: Toxapex|Knock Off|p2a: Toxapex
|-damage|p2a: Toxapex|3/100 brn
|move|p2a: Toxapex|Venoshock|p1a: Toxapex
|-resisted|p1a: Toxapex
|-damage|p1a: Toxapex|85/100
|
|-heal|p1a: Toxapex|92/100|[from] item: Black Sludge
|-damage|p2a: Toxapex|0 fnt|[from] brn
|faint|p2a: Toxapex
|
|win|txikimandy
|upkeep
|c| Flashvert6|gg!
|c|☆CeriPokemon|gg
|c|☆txikimandy|gg ceri!!
|l|☆CeriPokemon
|c| galarian stoner|yay gg!
|l| galarian stoner
|l|☆txikimandy
