|j|☆marchin
|j|☆PurpleBeans13
|t:|1641847093
|gametype|singles
|player|p1|marchin|benga|1339
|player|p2|PurpleBeans13|gladion-stance|1287
|teamsize|p1|6
|teamsize|p2|6
|gen|8
|tier|[Gen 8] OU
|rated|
|rule|Sleep Clause Mod: Limit one foe put to sleep
|rule|Species Clause: Limit one of each Pokémon
|rule|OHKO Clause: OHKO moves are banned
|rule|Evasion Moves Clause: Evasion moves are banned
|rule|Endless Battle Clause: Forcing endless battles is banned
|rule|HP Percentage Mod: HP is shown in percentages
|rule|Dynamax Clause: You cannot dynamax
|clearpoke
|poke|p1|Corviknight, M|
|poke|p1|Toxapex, M|
|poke|p1|Excadrill, F|
|poke|p1|Victini|
|poke|p1|Tapu Lele|
|poke|p1|Kartana|
|poke|p2|Torkoal, M|
|poke|p2|Venusaur, F|
|poke|p2|Rotom-Heat|
|poke|p2|Mandibuzz, F|
|poke|p2|Clefable, M|
|poke|p2|Garchomp, F|
|teampreview
|inactive|Battle timer is ON: inactive players will automatically lose when time's up. (requested by PurpleBeans13)
|
|t:|1641847102
|start
|switch|p1a: Excadrill|Excadrill, F|100/100
|switch|p2a: Torkoal|Torkoal, M|100/100
|-ability|p1a: Excadrill|Mold Breaker
|-weather|SunnyDay|[from] ability: Drought|[of] p2a: Torkoal
|turn|1
|
|t:|1641847110
|switch|p2a: Mandibuzz|Mandibuzz, F|100/100
|move|p1a: Excadrill|Stealth Rock|p2a: Mandibuzz
|-sidestart|p2: PurpleBeans13|move: Stealth Rock
|
|-weather|SunnyDay|[upkeep]
|upkeep
|turn|2
|
|t:|1641847116
|switch|p1a: Tapu Lele|Tapu Lele|100/100
|-fieldstart|move: Psychic Terrain|[from] ability: Psychic Surge|[of] p1a: Tapu Lele
|move|p2a: Mandibuzz|Defog|p1a: Tapu Lele
|-unboost|p1a: Tapu Lele|evasion|1
|-sideend|p2: PurpleBeans13|Stealth Rock|[from] move: Defog|[of] p2a: Mandibuzz
|-fieldend|move: Psychic Terrain
|
|-weather|SunnyDay|[upkeep]
|upkeep
|turn|3
|
|t:|1641847128
|switch|p2a: Rotom|Rotom-Heat|100/100
|move|p1a: Tapu Lele|Psychic|p2a: Rotom
|-damage|p2a: Rotom|66/100
|
|-weather|SunnyDay|[upkeep]
|upkeep
|turn|4
|
|t:|1641847140
|move|p1a: Tapu Lele|Psychic|p2a: Rotom
|-damage|p2a: Rotom|26/100
|move|p2a: Rotom|Nasty Plot|p2a: Rotom
|-boost|p2a: Rotom|spa|2
|
|-weather|SunnyDay|[upkeep]
|upkeep
|turn|5
|
|t:|1641847148
|switch|p2a: Mandibuzz|Mandibuzz, F|100/100
|move|p1a: Tapu Lele|Psychic|p2a: Mandibuzz
|-immune|p2a: Mandibuzz
|
|-weather|SunnyDay|[upkeep]
|upkeep
|turn|6
|
|t:|1641847154
|switch|p1a: Toxapex|Toxapex, M|100/100
|move|p2a: Mandibuzz|U-turn|p1a: Toxapex
|-resisted|p1a: Toxapex
|-damage|p1a: Toxapex|97/100
|
|t:|1641847158
|switch|p2a: Rotom|Rotom-Heat|26/100|[from]move: U-turn
|
|-weather|SunnyDay|[upkeep]
|-heal|p1a: Toxapex|100/100|[from] item: Black Sludge
|upkeep
|turn|7
|
|t:|1641847161
|switch|p1a: Excadrill|Excadrill, F|100/100
|-ability|p1a: Excadrill|Mold Breaker
|move|p2a: Rotom|Pain Split|p1a: Excadrill
|-sethp|p1a: Excadrill|61/100|[from] move: Pain Split|[silent]
|-sethp|p2a: Rotom|73/100|[from] move: Pain Split
|
|-weather|SunnyDay|[upkeep]
|-heal|p1a: Excadrill|67/100|[from] item: Leftovers
|upkeep
|turn|8
|
|t:|1641847172
|switch|p2a: Mandibuzz|Mandibuzz, F|100/100
|move|p1a: Excadrill|Earthquake|p2a: Mandibuzz
|-immune|p2a: Mandibuzz
|
|-weather|none
|-heal|p1a: Excadrill|73/100|[from] item: Leftovers
|upkeep
|turn|9
|
|t:|1641847177
|move|p1a: Excadrill|Stealth Rock|p2a: Mandibuzz
|-sidestart|p2: PurpleBeans13|move: Stealth Rock
|move|p2a: Mandibuzz|U-turn|p1a: Excadrill
|-resisted|p1a: Excadrill
|-damage|p1a: Excadrill|65/100
|
|t:|1641847188
|switch|p2a: Garchomp|Garchomp, F|100/100|[from]move: U-turn
|-damage|p2a: Garchomp|94/100|[from] Stealth Rock
|
|-heal|p1a: Excadrill|71/100|[from] item: Leftovers
|-heal|p2a: Garchomp|100/100|[from] item: Leftovers
|upkeep
|turn|10
|
|t:|1641847193
|switch|p1a: Corviknight|Corviknight, M|100/100
|-ability|p1a: Corviknight|Pressure
|move|p2a: Garchomp|Stealth Rock|p1a: Corviknight
|-sidestart|p1: marchin|move: Stealth Rock
|
|upkeep
|turn|11
|
|t:|1641847201
|move|p2a: Garchomp|Fire Blast|p1a: Corviknight
|-supereffective|p1a: Corviknight
|-damage|p1a: Corviknight|66/100
|move|p1a: Corviknight|Brave Bird|p2a: Garchomp
|-damage|p2a: Garchomp|69/100
|-damage|p1a: Corviknight|54/100|[from] ability: Rough Skin|[of] p2a: Garchomp
|-damage|p1a: Corviknight|43/100|[from] Recoil
|
|-heal|p2a: Garchomp|75/100|[from] item: Leftovers
|upkeep
|turn|12
|
|t:|1641847219
|switch|p2a: Mandibuzz|Mandibuzz, F|100/100
|move|p1a: Corviknight|Roost|p1a: Corviknight
|-heal|p1a: Corviknight|93/100
|-singleturn|p1a: Corviknight|move: Roost
|
|upkeep
|turn|13
|
|t:|1641847231
|move|p2a: Mandibuzz|Defog|p1a: Corviknight
|-unboost|p1a: Corviknight|evasion|1
|-sideend|p1: marchin|Stealth Rock|[from] move: Defog|[of] p2a: Mandibuzz
|-sideend|p2: PurpleBeans13|Stealth Rock|[from] move: Defog|[of] p2a: Mandibuzz
|move|p1a: Corviknight|U-turn|p2a: Mandibuzz
|-damage|p2a: Mandibuzz|92/100
|
|t:|1641847234
|switch|p1a: Tapu Lele|Tapu Lele|100/100|[from]move: U-turn
|-fieldstart|move: Psychic Terrain|[from] ability: Psychic Surge|[of] p1a: Tapu Lele
|
|upkeep
|turn|14
|
|t:|1641847247
|switch|p2a: Rotom|Rotom-Heat|73/100
|move|p1a: Tapu Lele|Moonblast|p2a: Rotom
|-resisted|p2a: Rotom
|-damage|p2a: Rotom|53/100
|-unboost|p2a: Rotom|spa|1
|
|upkeep
|turn|15
|
|t:|1641847253
|switch|p1a: Excadrill|Excadrill, F|71/100
|-ability|p1a: Excadrill|Mold Breaker
|move|p2a: Rotom|Pain Split|p1a: Excadrill
|-sethp|p1a: Excadrill|58/100|[from] move: Pain Split|[silent]
|-sethp|p2a: Rotom|69/100|[from] move: Pain Split
|
|-heal|p1a: Excadrill|64/100|[from] item: Leftovers
|upkeep
|turn|16
|
|t:|1641847260
|switch|p1a: Tapu Lele|Tapu Lele|100/100
|switch|p2a: Mandibuzz|Mandibuzz, F|92/100
|
|upkeep
|turn|17
|
|t:|1641847266
|move|p1a: Tapu Lele|Moonblast|p2a: Mandibuzz
|-supereffective|p2a: Mandibuzz
|-damage|p2a: Mandibuzz|14/100
|move|p2a: Mandibuzz|U-turn|p1a: Tapu Lele
|-damage|p1a: Tapu Lele|84/100
|
|t:|1641847274
|switch|p2a: Torkoal|Torkoal, M|100/100|[from]move: U-turn
|-weather|SunnyDay|[from] ability: Drought|[of] p2a: Torkoal
|
|-weather|SunnyDay|[upkeep]
|-fieldend|move: Psychic Terrain
|upkeep
|turn|18
|
|t:|1641847277
|switch|p1a: Toxapex|Toxapex, M|100/100
|switch|p2a: Venusaur|Venusaur, F|100/100
|
|-weather|SunnyDay|[upkeep]
|upkeep
|turn|19
|
|t:|1641847283
|move|p2a: Venusaur|Growth|p2a: Venusaur
|-boost|p2a: Venusaur|atk|2
|-boost|p2a: Venusaur|spa|2
|move|p1a: Toxapex|Knock Off|p2a: Venusaur
|-damage|p2a: Venusaur|79/100
|-enditem|p2a: Venusaur|Life Orb|[from] move: Knock Off|[of] p1a: Toxapex
|
|-weather|SunnyDay|[upkeep]
|upkeep
|turn|20
|
|t:|1641847288
|move|p2a: Venusaur|Giga Drain|p1a: Toxapex
|-damage|p1a: Toxapex|37/100
|-heal|p2a: Venusaur|100/100|[from] drain|[of] p1a: Toxapex
|move|p1a: Toxapex|Toxic Spikes|p2a: Venusaur
|-sidestart|p2: PurpleBeans13|move: Toxic Spikes
|
|-weather|SunnyDay|[upkeep]
|-heal|p1a: Toxapex|44/100|[from] item: Black Sludge
|upkeep
|turn|21
|
|t:|1641847295
|move|p2a: Venusaur|Giga Drain|p1a: Toxapex
|-damage|p1a: Toxapex|0 fnt
|faint|p1a: Toxapex
|
|-weather|SunnyDay|[upkeep]
|upkeep
|
|t:|1641847301
|switch|p1a: Kartana|Kartana|100/100
|turn|22
|
|t:|1641847306
|move|p2a: Venusaur|Weather Ball|p1a: Kartana
|-supereffective|p1a: Kartana
|-crit|p1a: Kartana
|-enditem|p1a: Kartana|Focus Sash
|-damage|p1a: Kartana|1/100
|move|p1a: Kartana|Smart Strike|p2a: Venusaur
|-damage|p2a: Venusaur|42/100
|
|-weather|SunnyDay|[upkeep]
|upkeep
|turn|23
|
|t:|1641847312
|move|p2a: Venusaur|Weather Ball|p1a: Kartana
|-supereffective|p1a: Kartana
|-damage|p1a: Kartana|0 fnt
|faint|p1a: Kartana
|
|-weather|SunnyDay|[upkeep]
|upkeep
|
|t:|1641847315
|switch|p1a: Tapu Lele|Tapu Lele|84/100
|-fieldstart|move: Psychic Terrain|[from] ability: Psychic Surge|[of] p1a: Tapu Lele
|turn|24
|
|t:|1641847332
|switch|p1a: Corviknight|Corviknight, M|93/100
|-ability|p1a: Corviknight|Pressure
|move|p2a: Venusaur|Sludge Bomb|p1a: Corviknight
|-immune|p1a: Corviknight
|
|-weather|none
|upkeep
|turn|25
|
|t:|1641847342
|switch|p2a: Rotom|Rotom-Heat|69/100
|move|p1a: Corviknight|U-turn|p2a: Rotom
|-resisted|p2a: Rotom
|-damage|p2a: Rotom|61/100
|
|t:|1641847346
|switch|p1a: Excadrill|Excadrill, F|64/100|[from]move: U-turn
|-ability|p1a: Excadrill|Mold Breaker
|
|-heal|p1a: Excadrill|70/100|[from] item: Leftovers
|upkeep
|turn|26
|
|t:|1641847354
|switch|p2a: Mandibuzz|Mandibuzz, F|14/100
|move|p1a: Excadrill|Earthquake|p2a: Mandibuzz
|-immune|p2a: Mandibuzz
|
|-heal|p1a: Excadrill|76/100|[from] item: Leftovers
|upkeep
|turn|27
|
|t:|1641847357
|move|p1a: Excadrill|Iron Head|p2a: Mandibuzz
|-damage|p2a: Mandibuzz|0 fnt
|faint|p2a: Mandibuzz
|
|-heal|p1a: Excadrill|82/100|[from] item: Leftovers
|upkeep
|
|t:|1641847377
|switch|p2a: Torkoal|Torkoal, M|100/100
|-status|p2a: Torkoal|psn
|-weather|SunnyDay|[from] ability: Drought|[of] p2a: Torkoal
|turn|28
|
|t:|1641847381
|move|p1a: Excadrill|Stealth Rock|p2a: Torkoal
|-sidestart|p2: PurpleBeans13|move: Stealth Rock
|move|p2a: Torkoal|Weather Ball|p1a: Excadrill
|-supereffective|p1a: Excadrill
|-damage|p1a: Excadrill|0 fnt
|faint|p1a: Excadrill
|
|-weather|SunnyDay|[upkeep]
|-damage|p2a: Torkoal|88/100 psn|[from] psn
|-fieldend|move: Psychic Terrain
|upkeep
|
|t:|1641847384
|switch|p1a: Tapu Lele|Tapu Lele|84/100
|-fieldstart|move: Psychic Terrain|[from] ability: Psychic Surge|[of] p1a: Tapu Lele
|turn|29
|
|t:|1641847392
|move|p1a: Tapu Lele|Psychic|p2a: Torkoal
|-damage|p2a: Torkoal|12/100 psn
|-unboost|p2a: Torkoal|spd|1
|move|p2a: Torkoal|Weather Ball|p1a: Tapu Lele
|-damage|p1a: Tapu Lele|31/100
|
|-weather|SunnyDay|[upkeep]
|-damage|p2a: Torkoal|0 fnt|[from] psn
|faint|p2a: Torkoal
|upkeep
|
|t:|1641847397
|switch|p2a: Venusaur|Venusaur, F|42/100
|-damage|p2a: Venusaur|30/100|[from] Stealth Rock
|-sideend|p2: PurpleBeans13|move: Toxic Spikes|[of] p2a: Venusaur
|turn|30
|
|t:|1641847403
|switch|p1a: Corviknight|Corviknight, M|93/100
|-ability|p1a: Corviknight|Pressure
|move|p2a: Venusaur|Sludge Bomb|p1a: Corviknight
|-immune|p1a: Corviknight
|
|-weather|SunnyDay|[upkeep]
|upkeep
|turn|31
|
|t:|1641847407
|switch|p1a: Victini|Victini|100/100
|move|p2a: Venusaur|Weather Ball|p1a: Victini
|-resisted|p1a: Victini
|-damage|p1a: Victini|76/100
|
|-weather|SunnyDay|[upkeep]
|upkeep
|turn|32
|
|t:|1641847413
|switch|p2a: Rotom|Rotom-Heat|61/100
|move|p1a: Victini|Expanding Force|p2a: Rotom
|-damage|p2a: Rotom|7/100
|
|-weather|SunnyDay|[upkeep]
|upkeep
|turn|33
|
|t:|1641847417
|move|p1a: Victini|Expanding Force|p2a: Rotom
|-damage|p2a: Rotom|0 fnt
|faint|p2a: Rotom
|
|-weather|SunnyDay|[upkeep]
|-fieldend|move: Psychic Terrain
|upkeep
|
|t:|1641847421
|switch|p2a: Clefable|Clefable, M|100/100
|turn|34
|
|t:|1641847431
|move|p1a: Victini|Blue Flare|p2a: Clefable|[miss]
|-miss|p1a: Victini|p2a: Clefable
|move|p2a: Clefable|Calm Mind|p2a: Clefable
|-boost|p2a: Clefable|spa|1
|-boost|p2a: Clefable|spd|1
|
|-weather|SunnyDay|[upkeep]
|upkeep
|turn|35
|
|t:|1641847434
|move|p1a: Victini|Blue Flare|p2a: Clefable|[miss]
|-miss|p1a: Victini|p2a: Clefable
|move|p2a: Clefable|Calm Mind|p2a: Clefable
|-boost|p2a: Clefable|spa|1
|-boost|p2a: Clefable|spd|1
|
|-weather|none
|upkeep
|turn|36
|
|t:|1641847438
|move|p1a: Victini|Blue Flare|p2a: Clefable|[miss]
|-miss|p1a: Victini|p2a: Clefable
|move|p2a: Clefable|Wish|p2a: Clefable
|
|upkeep
|turn|37
|
|t:|1641847441
|move|p1a: Victini|Blue Flare|p2a: Clefable
|-damage|p2a: Clefable|75/100
|move|p2a: Clefable|Calm Mind|p2a: Clefable
|-boost|p2a: Clefable|spa|1
|-boost|p2a: Clefable|spd|1
|
|-heal|p2a: Clefable|100/100|[from] move: Wish|[wisher] Clefable
|upkeep
|turn|38
|
|t:|1641847446
|move|p1a: Victini|U-turn|p2a: Clefable
|-resisted|p2a: Clefable
|-crit|p2a: Clefable
|-damage|p2a: Clefable|92/100
|
|t:|1641847448
|switch|p1a: Corviknight|Corviknight, M|93/100|[from]move: U-turn
|-ability|p1a: Corviknight|Pressure
|move|p2a: Clefable|Moonblast|p1a: Corviknight
|-resisted|p1a: Corviknight
|-damage|p1a: Corviknight|58/100
|
|-heal|p2a: Clefable|98/100|[from] item: Leftovers
|upkeep
|turn|39
|
|t:|1641847453
|move|p1a: Corviknight|Roost|p1a: Corviknight
|-heal|p1a: Corviknight|100/100
|-singleturn|p1a: Corviknight|move: Roost
|move|p2a: Clefable|Wish|p2a: Clefable
|
|-heal|p2a: Clefable|100/100|[from] item: Leftovers
|upkeep
|turn|40
|
|t:|1641847457
|move|p1a: Corviknight|Brave Bird|p2a: Clefable
|-damage|p2a: Clefable|71/100
|-damage|p1a: Corviknight|91/100|[from] Recoil
|move|p2a: Clefable|Calm Mind|p2a: Clefable
|-boost|p2a: Clefable|spa|1
|-boost|p2a: Clefable|spd|1
|
|-heal|p2a: Clefable|100/100|[from] move: Wish|[wisher] Clefable
|upkeep
|turn|41
|
|t:|1641847459
|move|p1a: Corviknight|Brave Bird|p2a: Clefable
|-damage|p2a: Clefable|72/100
|-damage|p1a: Corviknight|81/100|[from] Recoil
|move|p2a: Clefable|Calm Mind|p2a: Clefable
|-boost|p2a: Clefable|spa|1
|-boost|p2a: Clefable|spd|1
|
|-heal|p2a: Clefable|78/100|[from] item: Leftovers
|upkeep
|turn|42
|
|t:|1641847462
|move|p1a: Corviknight|Brave Bird|p2a: Clefable
|-damage|p2a: Clefable|52/100
|-damage|p1a: Corviknight|73/100|[from] Recoil
|move|p2a: Clefable|Wish|p2a: Clefable
|
|-heal|p2a: Clefable|58/100|[from] item: Leftovers
|upkeep
|turn|43
|
|t:|1641847466
|move|p1a: Corviknight|Brave Bird|p2a: Clefable
|-damage|p2a: Clefable|30/100
|-damage|p1a: Corviknight|64/100|[from] Recoil
|move|p2a: Clefable|Moonblast|p1a: Corviknight
|-resisted|p1a: Corviknight
|-damage|p1a: Corviknight|8/100
|
|-heal|p2a: Clefable|80/100|[from] move: Wish|[wisher] Clefable
|-heal|p2a: Clefable|87/100|[from] item: Leftovers
|upkeep
|turn|44
|
|t:|1641847471
|move|p1a: Corviknight|Roost|p1a: Corviknight
|-heal|p1a: Corviknight|58/100
|-singleturn|p1a: Corviknight|move: Roost
|move|p2a: Clefable|Moonblast|p1a: Corviknight
|-resisted|p1a: Corviknight
|-damage|p1a: Corviknight|5/100
|
|-heal|p2a: Clefable|93/100|[from] item: Leftovers
|upkeep
|turn|45
|
|t:|1641847473
|move|p1a: Corviknight|Roost|p1a: Corviknight
|-heal|p1a: Corviknight|55/100
|-singleturn|p1a: Corviknight|move: Roost
|move|p2a: Clefable|Moonblast|p1a: Corviknight
|-resisted|p1a: Corviknight
|-damage|p1a: Corviknight|5/100
|
|-heal|p2a: Clefable|99/100|[from] item: Leftovers
|upkeep
|turn|46
|
|t:|1641847477
|move|p1a: Corviknight|Roost|p1a: Corviknight
|-heal|p1a: Corviknight|56/100
|-singleturn|p1a: Corviknight|move: Roost
|move|p2a: Clefable|Moonblast|p1a: Corviknight
|-resisted|p1a: Corviknight
|-damage|p1a: Corviknight|0 fnt
|faint|p1a: Corviknight
|
|-heal|p2a: Clefable|100/100|[from] item: Leftovers
|upkeep
|
|t:|1641847484
|switch|p1a: Tapu Lele|Tapu Lele|31/100
|-fieldstart|move: Psychic Terrain|[from] ability: Psychic Surge|[of] p1a: Tapu Lele
|turn|47
|
|t:|1641847489
|move|p1a: Tapu Lele|Moonblast|p2a: Clefable
|-damage|p2a: Clefable|87/100
|move|p2a: Clefable|Moonblast|p1a: Tapu Lele
|-damage|p1a: Tapu Lele|0 fnt
|faint|p1a: Tapu Lele
|
|-heal|p2a: Clefable|93/100|[from] item: Leftovers
|upkeep
|
|t:|1641847493
|switch|p1a: Victini|Victini|76/100
|turn|48
|
|t:|1641847495
|move|p1a: Victini|Expanding Force|p2a: Clefable
|-damage|p2a: Clefable|76/100
|move|p2a: Clefable|Moonblast|p1a: Victini
|-resisted|p1a: Victini
|-damage|p1a: Victini|20/100
|
|-heal|p2a: Clefable|82/100|[from] item: Leftovers
|upkeep
|turn|49
|
|t:|1641847498
|move|p1a: Victini|Expanding Force|p2a: Clefable
|-damage|p2a: Clefable|64/100
|move|p2a: Clefable|Moonblast|p1a: Victini
|-resisted|p1a: Victini
|-damage|p1a: Victini|0 fnt
|faint|p1a: Victini
|
|win|PurpleBeans13
|raw|marchin's rating: 1339 &rarr; <strong>1316</strong><br />(-23 for losing)
|raw|PurpleBeans13's rating: 1287 &rarr; <strong>1316</strong><br />(+29 for winning)
|l|☆marchin
