|j|☆lapt1
|j|☆Pacool
|t:|1641825614
|gametype|singles
|player|p1|lapt1|red-gen7|1315
|player|p2|Pacool|veteran|1302
|teamsize|p1|6
|teamsize|p2|6
|gen|8
|tier|[Gen 8] OU
|rated|
|rule|Sleep Clause Mod: Limit one foe put to sleep
|rule|Species Clause: Limit one of each Pokémon
|rule|OHKO Clause: OHKO moves are banned
|rule|Evasion Moves Clause: Evasion moves are banned
|rule|Endless Battle Clause: Forcing endless battles is banned
|rule|HP Percentage Mod: HP is shown in percentages
|rule|Dynamax Clause: You cannot dynamax
|clearpoke
|poke|p1|Zapdos-Galar|
|poke|p1|Dragapult, F|
|poke|p1|Hatterene, F|
|poke|p1|Blissey, F|
|poke|p1|Skarmory, F|
|poke|p1|Weavile, F|
|poke|p2|Pelipper, F|
|poke|p2|Barraskewda, M|
|poke|p2|Seismitoad, M|
|poke|p2|Tapu Koko|
|poke|p2|Tornadus-Therian, M|
|poke|p2|Ludicolo, F|
|teampreview
|
|t:|1641825629
|start
|switch|p1a: Blissey|Blissey, F|100/100
|switch|p2a: Pelipper|Pelipper, F|100/100
|-weather|RainDance|[from] ability: Drizzle|[of] p2a: Pelipper
|turn|1
|
|t:|1641825636
|move|p2a: Pelipper|U-turn|p1a: Blissey
|-damage|p1a: Blissey|93/100
|
|t:|1641825639
|switch|p2a: Barraskewda|Barraskewda, M|100/100|[from]move: U-turn
|move|p1a: Blissey|Thunder Wave|p2a: Barraskewda
|-status|p2a: Barraskewda|par
|
|-weather|RainDance|[upkeep]
|upkeep
|turn|2
|
|t:|1641825650
|switch|p1a: Skarmory|Skarmory, F|100/100
|move|p2a: Barraskewda|Liquidation|p1a: Skarmory
|-damage|p1a: Skarmory|45/100
|-damage|p2a: Barraskewda|84/100 par|[from] item: Rocky Helmet|[of] p1a: Skarmory
|-damage|p2a: Barraskewda|74/100 par|[from] item: Life Orb
|
|-weather|RainDance|[upkeep]
|upkeep
|turn|3
|
|t:|1641825665
|move|p2a: Barraskewda|Liquidation|p1a: Skarmory
|-damage|p1a: Skarmory|0 fnt
|-damage|p2a: Barraskewda|58/100 par|[from] item: Rocky Helmet|[of] p1a: Skarmory
|faint|p1a: Skarmory
|-damage|p2a: Barraskewda|48/100 par|[from] item: Life Orb
|
|-weather|RainDance|[upkeep]
|upkeep
|
|t:|1641825678
|switch|p1a: Zapdos|Zapdos-Galar|100/100
|turn|4
|
|t:|1641825688
|move|p1a: Zapdos|Brave Bird|p2a: Barraskewda
|-damage|p2a: Barraskewda|0 fnt
|faint|p2a: Barraskewda
|-damage|p1a: Zapdos|88/100|[from] Recoil
|
|-weather|RainDance|[upkeep]
|upkeep
|
|t:|1641825695
|switch|p2a: Tapu Koko|Tapu Koko|100/100
|-fieldstart|move: Electric Terrain|[from] ability: Electric Surge|[of] p2a: Tapu Koko
|turn|5
|
|t:|1641825701
|switch|p1a: Blissey|Blissey, F|93/100
|move|p2a: Tapu Koko|Thunder|p1a: Blissey
|-damage|p1a: Blissey|63/100
|-damage|p2a: Tapu Koko|91/100|[from] item: Life Orb
|
|-weather|RainDance|[upkeep]
|upkeep
|turn|6
|
|t:|1641825718
|move|p2a: Tapu Koko|Volt Switch|p1a: Blissey
|-damage|p1a: Blissey|46/100
|-damage|p2a: Tapu Koko|81/100|[from] item: Life Orb
|
|t:|1641825723
|switch|p2a: Tornadus|Tornadus-Therian, M|100/100|[from]move: Volt Switch
|move|p1a: Blissey|Thunder Wave|p2a: Tornadus
|-status|p2a: Tornadus|par
|
|-weather|RainDance|[upkeep]
|upkeep
|turn|7
|
|t:|1641825734
|switch|p1a: Hatterene|Hatterene, F|100/100
|move|p2a: Tornadus|U-turn|p1a: Hatterene
|-damage|p1a: Hatterene|89/100
|
|t:|1641825741
|switch|p2a: Ludicolo|Ludicolo, F|100/100|[from]move: U-turn
|
|-weather|RainDance|[upkeep]
|-heal|p1a: Hatterene|95/100|[from] item: Leftovers
|upkeep
|turn|8
|
|t:|1641825748
|move|p2a: Ludicolo|Hydro Pump|p1a: Hatterene
|-damage|p1a: Hatterene|2/100
|-damage|p2a: Ludicolo|91/100|[from] item: Life Orb
|move|p1a: Hatterene|Draining Kiss|p2a: Ludicolo
|-damage|p2a: Ludicolo|65/100
|-heal|p1a: Hatterene|21/100|[from] drain|[of] p2a: Ludicolo
|
|-weather|none
|-heal|p1a: Hatterene|27/100|[from] item: Leftovers
|upkeep
|turn|9
|
|t:|1641825765
|switch|p1a: Blissey|Blissey, F|46/100
|move|p2a: Ludicolo|Giga Drain|p1a: Blissey
|-damage|p1a: Blissey|30/100
|-heal|p2a: Ludicolo|84/100|[from] drain|[of] p1a: Blissey
|-damage|p2a: Ludicolo|74/100|[from] item: Life Orb
|
|-fieldend|move: Electric Terrain
|upkeep
|turn|10
|
|t:|1641825776
|move|p2a: Ludicolo|Hydro Pump|p1a: Blissey
|-damage|p1a: Blissey|9/100
|-damage|p2a: Ludicolo|64/100|[from] item: Life Orb
|move|p1a: Blissey|Soft-Boiled|p1a: Blissey
|-heal|p1a: Blissey|59/100
|
|upkeep
|turn|11
|
|t:|1641825784
|switch|p2a: Pelipper|Pelipper, F|100/100
|-weather|RainDance|[from] ability: Drizzle|[of] p2a: Pelipper
|move|p1a: Blissey|Thunder Wave|p2a: Pelipper
|-status|p2a: Pelipper|par
|
|-weather|RainDance|[upkeep]
|upkeep
|turn|12
|
|t:|1641825808
|move|p1a: Blissey|Soft-Boiled|p1a: Blissey
|-heal|p1a: Blissey|100/100
|cant|p2a: Pelipper|par
|
|-weather|RainDance|[upkeep]
|upkeep
|turn|13
|
|t:|1641825814
|cant|p2a: Pelipper|par
|move|p1a: Blissey|Teleport|p1a: Blissey
|
|t:|1641825826
|switch|p1a: Hatterene|Hatterene, F|27/100|[from]move: Teleport
|
|-weather|RainDance|[upkeep]
|-heal|p1a: Hatterene|33/100|[from] item: Leftovers
|upkeep
|turn|14
|
|t:|1641825832
|move|p1a: Hatterene|Draining Kiss|p2a: Pelipper
|-damage|p2a: Pelipper|68/100 par
|-heal|p1a: Hatterene|58/100|[from] drain|[of] p2a: Pelipper
|move|p2a: Pelipper|Scald|p1a: Hatterene
|-crit|p1a: Hatterene
|-damage|p1a: Hatterene|0 fnt
|faint|p1a: Hatterene
|
|-weather|RainDance|[upkeep]
|upkeep
|
|t:|1641825845
|switch|p1a: Dragapult|Dragapult, F|100/100
|turn|15
|
|t:|1641825851
|switch|p2a: Seismitoad|Seismitoad, M|100/100
|move|p1a: Dragapult|Dragon Darts|p2a: Seismitoad
|-damage|p2a: Seismitoad|49/100
|-anim|p1a: Dragapult|Dragon Darts|p2a: Seismitoad
|-damage|p2a: Seismitoad|0 fnt
|faint|p2a: Seismitoad
|
|-weather|RainDance|[upkeep]
|upkeep
|
|t:|1641825867
|switch|p2a: Ludicolo|Ludicolo, F|64/100
|turn|16
|
|t:|1641825871
|switch|p1a: Blissey|Blissey, F|100/100
|move|p2a: Ludicolo|Ice Beam|p1a: Blissey
|-crit|p1a: Blissey
|-damage|p1a: Blissey|83/100
|-damage|p2a: Ludicolo|54/100|[from] item: Life Orb
|
|-weather|RainDance|[upkeep]
|upkeep
|turn|17
|
|t:|1641825879
|move|p2a: Ludicolo|Giga Drain|p1a: Blissey
|-damage|p1a: Blissey|70/100
|-heal|p2a: Ludicolo|70/100|[from] drain|[of] p1a: Blissey
|-damage|p2a: Ludicolo|60/100|[from] item: Life Orb
|move|p1a: Blissey|Thunder Wave|p2a: Ludicolo
|-status|p2a: Ludicolo|par
|
|-weather|RainDance|[upkeep]
|upkeep
|turn|18
|
|t:|1641825893
|switch|p2a: Tornadus|Tornadus-Therian, M|100/100 par
|move|p1a: Blissey|Seismic Toss|p2a: Tornadus
|-damage|p2a: Tornadus|73/100 par
|
|-weather|none
|upkeep
|turn|19
|
|t:|1641825905
|switch|p1a: Dragapult|Dragapult, F|100/100
|cant|p2a: Tornadus|par
|
|upkeep
|turn|20
|
|t:|1641825914
|move|p1a: Dragapult|Phantom Force||[still]
|-prepare|p1a: Dragapult|Phantom Force
|move|p2a: Tornadus|Dark Pulse|p1a: Dragapult|[miss]
|-miss|p2a: Tornadus|p1a: Dragapult
|
|upkeep
|turn|21
|
|t:|1641825921
|move|p1a: Dragapult|Phantom Force|p2a: Tornadus|[from]lockedmove
|-damage|p2a: Tornadus|0 fnt
|faint|p2a: Tornadus
|
|upkeep
|-message|Pacool forfeited.
|
|win|lapt1
|raw|lapt1's rating: 1315 &rarr; <strong>1334</strong><br />(+19 for winning)
|raw|Pacool's rating: 1302 &rarr; <strong>1283</strong><br />(-19 for losing)
|l|☆Pacool
||Ladder isn't responding, score probably updated but might not have (Request timeout).
