|j|☆DumbLick1337
|j|☆looopeese
|t:|1641816900
|gametype|singles
|player|p1|DumbLick1337|102|1100
|player|p2|looopeese|bellelba|1105
|teamsize|p1|6
|teamsize|p2|6
|gen|8
|tier|[Gen 8] OU
|rated|
|rule|Sleep Clause Mod: Limit one foe put to sleep
|rule|Species Clause: Limit one of each Pokémon
|rule|OHKO Clause: OHKO moves are banned
|rule|Evasion Moves Clause: Evasion moves are banned
|rule|Endless Battle Clause: Forcing endless battles is banned
|rule|HP Percentage Mod: HP is shown in percentages
|rule|Dynamax Clause: You cannot dynamax
|clearpoke
|poke|p1|Rotom-Heat|
|poke|p1|Corviknight, F|
|poke|p1|Clefable, M|
|poke|p1|Seismitoad, F|
|poke|p1|Hydreigon, M|
|poke|p1|Gyarados, F|
|poke|p2|Regieleki|
|poke|p2|Durant, F|
|poke|p2|Polteageist-Antique|
|poke|p2|Grimmsnarl, M|
|poke|p2|Barraskewda, M|
|poke|p2|Metagross|
|teampreview
|c|☆DumbLick1337|hf
|inactive|Battle timer is ON: inactive players will automatically lose when time's up. (requested by DumbLick1337)
|
|t:|1641816909
|start
|switch|p1a: Hydreigon|Hydreigon, M|100/100
|switch|p2a: Polteageist|Polteageist-Antique|100/100
|turn|1
|
|t:|1641816913
|move|p1a: Hydreigon|Dark Pulse|p2a: Polteageist
|-supereffective|p2a: Polteageist
|-damage|p2a: Polteageist|8/100
|move|p2a: Polteageist|Shell Smash|p2a: Polteageist
|-unboost|p2a: Polteageist|def|1
|-unboost|p2a: Polteageist|spd|1
|-boost|p2a: Polteageist|atk|2
|-boost|p2a: Polteageist|spa|2
|-boost|p2a: Polteageist|spe|2
|
|upkeep
|turn|2
|
|t:|1641816918
|move|p1a: Hydreigon|Dark Pulse|p2a: Polteageist
|-supereffective|p2a: Polteageist
|-damage|p2a: Polteageist|0 fnt
|faint|p2a: Polteageist
|
|upkeep
|
|t:|1641816921
|switch|p2a: Grimmsnarl|Grimmsnarl, M|100/100
|turn|3
|
|t:|1641816922
|switch|p1a: Corviknight|Corviknight, F|100/100
|-ability|p1a: Corviknight|Pressure
|move|p2a: Grimmsnarl|Light Screen|p2a: Grimmsnarl
|-sidestart|p2: looopeese|move: Light Screen
|
|upkeep
|turn|4
|
|t:|1641816924
|move|p2a: Grimmsnarl|Reflect|p2a: Grimmsnarl
|-sidestart|p2: looopeese|Reflect
|move|p1a: Corviknight|Brave Bird|p2a: Grimmsnarl
|-damage|p2a: Grimmsnarl|79/100
|-damage|p1a: Corviknight|93/100|[from] Recoil
|
|-heal|p1a: Corviknight|99/100|[from] item: Leftovers
|upkeep
|turn|5
|
|t:|1641816928
|switch|p2a: Regieleki|Regieleki|100/100
|move|p1a: Corviknight|Defog|p2a: Regieleki
|-unboost|p2a: Regieleki|evasion|1
|-sideend|p2: looopeese|Reflect
|-sideend|p2: looopeese|move: Light Screen
|
|-heal|p1a: Corviknight|100/100|[from] item: Leftovers
|upkeep
|turn|6
|
|t:|1641816932
|switch|p1a: Seismitoad|Seismitoad, F|100/100
|move|p2a: Regieleki|Thunder Cage|p1a: Seismitoad
|-immune|p1a: Seismitoad
|
|upkeep
|turn|7
|
|t:|1641816938
|switch|p2a: Barraskewda|Barraskewda, M|100/100
|move|p1a: Seismitoad|Earthquake|p2a: Barraskewda
|-damage|p2a: Barraskewda|34/100
|
|upkeep
|turn|8
|
|t:|1641816941
|move|p2a: Barraskewda|Liquidation|p1a: Seismitoad
|-immune|p1a: Seismitoad|[from] ability: Water Absorb
|move|p1a: Seismitoad|Earthquake|p2a: Barraskewda
|-damage|p2a: Barraskewda|0 fnt
|faint|p2a: Barraskewda
|
|upkeep
|
|t:|1641816946
|switch|p2a: Metagross|Metagross|100/100
|turn|9
|
|t:|1641816948
|move|p2a: Metagross|Agility|p2a: Metagross
|-boost|p2a: Metagross|spe|2
|move|p1a: Seismitoad|Earthquake|p2a: Metagross
|-supereffective|p2a: Metagross
|-damage|p2a: Metagross|39/100
|-enditem|p2a: Metagross|Weakness Policy
|-boost|p2a: Metagross|atk|2|[from] item: Weakness Policy
|-boost|p2a: Metagross|spa|2|[from] item: Weakness Policy
|
|upkeep
|turn|10
|
|t:|1641816950
|move|p2a: Metagross|Earthquake|p1a: Seismitoad
|-damage|p1a: Seismitoad|45/100
|move|p1a: Seismitoad|Earthquake|p2a: Metagross
|-supereffective|p2a: Metagross
|-damage|p2a: Metagross|0 fnt
|faint|p2a: Metagross
|
|-heal|p1a: Seismitoad|51/100|[from] item: Leftovers
|upkeep
|
|t:|1641816953
|switch|p2a: Grimmsnarl|Grimmsnarl, M|79/100
|turn|11
|
|t:|1641816954
|move|p2a: Grimmsnarl|Reflect|p2a: Grimmsnarl
|-sidestart|p2: looopeese|Reflect
|move|p1a: Seismitoad|Earthquake|p2a: Grimmsnarl
|-damage|p2a: Grimmsnarl|60/100
|
|-heal|p1a: Seismitoad|57/100|[from] item: Leftovers
|upkeep
|turn|12
|
|t:|1641816955
|move|p1a: Seismitoad|Toxic|p2a: Grimmsnarl
|-status|p2a: Grimmsnarl|tox
|move|p2a: Grimmsnarl|Spirit Break|p1a: Seismitoad
|-damage|p1a: Seismitoad|35/100
|-unboost|p1a: Seismitoad|spa|1
|
|-heal|p1a: Seismitoad|41/100|[from] item: Leftovers
|-damage|p2a: Grimmsnarl|54/100 tox|[from] psn
|upkeep
|turn|13
|
|t:|1641816958
|switch|p2a: Durant|Durant, F|100/100
|move|p1a: Seismitoad|Earthquake|p2a: Durant
|-damage|p2a: Durant|79/100
|
|-heal|p1a: Seismitoad|47/100|[from] item: Leftovers
|upkeep
|turn|14
|
|t:|1641816962
|switch|p1a: Corviknight|Corviknight, F|100/100
|-ability|p1a: Corviknight|Pressure
|move|p2a: Durant|Hone Claws|p2a: Durant
|-boost|p2a: Durant|atk|1
|-boost|p2a: Durant|accuracy|1
|
|upkeep
|turn|15
|
|t:|1641816965
|move|p2a: Durant|Hone Claws|p2a: Durant
|-boost|p2a: Durant|atk|1
|-boost|p2a: Durant|accuracy|1
|move|p1a: Corviknight|Roost||[still]
|-fail|p1a: Corviknight|heal
|
|upkeep
|turn|16
|
|t:|1641816968
|move|p2a: Durant|Hone Claws|p2a: Durant
|-boost|p2a: Durant|atk|1
|-boost|p2a: Durant|accuracy|1
|move|p1a: Corviknight|Defog|p2a: Durant
|-unboost|p2a: Durant|evasion|1
|-sideend|p2: looopeese|Reflect
|
|upkeep
|turn|17
|
|t:|1641816970
|switch|p1a: Seismitoad|Seismitoad, F|47/100
|move|p2a: Durant|Stone Edge|p1a: Seismitoad
|-resisted|p1a: Seismitoad
|-damage|p1a: Seismitoad|0 fnt
|faint|p1a: Seismitoad
|-damage|p2a: Durant|69/100|[from] item: Life Orb
|
|upkeep
|
|t:|1641816970
|switch|p1a: Hydreigon|Hydreigon, M|100/100
|turn|18
|
|t:|1641816975
|move|p1a: Hydreigon|Fire Blast|p2a: Durant
|-supereffective|p2a: Durant
|-damage|p2a: Durant|0 fnt
|faint|p2a: Durant
|
|upkeep
|
|t:|1641816978
|switch|p2a: Regieleki|Regieleki|100/100
|turn|19
|
|t:|1641816980
|move|p2a: Regieleki|Thunder Cage|p1a: Hydreigon
|-resisted|p1a: Hydreigon
|-damage|p1a: Hydreigon|65/100
|-activate|p1a: Hydreigon|move: Thunder Cage|[of] p2a: Regieleki
|move|p1a: Hydreigon|Fire Blast|p2a: Regieleki
|-damage|p2a: Regieleki|30/100
|
|-damage|p1a: Hydreigon|53/100|[from] move: Thunder Cage|[partiallytrapped]
|upkeep
|turn|20
|
|t:|1641816984
|move|p2a: Regieleki|Thunder Wave|p1a: Hydreigon
|-status|p1a: Hydreigon|par
|cant|p1a: Hydreigon|par
|
|-damage|p1a: Hydreigon|41/100 par|[from] move: Thunder Cage|[partiallytrapped]
|upkeep
|turn|21
|
|t:|1641816987
|move|p2a: Regieleki|Volt Switch|p1a: Hydreigon
|-resisted|p1a: Hydreigon
|-damage|p1a: Hydreigon|10/100 par
|
|t:|1641816989
|switch|p2a: Grimmsnarl|Grimmsnarl, M|54/100 tox|[from]move: Volt Switch
|move|p1a: Hydreigon|Fire Blast|p2a: Grimmsnarl
|-damage|p2a: Grimmsnarl|26/100 tox
|
|-damage|p2a: Grimmsnarl|20/100 tox|[from] psn
|-end|p1a: Hydreigon|Thunder Cage|[partiallytrapped]|[silent]
|upkeep
|turn|22
|
|t:|1641816991
|cant|p1a: Hydreigon|par
|move|p2a: Grimmsnarl|Spirit Break|p1a: Hydreigon
|-supereffective|p1a: Hydreigon
|-damage|p1a: Hydreigon|0 fnt
|faint|p1a: Hydreigon
|
|-damage|p2a: Grimmsnarl|8/100 tox|[from] psn
|upkeep
|
|t:|1641816991
|switch|p1a: Gyarados|Gyarados, F|100/100
|turn|23
|
|t:|1641816994
|move|p2a: Grimmsnarl|Reflect|p2a: Grimmsnarl
|-sidestart|p2: looopeese|Reflect
|move|p1a: Gyarados|Earthquake|p2a: Grimmsnarl
|-damage|p2a: Grimmsnarl|0 fnt
|faint|p2a: Grimmsnarl
|-ability|p1a: Gyarados|Moxie|boost
|-boost|p1a: Gyarados|atk|1
|
|upkeep
|
|t:|1641816997
|switch|p2a: Regieleki|Regieleki|30/100
|turn|24
|
|t:|1641816998
|switch|p1a: Clefable|Clefable, M|100/100
|move|p2a: Regieleki|Thunder Cage|p1a: Clefable
|-crit|p1a: Clefable
|-damage|p1a: Clefable|24/100
|-activate|p1a: Clefable|move: Thunder Cage|[of] p2a: Regieleki
|
|-heal|p1a: Clefable|30/100|[from] item: Leftovers
|upkeep
|turn|25
|
|t:|1641817004
|move|p1a: Clefable|Protect|p1a: Clefable
|-singleturn|p1a: Clefable|Protect
|move|p2a: Regieleki|Volt Switch|p1a: Clefable
|-activate|p1a: Clefable|move: Protect
|
|-heal|p1a: Clefable|37/100|[from] item: Leftovers
|upkeep
|turn|26
|
|t:|1641817006
|move|p2a: Regieleki|Volt Switch|p1a: Clefable
|-damage|p1a: Clefable|0 fnt
|faint|p1a: Clefable
|
|upkeep
|
|t:|1641817007
|switch|p1a: rotomheat|Rotom-Heat|100/100
|turn|27
|
|t:|1641817011
|move|p2a: Regieleki|Thunder Cage|p1a: rotomheat
|-resisted|p1a: rotomheat
|-damage|p1a: rotomheat|61/100
|-activate|p1a: rotomheat|move: Thunder Cage|[of] p2a: Regieleki
|move|p1a: rotomheat|Thunderbolt|p2a: Regieleki
|-resisted|p2a: Regieleki
|-damage|p2a: Regieleki|0 fnt
|faint|p2a: Regieleki
|
|win|DumbLick1337
|raw|DumbLick1337's rating: 1100 &rarr; <strong>1125</strong><br />(+25 for winning)
|raw|looopeese's rating: 1105 &rarr; <strong>1080</strong><br />(-25 for losing)
|c|☆DumbLick1337|gg
|l|☆looopeese
||Ladder isn't responding, score probably updated but might not have (Request timeout).
