|j|☆Hsghbh
|j|☆procel
|t:|1641768623
|gametype|singles
|player|p1|Hsghbh|2|1000
|player|p2|procel|102|1011
|teamsize|p1|6
|teamsize|p2|6
|gen|8
|tier|[Gen 8] OU
|rated|
|rule|Sleep Clause Mod: Limit one foe put to sleep
|rule|Species Clause: Limit one of each Pokémon
|rule|OHKO Clause: OHKO moves are banned
|rule|Evasion Moves Clause: Evasion moves are banned
|rule|Endless Battle Clause: Forcing endless battles is banned
|rule|HP Percentage Mod: HP is shown in percentages
|rule|Dynamax Clause: You cannot dynamax
|clearpoke
|poke|p1|Victini|
|poke|p1|Garchomp, F|
|poke|p1|Scizor, F|
|poke|p1|Tapu Koko|
|poke|p1|Barraskewda, M|
|poke|p1|Blissey, F|
|poke|p2|Primarina, F|
|poke|p2|Magnezone|
|poke|p2|Ferrothorn, F|
|poke|p2|Zapdos|
|poke|p2|Hippowdon, M|
|poke|p2|Crawdaunt, M|
|teampreview
|
|t:|1641768645
|start
|switch|p1a: Blissey|Blissey, F|100/100
|switch|p2a: Ferrothorn|Ferrothorn, F|100/100
|turn|1
|
|t:|1641768662
|move|p2a: Ferrothorn|Leech Seed|p1a: Blissey
|-start|p1a: Blissey|move: Leech Seed
|move|p1a: Blissey|Stealth Rock|p2a: Ferrothorn
|-sidestart|p2: procel|move: Stealth Rock
|
|-damage|p1a: Blissey|88/100|[from] Leech Seed|[of] p2a: Ferrothorn
|upkeep
|turn|2
|
|t:|1641768671
|switch|p1a: Victini|Victini|100/100
|move|p2a: Ferrothorn|Stealth Rock|p1a: Victini
|-sidestart|p1: Hsghbh|move: Stealth Rock
|
|upkeep
|turn|3
|
|t:|1641768683
|switch|p2a: Crawdaunt|Crawdaunt, M|100/100
|-damage|p2a: Crawdaunt|88/100|[from] Stealth Rock
|move|p1a: Victini|Power-Up Punch|p2a: Crawdaunt
|-supereffective|p2a: Crawdaunt
|-damage|p2a: Crawdaunt|55/100
|-boost|p1a: Victini|atk|1
|-damage|p1a: Victini|84/100|[from] item: Rocky Helmet|[of] p2a: Crawdaunt
|
|upkeep
|turn|4
|
|t:|1641768697
|switch|p2a: Hippowdon|Hippowdon, M|100/100
|-damage|p2a: Hippowdon|94/100|[from] Stealth Rock
|-weather|Sandstorm|[from] ability: Sand Stream|[of] p2a: Hippowdon
|move|p1a: Victini|Thunder Punch|p2a: Hippowdon
|-immune|p2a: Hippowdon
|
|-weather|Sandstorm|[upkeep]
|-damage|p1a: Victini|78/100|[from] Sandstorm
|upkeep
|turn|5
|
|t:|1641768715
|switch|p1a: Barraskewda|Barraskewda, M|100/100
|-damage|p1a: Barraskewda|88/100|[from] Stealth Rock
|move|p2a: Hippowdon|Roar|p1a: Barraskewda
|drag|p1a: Scizor|Scizor, F, shiny|100/100
|-damage|p1a: Scizor|88/100|[from] Stealth Rock
|
|-weather|Sandstorm|[upkeep]
|-heal|p1a: Scizor|94/100|[from] item: Leftovers
|upkeep
|turn|6
|
|t:|1641768729
|move|p1a: Scizor|Dual Wingbeat|p2a: Hippowdon
|-damage|p2a: Hippowdon|73/100
|-damage|p1a: Scizor|78/100|[from] item: Rocky Helmet|[of] p2a: Hippowdon
|-damage|p2a: Hippowdon|53/100
|-damage|p1a: Scizor|61/100|[from] item: Rocky Helmet|[of] p2a: Hippowdon
|-hitcount|p2a: Hippowdon|2
|move|p2a: Hippowdon|Roar|p1a: Scizor
|drag|p1a: Blissey|Blissey, F|88/100
|-damage|p1a: Blissey|76/100|[from] Stealth Rock
|
|-weather|Sandstorm|[upkeep]
|-damage|p1a: Blissey|69/100|[from] Sandstorm
|-heal|p1a: Blissey|76/100|[from] item: Leftovers
|upkeep
|turn|7
|
|t:|1641768742
|move|p2a: Hippowdon|Slack Off|p2a: Hippowdon
|-heal|p2a: Hippowdon|100/100
|move|p1a: Blissey|Toxic|p2a: Hippowdon|[miss]
|-miss|p1a: Blissey|p2a: Hippowdon
|
|-weather|Sandstorm|[upkeep]
|-damage|p1a: Blissey|69/100|[from] Sandstorm
|-heal|p1a: Blissey|76/100|[from] item: Leftovers
|upkeep
|turn|8
|
|t:|1641768752
|switch|p2a: Ferrothorn|Ferrothorn, F|100/100
|-damage|p2a: Ferrothorn|94/100|[from] Stealth Rock
|move|p1a: Blissey|Toxic|p2a: Ferrothorn
|-immune|p2a: Ferrothorn
|
|-weather|none
|-heal|p1a: Blissey|82/100|[from] item: Leftovers
|upkeep
|turn|9
|
|t:|1641768773
|switch|p1a: Garchomp|Garchomp, F, shiny|100/100
|-damage|p1a: Garchomp|94/100|[from] Stealth Rock
|move|p2a: Ferrothorn|Spikes|p1a: Garchomp
|-sidestart|p1: Hsghbh|Spikes
|
|upkeep
|turn|10
|
|t:|1641768789
|switch|p2a: Primarina|Primarina, F, shiny|100/100
|move|p1a: Garchomp|Earthquake|p2a: Primarina
|-damage|p2a: Primarina|35/100
|
|upkeep
|turn|11
|
|t:|1641768796
|move|p1a: Garchomp|Earthquake|p2a: Primarina
|-damage|p2a: Primarina|0 fnt
|faint|p2a: Primarina
|
|upkeep
|
|t:|1641768804
|switch|p2a: Zapdos|Zapdos|100/100
|turn|12
|
|t:|1641768815
|switch|p1a: Victini|Victini|78/100
|-damage|p1a: Victini|53/100|[from] Stealth Rock
|-damage|p1a: Victini|41/100|[from] Spikes
|move|p2a: Zapdos|Toxic|p1a: Victini|[miss]
|-miss|p2a: Zapdos|p1a: Victini
|
|upkeep
|turn|13
|
|t:|1641768828
|switch|p2a: Hippowdon|Hippowdon, M|100/100
|-damage|p2a: Hippowdon|94/100|[from] Stealth Rock
|-weather|Sandstorm|[from] ability: Sand Stream|[of] p2a: Hippowdon
|move|p1a: Victini|V-create|p2a: Hippowdon
|-crit|p2a: Hippowdon
|-damage|p2a: Hippowdon|0 fnt
|-unboost|p1a: Victini|spe|1
|-unboost|p1a: Victini|def|1
|-unboost|p1a: Victini|spd|1
|-damage|p1a: Victini|24/100|[from] item: Rocky Helmet|[of] p2a: Hippowdon
|faint|p2a: Hippowdon
|
|-weather|Sandstorm|[upkeep]
|-damage|p1a: Victini|18/100|[from] Sandstorm
|upkeep
|
|t:|1641768842
|switch|p2a: Crawdaunt|Crawdaunt, M|55/100
|-damage|p2a: Crawdaunt|43/100|[from] Stealth Rock
|turn|14
|
|t:|1641768846
|move|p2a: Crawdaunt|Aqua Jet|p1a: Victini
|-supereffective|p1a: Victini
|-damage|p1a: Victini|0 fnt
|faint|p1a: Victini
|
|-weather|Sandstorm|[upkeep]
|-damage|p2a: Crawdaunt|37/100|[from] Sandstorm
|upkeep
|
|t:|1641768857
|switch|p1a: Tapu Koko|Tapu Koko, shiny|100/100
|-damage|p1a: Tapu Koko|88/100|[from] Stealth Rock
|-damage|p1a: Tapu Koko|76/100|[from] Spikes
|-fieldstart|move: Electric Terrain|[from] ability: Electric Surge|[of] p1a: Tapu Koko
|turn|15
|
|t:|1641768876
|switch|p2a: Magnezone|Magnezone|100/100
|-damage|p2a: Magnezone|94/100|[from] Stealth Rock
|-item|p2a: Magnezone|Air Balloon
|move|p1a: Tapu Koko|Volt Switch|p2a: Magnezone
|-resisted|p2a: Magnezone
|-damage|p2a: Magnezone|60/100
|-enditem|p2a: Magnezone|Air Balloon
|
|t:|1641768887
|switch|p1a: Garchomp|Garchomp, F, shiny|94/100|[from]move: Volt Switch
|-damage|p1a: Garchomp|88/100|[from] Stealth Rock
|-damage|p1a: Garchomp|76/100|[from] Spikes
|
|-weather|Sandstorm|[upkeep]
|upkeep
|turn|16
|
|t:|1641768899
|move|p1a: Garchomp|Stone Edge|p2a: Magnezone
|-resisted|p2a: Magnezone
|-crit|p2a: Magnezone
|-damage|p2a: Magnezone|31/100
|move|p2a: Magnezone|Reflect|p2a: Magnezone
|-sidestart|p2: procel|Reflect
|
|-weather|Sandstorm|[upkeep]
|upkeep
|turn|17
|
|t:|1641768915
|switch|p1a: Blissey|Blissey, F|82/100
|-damage|p1a: Blissey|69/100|[from] Spikes
|-damage|p1a: Blissey|57/100|[from] Stealth Rock
|move|p2a: Magnezone|Light Screen|p2a: Magnezone
|-sidestart|p2: procel|move: Light Screen
|
|-weather|none
|-heal|p1a: Blissey|63/100|[from] item: Leftovers
|upkeep
|turn|18
|
|t:|1641768931
|move|p2a: Magnezone|Thunderbolt|p1a: Blissey
|-damage|p1a: Blissey|46/100
|move|p1a: Blissey|Soft-Boiled|p1a: Blissey
|-heal|p1a: Blissey|96/100
|
|-heal|p1a: Blissey|100/100|[from] item: Leftovers
|upkeep
|turn|19
|
|t:|1641768939
|move|p1a: Blissey|Protect|p1a: Blissey
|-singleturn|p1a: Blissey|Protect
|move|p2a: Magnezone|Thunder Wave|p1a: Blissey
|-activate|p1a: Blissey|move: Protect
|
|-fieldend|move: Electric Terrain
|upkeep
|turn|20
|
|t:|1641768947
|switch|p2a: Ferrothorn|Ferrothorn, F|94/100
|-damage|p2a: Ferrothorn|88/100|[from] Stealth Rock
|switch|p1a: Tapu Koko|Tapu Koko, shiny|76/100
|-damage|p1a: Tapu Koko|63/100|[from] Spikes
|-damage|p1a: Tapu Koko|51/100|[from] Stealth Rock
|-fieldstart|move: Electric Terrain|[from] ability: Electric Surge|[of] p1a: Tapu Koko
|
|-sideend|p2: procel|Reflect
|upkeep
|turn|21
|
|t:|1641768961
|move|p1a: Tapu Koko|Volt Switch|p2a: Ferrothorn
|-resisted|p2a: Ferrothorn
|-damage|p2a: Ferrothorn|74/100
|
|t:|1641768978
|switch|p1a: Garchomp|Garchomp, F, shiny|76/100|[from]move: Volt Switch
|-damage|p1a: Garchomp|70/100|[from] Stealth Rock
|-damage|p1a: Garchomp|57/100|[from] Spikes
|move|p2a: Ferrothorn|Leech Seed|p1a: Garchomp
|-start|p1a: Garchomp|move: Leech Seed
|
|-damage|p1a: Garchomp|45/100|[from] Leech Seed|[of] p2a: Ferrothorn
|-heal|p2a: Ferrothorn|88/100|[silent]
|-sideend|p2: procel|move: Light Screen
|upkeep
|turn|22
|
|t:|1641769004
|switch|p2a: Zapdos|Zapdos|100/100
|move|p1a: Garchomp|Earthquake|p2a: Zapdos
|-immune|p2a: Zapdos
|
|-damage|p1a: Garchomp|33/100|[from] Leech Seed|[of] p2a: Zapdos
|upkeep
|turn|23
|
|t:|1641769018
|switch|p1a: Tapu Koko|Tapu Koko, shiny|51/100
|-damage|p1a: Tapu Koko|39/100|[from] Stealth Rock
|-damage|p1a: Tapu Koko|26/100|[from] Spikes
|switch|p2a: Magnezone|Magnezone|31/100
|-damage|p2a: Magnezone|25/100|[from] Stealth Rock
|
|upkeep
|turn|24
|
|t:|1641769028
|switch|p2a: Ferrothorn|Ferrothorn, F|88/100
|-damage|p2a: Ferrothorn|82/100|[from] Stealth Rock
|move|p1a: Tapu Koko|Thunderbolt|p2a: Ferrothorn
|-resisted|p2a: Ferrothorn
|-damage|p2a: Ferrothorn|48/100
|
|-fieldend|move: Electric Terrain
|upkeep
|turn|25
|
|t:|1641769038
|move|p1a: Tapu Koko|Thunderbolt|p2a: Ferrothorn
|-resisted|p2a: Ferrothorn
|-damage|p2a: Ferrothorn|22/100
|move|p2a: Ferrothorn|Giga Drain|p1a: Tapu Koko
|-damage|p1a: Tapu Koko|0 fnt
|-heal|p2a: Ferrothorn|35/100|[from] drain|[of] p1a: Tapu Koko
|faint|p1a: Tapu Koko
|
|upkeep
|
|t:|1641769052
|switch|p1a: Barraskewda|Barraskewda, M|88/100
|-damage|p1a: Barraskewda|75/100|[from] Spikes
|-damage|p1a: Barraskewda|63/100|[from] Stealth Rock
|turn|26
|
|t:|1641769059
|move|p1a: Barraskewda|Drill Run|p2a: Ferrothorn
|-damage|p2a: Ferrothorn|1/100
|-damage|p1a: Barraskewda|50/100|[from] ability: Iron Barbs|[of] p2a: Ferrothorn
|-damage|p1a: Barraskewda|34/100|[from] item: Rocky Helmet|[of] p2a: Ferrothorn
|-damage|p1a: Barraskewda|24/100|[from] item: Life Orb
|move|p2a: Ferrothorn|Giga Drain|p1a: Barraskewda
|-supereffective|p1a: Barraskewda
|-damage|p1a: Barraskewda|0 fnt
|-heal|p2a: Ferrothorn|11/100|[from] drain|[of] p1a: Barraskewda
|faint|p1a: Barraskewda
|
|upkeep
|
|t:|1641769073
|switch|p1a: Scizor|Scizor, F, shiny|61/100
|-damage|p1a: Scizor|48/100|[from] Stealth Rock
|-damage|p1a: Scizor|36/100|[from] Spikes
|turn|27
|
|t:|1641769084
|switch|p2a: Magnezone|Magnezone|25/100
|-damage|p2a: Magnezone|19/100|[from] Stealth Rock
|move|p1a: Scizor|Roost|p1a: Scizor
|-heal|p1a: Scizor|86/100
|-singleturn|p1a: Scizor|move: Roost
|
|-heal|p1a: Scizor|92/100|[from] item: Leftovers
|upkeep
|turn|28
|
|t:|1641769096
|move|p2a: Magnezone|Thunderbolt|p1a: Scizor
|-damage|p1a: Scizor|40/100
|move|p1a: Scizor|Dual Wingbeat|p2a: Magnezone
|-resisted|p2a: Magnezone
|-damage|p2a: Magnezone|12/100
|-resisted|p2a: Magnezone
|-damage|p2a: Magnezone|6/100
|-hitcount|p2a: Magnezone|2
|
|-heal|p1a: Scizor|46/100|[from] item: Leftovers
|upkeep
|turn|29
|
|t:|1641769109
|move|p1a: Scizor|Bullet Punch|p2a: Magnezone
|-resisted|p2a: Magnezone
|-damage|p2a: Magnezone|0 fnt
|faint|p2a: Magnezone
|
|-heal|p1a: Scizor|52/100|[from] item: Leftovers
|upkeep
|
|t:|1641769117
|switch|p2a: Zapdos|Zapdos|100/100
|turn|30
|
|t:|1641769122
|move|p2a: Zapdos|Discharge|p1a: Scizor
|-damage|p1a: Scizor|10/100
|-status|p1a: Scizor|par
|move|p1a: Scizor|Roost|p1a: Scizor
|-heal|p1a: Scizor|60/100 par
|-singleturn|p1a: Scizor|move: Roost
|
|-heal|p1a: Scizor|66/100 par|[from] item: Leftovers
|upkeep
|turn|31
|
|t:|1641769132
|switch|p1a: Garchomp|Garchomp, F, shiny|33/100
|-damage|p1a: Garchomp|21/100|[from] Spikes
|-damage|p1a: Garchomp|14/100|[from] Stealth Rock
|move|p2a: Zapdos|Discharge|p1a: Garchomp
|-immune|p1a: Garchomp
|
|upkeep
|turn|32
|
|t:|1641769148
|move|p1a: Garchomp|Outrage|p2a: Zapdos
|-damage|p2a: Zapdos|33/100
|move|p2a: Zapdos|Toxic|p1a: Garchomp
|-status|p1a: Garchomp|tox
|
|-damage|p1a: Garchomp|8/100 tox|[from] psn
|upkeep
|turn|33
|
|t:|1641769158
|move|p1a: Garchomp|Outrage|p2a: Zapdos|[from]lockedmove
|-damage|p2a: Zapdos|0 fnt
|faint|p2a: Zapdos
|
|-damage|p1a: Garchomp|0 fnt|[from] psn
|faint|p1a: Garchomp
|upkeep
|
|t:|1641769172
|switch|p1a: Blissey|Blissey, F|100/100
|switch|p2a: Crawdaunt|Crawdaunt, M|37/100
|-damage|p2a: Crawdaunt|24/100|[from] Stealth Rock
|-damage|p1a: Blissey|88/100|[from] Stealth Rock
|-damage|p1a: Blissey|76/100|[from] Spikes
|turn|34
|
|t:|1641769182
|move|p2a: Crawdaunt|Knock Off|p1a: Blissey
|-damage|p1a: Blissey|0 fnt
|-enditem|p1a: Blissey|Leftovers|[from] move: Knock Off|[of] p2a: Crawdaunt
|faint|p1a: Blissey
|
|upkeep
|
|t:|1641769192
|switch|p1a: Scizor|Scizor, F, shiny|66/100 par
|-damage|p1a: Scizor|54/100 par|[from] Spikes
|-damage|p1a: Scizor|41/100 par|[from] Stealth Rock
|turn|35
|
|t:|1641769198
|switch|p2a: Ferrothorn|Ferrothorn, F|11/100
|-damage|p2a: Ferrothorn|5/100|[from] Stealth Rock
|move|p1a: Scizor|Bullet Punch|p2a: Ferrothorn
|-resisted|p2a: Ferrothorn
|-damage|p2a: Ferrothorn|0 fnt
|-damage|p1a: Scizor|29/100 par|[from] ability: Iron Barbs|[of] p2a: Ferrothorn
|-damage|p1a: Scizor|12/100 par|[from] item: Rocky Helmet|[of] p2a: Ferrothorn
|faint|p2a: Ferrothorn
|
|-heal|p1a: Scizor|18/100 par|[from] item: Leftovers
|upkeep
|
|t:|1641769209
|switch|p2a: Crawdaunt|Crawdaunt, M|24/100
|-damage|p2a: Crawdaunt|12/100|[from] Stealth Rock
|turn|36
|
|t:|1641769214
|move|p2a: Crawdaunt|Aqua Jet|p1a: Scizor
|-damage|p1a: Scizor|2/100 par
|move|p1a: Scizor|Bullet Punch|p2a: Crawdaunt
|-resisted|p2a: Crawdaunt
|-damage|p2a: Crawdaunt|0 fnt
|-damage|p1a: Scizor|0 fnt|[from] item: Rocky Helmet|[of] p2a: Crawdaunt
|faint|p2a: Crawdaunt
|faint|p1a: Scizor
|
|win|Hsghbh
|raw|Hsghbh's rating: 1000 &rarr; <strong>1041</strong><br />(+41 for winning)
|raw|procel's rating: 1011 &rarr; <strong>1000</strong><br />(-11 for losing)
|c|☆procel|gg
