|j|☆alkazoth
|j|‽Lolytics1993
|t:|1641787181
|gametype|singles
|player|p1|alkazoth|266|1576
|player|p2|Lolytics1993|169|1576
|teamsize|p1|6
|teamsize|p2|6
|gen|8
|tier|[Gen 8] OU
|rated|
|rule|Sleep Clause Mod: Limit one foe put to sleep
|rule|Species Clause: Limit one of each Pokémon
|rule|OHKO Clause: OHKO moves are banned
|rule|Evasion Moves Clause: Evasion moves are banned
|rule|Endless Battle Clause: Forcing endless battles is banned
|rule|HP Percentage Mod: HP is shown in percentages
|rule|Dynamax Clause: You cannot dynamax
|clearpoke
|poke|p1|Dragapult, M|
|poke|p1|Blacephalon|
|poke|p1|Corviknight, F|
|poke|p1|Zarude|
|poke|p1|Toxapex, F|
|poke|p1|Landorus-Therian, M|
|poke|p2|Tyranitar, M|
|poke|p2|Scizor, M|
|poke|p2|Zapdos|
|poke|p2|Tapu Fini|
|poke|p2|Garchomp, M|
|poke|p2|Heatran, M|
|teampreview
|
|t:|1641787195
|start
|switch|p1a: Dragapult|Dragapult, M|100/100
|switch|p2a: Heatran|Heatran, M, shiny|100/100
|turn|1
|
|t:|1641787204
|move|p1a: Dragapult|Hydro Pump|p2a: Heatran
|-supereffective|p2a: Heatran
|-damage|p2a: Heatran|43/100
|move|p2a: Heatran|Toxic|p1a: Dragapult
|-status|p1a: Dragapult|tox
|
|-heal|p2a: Heatran|49/100|[from] item: Leftovers
|-damage|p1a: Dragapult|94/100 tox|[from] psn
|upkeep
|turn|2
|
|t:|1641787212
|switch|p1a: Toxapex|Toxapex, F|100/100
|switch|p2a: Tapu Fini|Tapu Fini, shiny|100/100
|-fieldstart|move: Misty Terrain|[from] ability: Misty Surge|[of] p2a: Tapu Fini
|
|upkeep
|turn|3
|
|t:|1641787222
|switch|p1a: Corviknight|Corviknight, F|100/100
|-ability|p1a: Corviknight|Pressure
|move|p2a: Tapu Fini|Taunt|p1a: Corviknight
|-start|p1a: Corviknight|move: Taunt
|
|upkeep
|turn|4
|inactive|Battle timer is ON: inactive players will automatically lose when time's up. (requested by alkazoth)
|
|t:|1641787234
|move|p2a: Tapu Fini|Surf|p1a: Corviknight
|-damage|p1a: Corviknight|70/100
|move|p1a: Corviknight|U-turn|p2a: Tapu Fini
|-resisted|p2a: Tapu Fini
|-crit|p2a: Tapu Fini
|-damage|p2a: Tapu Fini|92/100
|
|t:|1641787264
|switch|p1a: Toxapex|Toxapex, F|100/100|[from]move: U-turn
|
|-heal|p2a: Tapu Fini|98/100|[from] item: Leftovers
|upkeep
|turn|5
|
|t:|1641787281
|move|p2a: Tapu Fini|Taunt|p1a: Toxapex
|-start|p1a: Toxapex|move: Taunt
|move|p1a: Toxapex|Knock Off|p2a: Tapu Fini
|-resisted|p2a: Tapu Fini
|-damage|p2a: Tapu Fini|93/100
|-enditem|p2a: Tapu Fini|Leftovers|[from] move: Knock Off|[of] p1a: Toxapex
|
|upkeep
|turn|6
|
|t:|1641787291
|switch|p1a: Zarude|Zarude|100/100
|move|p2a: Tapu Fini|Whirlpool|p1a: Zarude
|-resisted|p1a: Zarude
|-damage|p1a: Zarude|95/100
|-activate|p1a: Zarude|move: Whirlpool|[of] p2a: Tapu Fini
|
|-heal|p1a: Zarude|100/100|[from] item: Leftovers
|-damage|p1a: Zarude|88/100|[from] move: Whirlpool|[partiallytrapped]
|-fieldend|Misty Terrain
|upkeep
|turn|7
|
|t:|1641787300
|switch|p2a: Scizor|Scizor, M, shiny|100/100
|move|p1a: Zarude|Power Whip|p2a: Scizor
|-resisted|p2a: Scizor
|-damage|p2a: Scizor|86/100
|
|-heal|p1a: Zarude|94/100|[from] item: Leftovers
|-end|p1a: Zarude|Whirlpool|[partiallytrapped]|[silent]
|upkeep
|turn|8
|
|t:|1641787308
|switch|p1a: Corviknight|Corviknight, F|70/100
|-ability|p1a: Corviknight|Pressure
|move|p2a: Scizor|U-turn|p1a: Corviknight
|-resisted|p1a: Corviknight
|-damage|p1a: Corviknight|60/100
|-damage|p2a: Scizor|69/100|[from] item: Rocky Helmet|[of] p1a: Corviknight
|j| vip10086
|j| JusANewb1eGirl
|j| Kyurem
|
|t:|1641787323
|switch|p2a: Heatran|Heatran, M, shiny|49/100|[from]move: U-turn
|
|-heal|p2a: Heatran|55/100|[from] item: Leftovers
|upkeep
|turn|9
|l| JusANewb1eGirl
|
|t:|1641787337
|switch|p1a: Toxapex|Toxapex, F|100/100
|move|p2a: Heatran|Magma Storm|p1a: Toxapex|[miss]
|-miss|p2a: Heatran|p1a: Toxapex
|
|-heal|p2a: Heatran|62/100|[from] item: Leftovers
|upkeep
|turn|10
|
|t:|1641787351
|move|p2a: Heatran|Earth Power|p1a: Toxapex
|-supereffective|p1a: Toxapex
|-damage|p1a: Toxapex|62/100
|move|p1a: Toxapex|Knock Off|p2a: Heatran
|-damage|p2a: Heatran|50/100
|-enditem|p2a: Heatran|Leftovers|[from] move: Knock Off|[of] p1a: Toxapex
|
|upkeep
|turn|11
|inactive|Lolytics1993 has 120 seconds left.
|
|t:|1641787405
|switch|p2a: Garchomp|Garchomp, M|100/100
|move|p1a: Toxapex|Scald|p2a: Garchomp
|-damage|p2a: Garchomp|87/100
|
|-heal|p2a: Garchomp|93/100|[from] item: Leftovers
|upkeep
|turn|12
|
|t:|1641787418
|switch|p1a: Landorus|Landorus-Therian, M|100/100
|-ability|p1a: Landorus|Intimidate|boost
|-unboost|p2a: Garchomp|atk|1
|move|p2a: Garchomp|Stealth Rock|p1a: Landorus
|-sidestart|p1: alkazoth|move: Stealth Rock
|
|-heal|p2a: Garchomp|99/100|[from] item: Leftovers
|upkeep
|turn|13
|
|t:|1641787426
|move|p2a: Garchomp|Toxic|p1a: Landorus
|-status|p1a: Landorus|tox
|move|p1a: Landorus|Toxic|p2a: Garchomp
|-status|p2a: Garchomp|tox
|
|-heal|p2a: Garchomp|100/100 tox|[from] item: Leftovers
|-damage|p2a: Garchomp|94/100 tox|[from] psn
|-damage|p1a: Landorus|94/100 tox|[from] psn
|upkeep
|turn|14
|
|t:|1641787434
|move|p2a: Garchomp|Protect|p2a: Garchomp
|-singleturn|p2a: Garchomp|Protect
|move|p1a: Landorus|U-turn|p2a: Garchomp
|-activate|p2a: Garchomp|move: Protect
|
|-heal|p2a: Garchomp|100/100 tox|[from] item: Leftovers
|-heal|p1a: Landorus|100/100 tox|[from] item: Leftovers
|-damage|p2a: Garchomp|88/100 tox|[from] psn
|-damage|p1a: Landorus|88/100 tox|[from] psn
|upkeep
|turn|15
|
|t:|1641787442
|switch|p2a: Tapu Fini|Tapu Fini, shiny|93/100
|-fieldstart|move: Misty Terrain|[from] ability: Misty Surge|[of] p2a: Tapu Fini
|move|p1a: Landorus|U-turn|p2a: Tapu Fini
|-resisted|p2a: Tapu Fini
|-damage|p2a: Tapu Fini|84/100
|
|t:|1641787448
|switch|p1a: Corviknight|Corviknight, F|60/100|[from]move: U-turn
|-damage|p1a: Corviknight|48/100|[from] Stealth Rock
|-ability|p1a: Corviknight|Pressure
|
|upkeep
|turn|16
|
|t:|1641787470
|switch|p1a: Zarude|Zarude|94/100
|-damage|p1a: Zarude|82/100|[from] Stealth Rock
|move|p2a: Tapu Fini|Taunt|p1a: Zarude
|-start|p1a: Zarude|move: Taunt
|
|-heal|p1a: Zarude|88/100|[from] item: Leftovers
|upkeep
|turn|17
|
|t:|1641787479
|switch|p2a: Garchomp|Garchomp, M|88/100 tox
|move|p1a: Zarude|Darkest Lariat|p2a: Garchomp
|-damage|p2a: Garchomp|55/100 tox
|-damage|p1a: Zarude|75/100|[from] ability: Rough Skin|[of] p2a: Garchomp
|
|-heal|p1a: Zarude|82/100|[from] item: Leftovers
|-heal|p2a: Garchomp|61/100 tox|[from] item: Leftovers
|-damage|p2a: Garchomp|55/100 tox|[from] psn
|upkeep
|turn|18
|
|t:|1641787491
|switch|p2a: Heatran|Heatran, M, shiny|50/100
|move|p1a: Zarude|Power Whip|p2a: Heatran|[miss]
|-miss|p1a: Zarude|p2a: Heatran
|
|-heal|p1a: Zarude|88/100|[from] item: Leftovers
|-end|p1a: Zarude|move: Taunt
|upkeep
|turn|19
|
|t:|1641787499
|switch|p1a: Toxapex|Toxapex, F|96/100
|-damage|p1a: Toxapex|83/100|[from] Stealth Rock
|move|p2a: Heatran|Magma Storm|p1a: Toxapex
|-resisted|p1a: Toxapex
|-damage|p1a: Toxapex|66/100
|-activate|p1a: Toxapex|move: Magma Storm|[of] p2a: Heatran
|
|-damage|p1a: Toxapex|53/100|[from] move: Magma Storm|[partiallytrapped]
|-fieldend|Misty Terrain
|upkeep
|turn|20
|
|t:|1641787509
|move|p2a: Heatran|Earth Power|p1a: Toxapex
|-supereffective|p1a: Toxapex
|-damage|p1a: Toxapex|15/100
|move|p1a: Toxapex|Recover|p1a: Toxapex
|-heal|p1a: Toxapex|65/100
|
|-damage|p1a: Toxapex|53/100|[from] move: Magma Storm|[partiallytrapped]
|upkeep
|turn|21
|
|t:|1641787520
|move|p2a: Heatran|Earth Power|p1a: Toxapex
|-supereffective|p1a: Toxapex
|-damage|p1a: Toxapex|13/100
|-unboost|p1a: Toxapex|spd|1
|move|p1a: Toxapex|Recover|p1a: Toxapex
|-heal|p1a: Toxapex|63/100
|
|-damage|p1a: Toxapex|51/100|[from] move: Magma Storm|[partiallytrapped]
|upkeep
|turn|22
|
|t:|1641787528
|switch|p1a: Landorus|Landorus-Therian, M|88/100 tox
|-damage|p1a: Landorus|76/100 tox|[from] Stealth Rock
|-ability|p1a: Landorus|Intimidate|boost
|-unboost|p2a: Heatran|atk|1
|move|p2a: Heatran|Earth Power|p1a: Landorus
|-immune|p1a: Landorus
|
|-heal|p1a: Landorus|82/100 tox|[from] item: Leftovers
|-damage|p1a: Landorus|76/100 tox|[from] psn
|upkeep
|turn|23
|
|t:|1641787538
|switch|p2a: Garchomp|Garchomp, M|55/100 tox
|move|p1a: Landorus|Stealth Rock|p2a: Garchomp
|-sidestart|p2: Lolytics1993|move: Stealth Rock
|
|-heal|p2a: Garchomp|61/100 tox|[from] item: Leftovers
|-heal|p1a: Landorus|82/100 tox|[from] item: Leftovers
|-damage|p2a: Garchomp|55/100 tox|[from] psn
|-damage|p1a: Landorus|70/100 tox|[from] psn
|upkeep
|turn|24
|inactive|Lolytics1993 has 120 seconds left.
|
|t:|1641787577
|switch|p1a: Corviknight|Corviknight, F|48/100
|-damage|p1a: Corviknight|35/100|[from] Stealth Rock
|-ability|p1a: Corviknight|Pressure
|move|p2a: Garchomp|Protect||[still]
|-fail|p2a: Garchomp
|
|-heal|p2a: Garchomp|61/100 tox|[from] item: Leftovers
|-damage|p2a: Garchomp|49/100 tox|[from] psn
|upkeep
|turn|25
|
|t:|1641787586
|switch|p2a: Tapu Fini|Tapu Fini, shiny|84/100
|-damage|p2a: Tapu Fini|72/100|[from] Stealth Rock
|-fieldstart|move: Misty Terrain|[from] ability: Misty Surge|[of] p2a: Tapu Fini
|move|p1a: Corviknight|Roost|p1a: Corviknight
|-heal|p1a: Corviknight|85/100
|-singleturn|p1a: Corviknight|move: Roost
|
|upkeep
|turn|26
|inactive|Lolytics1993 has 120 seconds left.
|
|t:|1641787613
|move|p2a: Tapu Fini|Taunt|p1a: Corviknight
|-start|p1a: Corviknight|move: Taunt
|cant|p1a: Corviknight|move: Taunt|Defog
|
|upkeep
|turn|27
|
|t:|1641787628
|move|p2a: Tapu Fini|Surf|p1a: Corviknight
|-damage|p1a: Corviknight|55/100
|move|p1a: Corviknight|U-turn|p2a: Tapu Fini
|-resisted|p2a: Tapu Fini
|-damage|p2a: Tapu Fini|66/100
|
|t:|1641787642
|switch|p1a: Zarude|Zarude|88/100|[from]move: U-turn
|-damage|p1a: Zarude|75/100|[from] Stealth Rock
|
|-heal|p1a: Zarude|82/100|[from] item: Leftovers
|upkeep
|turn|28
|
|t:|1641787649
|switch|p2a: Zapdos|Zapdos, shiny|100/100
|move|p1a: Zarude|Darkest Lariat|p2a: Zapdos
|-damage|p2a: Zapdos|72/100
|
|-heal|p1a: Zarude|88/100|[from] item: Leftovers
|upkeep
|turn|29
|
|t:|1641787660
|switch|p1a: Landorus|Landorus-Therian, M|70/100 tox
|-damage|p1a: Landorus|58/100 tox|[from] Stealth Rock
|-ability|p1a: Landorus|Intimidate|boost
|-unboost|p2a: Zapdos|atk|1
|move|p2a: Zapdos|Hurricane|p1a: Landorus
|-damage|p1a: Landorus|20/100 tox
|
|-heal|p1a: Landorus|26/100 tox|[from] item: Leftovers
|-damage|p1a: Landorus|20/100 tox|[from] psn
|-fieldend|Misty Terrain
|upkeep
|turn|30
|
|t:|1641787672
|switch|p2a: Tapu Fini|Tapu Fini, shiny|66/100
|-damage|p2a: Tapu Fini|54/100|[from] Stealth Rock
|-fieldstart|move: Misty Terrain|[from] ability: Misty Surge|[of] p2a: Tapu Fini
|move|p1a: Landorus|Toxic|p2a: Tapu Fini
|-activate|p2a: Tapu Fini|move: Misty Terrain
|
|-heal|p1a: Landorus|26/100 tox|[from] item: Leftovers
|-damage|p1a: Landorus|14/100 tox|[from] psn
|upkeep
|turn|31
|
|t:|1641787682
|move|p1a: Landorus|Earthquake|p2a: Tapu Fini
|-damage|p2a: Tapu Fini|18/100
|move|p2a: Tapu Fini|Surf|p1a: Landorus
|-supereffective|p1a: Landorus
|-damage|p1a: Landorus|0 fnt
|faint|p1a: Landorus
|
|upkeep
|
|t:|1641787699
|switch|p1a: Zarude|Zarude|88/100
|-damage|p1a: Zarude|75/100|[from] Stealth Rock
|turn|32
|
|t:|1641787703
|switch|p2a: Zapdos|Zapdos, shiny|72/100
|move|p1a: Zarude|Darkest Lariat|p2a: Zapdos
|-damage|p2a: Zapdos|39/100
|
|-heal|p1a: Zarude|82/100|[from] item: Leftovers
|upkeep
|turn|33
|
|t:|1641787710
|move|p1a: Zarude|Darkest Lariat|p2a: Zapdos
|-damage|p2a: Zapdos|10/100
|move|p2a: Zapdos|Roost|p2a: Zapdos
|-heal|p2a: Zapdos|60/100
|-singleturn|p2a: Zapdos|move: Roost
|
|-heal|p1a: Zarude|88/100|[from] item: Leftovers
|upkeep
|turn|34
|
|t:|1641787723
|move|p1a: Zarude|Bulk Up|p1a: Zarude
|-boost|p1a: Zarude|atk|1
|-boost|p1a: Zarude|def|1
|move|p2a: Zapdos|Roost|p2a: Zapdos
|-heal|p2a: Zapdos|100/100
|-singleturn|p2a: Zapdos|move: Roost
|
|-heal|p1a: Zarude|94/100|[from] item: Leftovers
|-fieldend|Misty Terrain
|upkeep
|turn|35
|
|t:|1641787731
|move|p1a: Zarude|Bulk Up|p1a: Zarude
|-boost|p1a: Zarude|atk|1
|-boost|p1a: Zarude|def|1
|move|p2a: Zapdos|Defog|p1a: Zarude
|-unboost|p1a: Zarude|evasion|1
|-sideend|p1: alkazoth|Stealth Rock|[from] move: Defog|[of] p2a: Zapdos
|-sideend|p2: Lolytics1993|Stealth Rock|[from] move: Defog|[of] p2a: Zapdos
|
|-heal|p1a: Zarude|100/100|[from] item: Leftovers
|upkeep
|turn|36
|
|t:|1641787739
|move|p1a: Zarude|Darkest Lariat|p2a: Zapdos
|-damage|p2a: Zapdos|41/100
|move|p2a: Zapdos|Hurricane|p1a: Zarude
|-supereffective|p1a: Zarude
|-damage|p1a: Zarude|8/100
|
|-heal|p1a: Zarude|14/100|[from] item: Leftovers
|upkeep
|turn|37
|
|t:|1641787746
|switch|p2a: Garchomp|Garchomp, M|49/100 tox
|move|p1a: Zarude|Darkest Lariat|p2a: Garchomp
|-damage|p2a: Garchomp|0 fnt
|-damage|p1a: Zarude|2/100|[from] ability: Rough Skin|[of] p2a: Garchomp
|faint|p2a: Garchomp
|
|-heal|p1a: Zarude|8/100|[from] item: Leftovers
|upkeep
|
|t:|1641787748
|switch|p2a: Scizor|Scizor, M, shiny|69/100
|turn|38
|
|t:|1641787757
|switch|p1a: Corviknight|Corviknight, F|55/100
|-ability|p1a: Corviknight|Pressure
|move|p2a: Scizor|Bullet Punch|p1a: Corviknight
|-resisted|p1a: Corviknight
|-damage|p1a: Corviknight|37/100
|-damage|p2a: Scizor|53/100|[from] item: Rocky Helmet|[of] p1a: Corviknight
|
|upkeep
|turn|39
|
|t:|1641787764
|switch|p2a: Zapdos|Zapdos, shiny|41/100
|move|p1a: Corviknight|Roost|p1a: Corviknight
|-heal|p1a: Corviknight|87/100
|-singleturn|p1a: Corviknight|move: Roost
|
|upkeep
|turn|40
|
|t:|1641787770
|move|p2a: Zapdos|Roost|p2a: Zapdos
|-heal|p2a: Zapdos|91/100
|-singleturn|p2a: Zapdos|move: Roost
|move|p1a: Corviknight|U-turn|p2a: Zapdos
|-damage|p2a: Zapdos|79/100
|
|t:|1641787787
|switch|p1a: Dragapult|Dragapult, M|94/100 tox|[from]move: U-turn
|
|-damage|p1a: Dragapult|88/100 tox|[from] psn
|upkeep
|turn|41
|
|t:|1641787795
|switch|p2a: Tyranitar|Tyranitar, M|100/100
|-weather|Sandstorm|[from] ability: Sand Stream|[of] p2a: Tyranitar
|move|p1a: Dragapult|Shadow Ball|p2a: Tyranitar
|-resisted|p2a: Tyranitar
|-damage|p2a: Tyranitar|92/100
|
|-weather|Sandstorm|[upkeep]
|-damage|p1a: Dragapult|82/100 tox|[from] Sandstorm
|-damage|p1a: Dragapult|70/100 tox|[from] psn
|upkeep
|turn|42
|
|t:|1641787807
|switch|p1a: Corviknight|Corviknight, F|87/100
|-ability|p1a: Corviknight|Pressure
|move|p2a: Tyranitar|Stone Edge|p1a: Corviknight
|-damage|p1a: Corviknight|56/100
|
|-weather|Sandstorm|[upkeep]
|upkeep
|turn|43
|
|t:|1641787815
|switch|p2a: Zapdos|Zapdos, shiny|79/100
|move|p1a: Corviknight|Roost|p1a: Corviknight
|-heal|p1a: Corviknight|100/100
|-singleturn|p1a: Corviknight|move: Roost
|
|-weather|Sandstorm|[upkeep]
|-damage|p2a: Zapdos|73/100|[from] Sandstorm
|upkeep
|turn|44
|
|t:|1641787824
|switch|p1a: Zarude|Zarude|8/100
|move|p2a: Zapdos|Volt Switch|p1a: Zarude
|-resisted|p1a: Zarude
|-damage|p1a: Zarude|0 fnt
|faint|p1a: Zarude
|
|t:|1641787831
|switch|p2a: Scizor|Scizor, M, shiny|53/100|[from]move: Volt Switch
|
|-weather|Sandstorm|[upkeep]
|upkeep
|l| vip10086
|
|t:|1641787835
|switch|p1a: Blacephalon|Blacephalon|100/100
|turn|45
|
|t:|1641787842
|switch|p2a: Tyranitar|Tyranitar, M|92/100
|move|p1a: Blacephalon|Trick|p2a: Tyranitar
|-activate|p1a: Blacephalon|move: Trick|[of] p2a: Tyranitar
|-item|p2a: Tyranitar|Choice Scarf|[from] move: Trick
|-item|p1a: Blacephalon|Assault Vest|[from] move: Trick
|
|-weather|none
|upkeep
|turn|46
|
|t:|1641787850
|switch|p1a: Corviknight|Corviknight, F|100/100
|-ability|p1a: Corviknight|Pressure
|move|p2a: Tyranitar|Crunch|p1a: Corviknight
|-damage|p1a: Corviknight|75/100
|-unboost|p1a: Corviknight|def|1
|-damage|p2a: Tyranitar|75/100|[from] item: Rocky Helmet|[of] p1a: Corviknight
|
|upkeep
|turn|47
|
|t:|1641787858
|switch|p2a: Zapdos|Zapdos, shiny|73/100
|move|p1a: Corviknight|U-turn|p2a: Zapdos
|-resisted|p2a: Zapdos
|-damage|p2a: Zapdos|68/100
|
|t:|1641787865
|switch|p1a: Blacephalon|Blacephalon|100/100|[from]move: U-turn
|
|upkeep
|turn|48
|
|t:|1641787882
|move|p1a: Blacephalon|Overheat|p2a: Zapdos
|-crit|p2a: Zapdos
|-damage|p2a: Zapdos|0 fnt
|-unboost|p1a: Blacephalon|spa|2
|faint|p2a: Zapdos
|-ability|p1a: Blacephalon|Beast Boost|boost
|-boost|p1a: Blacephalon|spa|1
|
|upkeep
|
|t:|1641787887
|switch|p2a: Tyranitar|Tyranitar, M|75/100
|-weather|Sandstorm|[from] ability: Sand Stream|[of] p2a: Tyranitar
|turn|49
|
|t:|1641787892
|switch|p1a: Corviknight|Corviknight, F|75/100
|-ability|p1a: Corviknight|Pressure
|move|p2a: Tyranitar|Crunch|p1a: Corviknight
|-damage|p1a: Corviknight|46/100
|-unboost|p1a: Corviknight|def|1
|-damage|p2a: Tyranitar|59/100|[from] item: Rocky Helmet|[of] p1a: Corviknight
|
|-weather|Sandstorm|[upkeep]
|upkeep
|turn|50
|
|t:|1641787901
|switch|p2a: Heatran|Heatran, M, shiny|50/100
|move|p1a: Corviknight|Roost|p1a: Corviknight
|-heal|p1a: Corviknight|96/100
|-singleturn|p1a: Corviknight|move: Roost
|
|-weather|Sandstorm|[upkeep]
|upkeep
|turn|51
|
|t:|1641787910
|switch|p1a: Toxapex|Toxapex, F|84/100
|move|p2a: Heatran|Magma Storm|p1a: Toxapex|[miss]
|-miss|p2a: Heatran|p1a: Toxapex
|
|-weather|Sandstorm|[upkeep]
|-damage|p1a: Toxapex|78/100|[from] Sandstorm
|upkeep
|turn|52
|
|t:|1641787917
|move|p2a: Heatran|Earth Power|p1a: Toxapex
|-supereffective|p1a: Toxapex
|-damage|p1a: Toxapex|37/100
|move|p1a: Toxapex|Scald|p2a: Heatran
|-supereffective|p2a: Heatran
|-damage|p2a: Heatran|28/100
|
|-weather|Sandstorm|[upkeep]
|-damage|p1a: Toxapex|31/100|[from] Sandstorm
|upkeep
|turn|53
|
|t:|1641787925
|switch|p1a: Dragapult|Dragapult, M|70/100 tox
|move|p2a: Heatran|Magma Storm|p1a: Dragapult
|-resisted|p1a: Dragapult
|-damage|p1a: Dragapult|41/100 tox
|-activate|p1a: Dragapult|move: Magma Storm|[of] p2a: Heatran
|
|-weather|none
|-damage|p1a: Dragapult|35/100 tox|[from] psn
|-damage|p1a: Dragapult|23/100 tox|[from] move: Magma Storm|[partiallytrapped]
|upkeep
|turn|54
|
|t:|1641787937
|switch|p2a: Tyranitar|Tyranitar, M|59/100
|-weather|Sandstorm|[from] ability: Sand Stream|[of] p2a: Tyranitar
|move|p1a: Dragapult|Hydro Pump|p2a: Tyranitar
|-supereffective|p2a: Tyranitar
|-damage|p2a: Tyranitar|13/100
|
|-weather|Sandstorm|[upkeep]
|-damage|p1a: Dragapult|17/100 tox|[from] Sandstorm
|-damage|p1a: Dragapult|4/100 tox|[from] psn
|-end|p1a: Dragapult|Magma Storm|[partiallytrapped]|[silent]
|upkeep
|turn|55
|
|t:|1641787952
|move|p1a: Dragapult|Hydro Pump|p2a: Tyranitar
|-supereffective|p2a: Tyranitar
|-damage|p2a: Tyranitar|0 fnt
|faint|p2a: Tyranitar
|
|-weather|Sandstorm|[upkeep]
|-damage|p1a: Dragapult|0 fnt|[from] Sandstorm
|faint|p1a: Dragapult
|upkeep
|
|t:|1641787970
|switch|p1a: Toxapex|Toxapex, F|65/100
|switch|p2a: Tapu Fini|Tapu Fini, shiny|18/100
|-fieldstart|move: Misty Terrain|[from] ability: Misty Surge|[of] p2a: Tapu Fini
|turn|56
|
|t:|1641787990
|switch|p1a: Corviknight|Corviknight, F|96/100
|-ability|p1a: Corviknight|Pressure
|move|p2a: Tapu Fini|Draining Kiss|p1a: Corviknight
|-resisted|p1a: Corviknight
|-damage|p1a: Corviknight|89/100
|-heal|p2a: Tapu Fini|26/100|[from] drain|[of] p1a: Corviknight
|-damage|p2a: Tapu Fini|10/100|[from] item: Rocky Helmet|[of] p1a: Corviknight
|
|-weather|Sandstorm|[upkeep]
|-damage|p2a: Tapu Fini|4/100|[from] Sandstorm
|upkeep
|turn|57
|
|t:|1641788000
|switch|p2a: Heatran|Heatran, M, shiny|28/100
|move|p1a: Corviknight|U-turn|p2a: Heatran
|-resisted|p2a: Heatran
|-damage|p2a: Heatran|25/100
|
|t:|1641788008
|switch|p1a: Blacephalon|Blacephalon|100/100|[from]move: U-turn
|
|-weather|Sandstorm|[upkeep]
|-damage|p1a: Blacephalon|94/100|[from] Sandstorm
|upkeep
|turn|58
|
|t:|1641788017
|move|p1a: Blacephalon|Shadow Ball|p2a: Heatran
|-damage|p2a: Heatran|0 fnt
|faint|p2a: Heatran
|-ability|p1a: Blacephalon|Beast Boost|boost
|-boost|p1a: Blacephalon|spa|1
|
|-weather|none
|upkeep
|
|t:|1641788032
|switch|p2a: Scizor|Scizor, M, shiny|53/100
|turn|59
|-message|Lolytics1993 forfeited.
|
|win|alkazoth
|raw|alkazoth's rating: 1576 &rarr; <strong>1593</strong><br />(+17 for winning)
|raw|Lolytics1993's rating: 1530 &rarr; <strong>1513</strong><br />(-17 for losing)
|l|‽Lolytics1993
