|j|☆illegalamigo1
|j|☆chali233
|t:|1641725097
|gametype|singles
|player|p1|illegalamigo1|swimmer-gen4|1026
|player|p2|chali233|lady-gen4|1068
|teamsize|p1|6
|teamsize|p2|6
|gen|8
|tier|[Gen 8] OU
|rated|
|rule|Sleep Clause Mod: Limit one foe put to sleep
|rule|Species Clause: Limit one of each Pokémon
|rule|OHKO Clause: OHKO moves are banned
|rule|Evasion Moves Clause: Evasion moves are banned
|rule|Endless Battle Clause: Forcing endless battles is banned
|rule|HP Percentage Mod: HP is shown in percentages
|rule|Dynamax Clause: You cannot dynamax
|clearpoke
|poke|p1|Ninetales, M|
|poke|p1|Diggersby, F|
|poke|p1|Venusaur, M|
|poke|p1|Slowbro-Galar, M|
|poke|p1|Zapdos|
|poke|p1|Mienshao, M|
|poke|p2|Dragapult, M|
|poke|p2|Porygon2|
|poke|p2|Gyarados, M|
|poke|p2|Zeraora|
|poke|p2|Gardevoir, F|
|poke|p2|Mawile, M|
|teampreview
|
|t:|1641725117
|start
|switch|p1a: Feta|Ninetales, M|100/100
|switch|p2a: Porygon2|Porygon2|100/100
|-weather|SunnyDay|[from] ability: Drought|[of] p1a: Feta
|-ability|p2a: Porygon2|Download|boost
|-boost|p2a: Porygon2|atk|1
|turn|1
|
|t:|1641725129
|switch|p2a: Gyarados|Gyarados, M|100/100
|-ability|p2a: Gyarados|Intimidate|boost
|-unboost|p1a: Feta|atk|1
|move|p1a: Feta|Substitute|p1a: Feta
|-start|p1a: Feta|Substitute
|-damage|p1a: Feta|75/100
|
|-weather|SunnyDay|[upkeep]
|upkeep
|turn|2
|
|t:|1641725139
|move|p1a: Feta|Flamethrower|p2a: Gyarados
|-resisted|p2a: Gyarados
|-damage|p2a: Gyarados|82/100
|move|p2a: Gyarados|Dragon Dance|p2a: Gyarados
|-boost|p2a: Gyarados|atk|1
|-boost|p2a: Gyarados|spe|1
|
|-weather|SunnyDay|[upkeep]
|upkeep
|turn|3
|
|t:|1641725156
|move|p2a: Gyarados|Dragon Dance|p2a: Gyarados
|-boost|p2a: Gyarados|atk|1
|-boost|p2a: Gyarados|spe|1
|move|p1a: Feta|Flamethrower|p2a: Gyarados
|-resisted|p2a: Gyarados
|-damage|p2a: Gyarados|61/100
|
|-weather|SunnyDay|[upkeep]
|upkeep
|turn|4
|
|t:|1641725169
|switch|p2a: Porygon2|Porygon2|100/100
|-ability|p2a: Porygon2|Download|boost
|-boost|p2a: Porygon2|atk|1
|move|p1a: Feta|Flamethrower|p2a: Porygon2
|-damage|p2a: Porygon2|76/100
|
|-weather|SunnyDay|[upkeep]
|upkeep
|turn|5
|
|t:|1641725179
|move|p1a: Feta|Flamethrower|p2a: Porygon2
|-damage|p2a: Porygon2|53/100
|move|p2a: Porygon2|Recover|p2a: Porygon2
|-heal|p2a: Porygon2|100/100
|
|-weather|SunnyDay|[upkeep]
|upkeep
|turn|6
|
|t:|1641725189
|move|p1a: Feta|Flamethrower|p2a: Porygon2
|-damage|p2a: Porygon2|78/100
|move|p2a: Porygon2|Trick Room|p2a: Porygon2
|-fieldstart|move: Trick Room|[of] p2a: Porygon2
|
|-weather|SunnyDay|[upkeep]
|upkeep
|turn|7
|
|t:|1641725198
|move|p2a: Porygon2|Recover|p2a: Porygon2
|-heal|p2a: Porygon2|100/100
|move|p1a: Feta|Flamethrower|p2a: Porygon2
|-damage|p2a: Porygon2|76/100
|
|-weather|SunnyDay|[upkeep]
|upkeep
|turn|8
|
|t:|1641725206
|move|p2a: Porygon2|Recover|p2a: Porygon2
|-heal|p2a: Porygon2|100/100
|move|p1a: Feta|Flamethrower|p2a: Porygon2
|-damage|p2a: Porygon2|78/100
|
|-weather|none
|upkeep
|turn|9
|
|t:|1641725215
|move|p2a: Porygon2|Recover|p2a: Porygon2
|-heal|p2a: Porygon2|100/100
|move|p1a: Feta|Sunny Day|p1a: Feta
|-weather|SunnyDay
|
|-weather|SunnyDay|[upkeep]
|upkeep
|turn|10
|
|t:|1641725224
|move|p2a: Porygon2|Recover||[still]
|-fail|p2a: Porygon2|heal
|move|p1a: Feta|Flamethrower|p2a: Porygon2
|-damage|p2a: Porygon2|76/100
|
|-weather|SunnyDay|[upkeep]
|-fieldend|move: Trick Room
|upkeep
|turn|11
|
|t:|1641725232
|move|p1a: Feta|Flamethrower|p2a: Porygon2
|-damage|p2a: Porygon2|51/100
|move|p2a: Porygon2|Trick Room|p2a: Porygon2
|-fieldstart|move: Trick Room|[of] p2a: Porygon2
|
|-weather|SunnyDay|[upkeep]
|upkeep
|turn|12
|
|t:|1641725240
|move|p2a: Porygon2|Recover|p2a: Porygon2
|-heal|p2a: Porygon2|100/100
|move|p1a: Feta|Flamethrower|p2a: Porygon2
|-damage|p2a: Porygon2|75/100
|
|-weather|SunnyDay|[upkeep]
|upkeep
|turn|13
|
|t:|1641725251
|move|p2a: Porygon2|Foul Play|p1a: Feta
|-activate|p1a: Feta|move: Substitute|[damage]
|move|p1a: Feta|Flamethrower|p2a: Porygon2
|-damage|p2a: Porygon2|50/100
|
|-weather|SunnyDay|[upkeep]
|upkeep
|turn|14
|
|t:|1641725285
|move|p2a: Porygon2|Recover|p2a: Porygon2
|-heal|p2a: Porygon2|100/100
|move|p1a: Feta|Flamethrower|p2a: Porygon2
|-damage|p2a: Porygon2|76/100
|
|-weather|SunnyDay|[upkeep]
|upkeep
|turn|15
|
|t:|1641725295
|move|p2a: Porygon2|Recover|p2a: Porygon2
|-heal|p2a: Porygon2|100/100
|move|p1a: Feta|Flamethrower|p2a: Porygon2
|-damage|p2a: Porygon2|79/100
|
|-weather|SunnyDay|[upkeep]
|-fieldend|move: Trick Room
|upkeep
|turn|16
|
|t:|1641725304
|move|p1a: Feta|Flamethrower|p2a: Porygon2
|-damage|p2a: Porygon2|56/100
|move|p2a: Porygon2|Foul Play|p1a: Feta
|-end|p1a: Feta|Substitute
|
|-weather|none
|upkeep
|turn|17
|
|t:|1641725313
|move|p1a: Feta|Substitute|p1a: Feta
|-start|p1a: Feta|Substitute
|-damage|p1a: Feta|50/100
|move|p2a: Porygon2|Trick Room|p2a: Porygon2
|-fieldstart|move: Trick Room|[of] p2a: Porygon2
|
|upkeep
|turn|18
|
|t:|1641725319
|move|p2a: Porygon2|Foul Play|p1a: Feta
|-activate|p1a: Feta|move: Substitute|[damage]
|move|p1a: Feta|Sunny Day|p1a: Feta
|-weather|SunnyDay
|
|-weather|SunnyDay|[upkeep]
|upkeep
|turn|19
|
|t:|1641725328
|move|p2a: Porygon2|Foul Play|p1a: Feta
|-end|p1a: Feta|Substitute
|move|p1a: Feta|Flamethrower|p2a: Porygon2
|-damage|p2a: Porygon2|30/100
|
|-weather|SunnyDay|[upkeep]
|upkeep
|turn|20
|
|t:|1641725338
|move|p2a: Porygon2|Recover|p2a: Porygon2
|-heal|p2a: Porygon2|80/100
|move|p1a: Feta|Substitute|p1a: Feta
|-start|p1a: Feta|Substitute
|-damage|p1a: Feta|25/100
|
|-weather|SunnyDay|[upkeep]
|upkeep
|turn|21
|
|t:|1641725347
|move|p2a: Porygon2|Foul Play|p1a: Feta
|-activate|p1a: Feta|move: Substitute|[damage]
|move|p1a: Feta|Pain Split|p2a: Porygon2
|-sethp|p2a: Porygon2|51/100|[from] move: Pain Split|[silent]
|-sethp|p1a: Feta|56/100|[from] move: Pain Split
|
|-weather|SunnyDay|[upkeep]
|-fieldend|move: Trick Room
|upkeep
|turn|22
|
|t:|1641725357
|move|p1a: Feta|Flamethrower|p2a: Porygon2
|-damage|p2a: Porygon2|28/100
|move|p2a: Porygon2|Foul Play|p1a: Feta
|-end|p1a: Feta|Substitute
|
|-weather|SunnyDay|[upkeep]
|upkeep
|turn|23
|
|t:|1641725366
|move|p1a: Feta|Flamethrower|p2a: Porygon2
|-damage|p2a: Porygon2|3/100
|move|p2a: Porygon2|Recover|p2a: Porygon2
|-heal|p2a: Porygon2|53/100
|
|-weather|SunnyDay|[upkeep]
|upkeep
|turn|24
|
|t:|1641725374
|move|p1a: Feta|Substitute|p1a: Feta
|-start|p1a: Feta|Substitute
|-damage|p1a: Feta|31/100
|move|p2a: Porygon2|Foul Play|p1a: Feta
|-activate|p1a: Feta|move: Substitute|[damage]
|
|-weather|SunnyDay|[upkeep]
|upkeep
|turn|25
|
|t:|1641725383
|move|p1a: Feta|Flamethrower|p2a: Porygon2
|-damage|p2a: Porygon2|31/100
|move|p2a: Porygon2|Foul Play|p1a: Feta
|-activate|p1a: Feta|move: Substitute|[damage]
|
|-weather|none
|upkeep
|turn|26
|
|t:|1641725392
|move|p1a: Feta|Flamethrower|p2a: Porygon2
|-damage|p2a: Porygon2|17/100
|-status|p2a: Porygon2|brn
|move|p2a: Porygon2|Foul Play|p1a: Feta
|-end|p1a: Feta|Substitute
|
|-damage|p2a: Porygon2|10/100 brn|[from] brn
|upkeep
|turn|27
|
|t:|1641725403
|move|p1a: Feta|Substitute|p1a: Feta
|-start|p1a: Feta|Substitute
|-damage|p1a: Feta|6/100
|move|p2a: Porygon2|Foul Play|p1a: Feta
|-activate|p1a: Feta|move: Substitute|[damage]
|
|-damage|p2a: Porygon2|4/100 brn|[from] brn
|upkeep
|turn|28
|
|t:|1641725414
|move|p1a: Feta|Flamethrower|p2a: Porygon2
|-damage|p2a: Porygon2|0 fnt
|faint|p2a: Porygon2
|
|upkeep
|l|☆chali233
|player|p2|
|inactive|Battle timer is ON: inactive players will automatically lose when time's up. (requested by illegalamigo1)
|inactive|chali233 has 30 seconds to reconnect!
|inactive|chali233 has 20 seconds to reconnect!
|inactive|chali233 has 15 seconds to reconnect!
|inactive|chali233 has 10 seconds to reconnect!
|inactive|chali233 has 5 seconds to reconnect!
|-message|chali233 lost due to inactivity.
|
|win|illegalamigo1
|raw|illegalamigo1's rating: 1026 &rarr; <strong>1066</strong><br />(+40 for winning)
|raw|chali233's rating: 1068 &rarr; <strong>1045</strong><br />(-23 for losing)
