|j|☆Pindustry
|j|☆Drop A Fish
|t:|1641812159
|gametype|singles
|player|p1|Pindustry|candice|
|player|p2|Drop A Fish|gentleman-gen4|
|teamsize|p1|6
|teamsize|p2|6
|gen|8
|tier|[Gen 8] OU
|rule|Sleep Clause Mod: Limit one foe put to sleep
|rule|Species Clause: Limit one of each Pokémon
|rule|OHKO Clause: OHKO moves are banned
|rule|Evasion Moves Clause: Evasion moves are banned
|rule|Endless Battle Clause: Forcing endless battles is banned
|rule|HP Percentage Mod: HP is shown in percentages
|rule|Dynamax Clause: You cannot dynamax
|clearpoke
|poke|p1|Indeedee, M|
|poke|p1|Tapu Lele|
|poke|p1|Tapu Fini|
|poke|p1|Hawlucha, M|
|poke|p1|Heatran, M|
|poke|p1|Landorus-Therian, M|
|poke|p2|Clefable, F|
|poke|p2|Toxapex, M|
|poke|p2|Landorus-Therian, M|
|poke|p2|Ferrothorn, M|
|poke|p2|Reuniclus, M|
|poke|p2|Tornadus-Therian, M|
|teampreview
|
|t:|1641812186
|start
|switch|p1a: Tapu Lele|Tapu Lele|100/100
|switch|p2a: Ferrothorn|Ferrothorn, M|100/100
|-fieldstart|move: Psychic Terrain|[from] ability: Psychic Surge|[of] p1a: Tapu Lele
|turn|1
|
|t:|1641812198
|switch|p1a: Heatran|Heatran, M|100/100
|move|p2a: Ferrothorn|Leech Seed|p1a: Heatran
|-start|p1a: Heatran|move: Leech Seed
|
|-damage|p1a: Heatran|88/100|[from] Leech Seed|[of] p2a: Ferrothorn
|upkeep
|turn|2
|
|t:|1641812207
|switch|p2a: Reuniclus|Reuniclus, M|100/100
|move|p1a: Heatran|Eruption|p2a: Reuniclus
|-damage|p2a: Reuniclus|30/100
|
|-damage|p1a: Heatran|76/100|[from] Leech Seed|[of] p2a: Reuniclus
|-heal|p2a: Reuniclus|40/100|[silent]
|upkeep
|turn|3
|
|t:|1641812212
|move|p1a: Heatran|Eruption|p2a: Reuniclus
|-damage|p2a: Reuniclus|0 fnt
|faint|p2a: Reuniclus
|
|upkeep
|
|t:|1641812220
|switch|p2a: Landorus|Landorus-Therian, M|100/100
|-ability|p2a: Landorus|Intimidate|boost
|-unboost|p1a: Heatran|atk|1
|turn|4
|inactive|Battle timer is ON: inactive players will automatically lose when time's up. (requested by Drop A Fish)
|
|t:|1641812308
|move|p2a: Landorus|Earthquake|p1a: Heatran
|-supereffective|p1a: Heatran
|-damage|p1a: Heatran|0 fnt
|faint|p1a: Heatran
|
|upkeep
|
|t:|1641812321
|switch|p1a: Hawlucha|Hawlucha, M|100/100
|-enditem|p1a: Hawlucha|Psychic Seed
|-boost|p1a: Hawlucha|spd|1|[from] item: Psychic Seed
|turn|5
|
|t:|1641812326
|move|p1a: Hawlucha|Swords Dance|p1a: Hawlucha
|-boost|p1a: Hawlucha|atk|2
|move|p2a: Landorus|Toxic|p1a: Hawlucha
|-status|p1a: Hawlucha|tox
|
|-damage|p1a: Hawlucha|94/100 tox|[from] psn
|-fieldend|move: Psychic Terrain
|upkeep
|turn|6
|
|t:|1641812333
|move|p1a: Hawlucha|Acrobatics|p2a: Landorus
|-damage|p2a: Landorus|18/100
|move|p2a: Landorus|U-turn|p1a: Hawlucha
|-resisted|p1a: Hawlucha
|-damage|p1a: Hawlucha|87/100 tox
|
|t:|1641812335
|switch|p2a: Toxapex|Toxapex, M|100/100|[from]move: U-turn
|
|-damage|p1a: Hawlucha|75/100 tox|[from] psn
|upkeep
|turn|7
|
|t:|1641812340
|move|p1a: Hawlucha|Thunder Punch|p2a: Toxapex
|-supereffective|p2a: Toxapex
|-damage|p2a: Toxapex|36/100
|move|p2a: Toxapex|Recover|p2a: Toxapex
|-heal|p2a: Toxapex|86/100
|
|-damage|p1a: Hawlucha|57/100 tox|[from] psn
|upkeep
|turn|8
|
|t:|1641812346
|move|p1a: Hawlucha|Thunder Punch|p2a: Toxapex
|-supereffective|p2a: Toxapex
|-damage|p2a: Toxapex|20/100
|move|p2a: Toxapex|Recover|p2a: Toxapex
|-heal|p2a: Toxapex|70/100
|
|-damage|p1a: Hawlucha|32/100 tox|[from] psn
|upkeep
|turn|9
|
|t:|1641812354
|switch|p2a: Landorus|Landorus-Therian, M|18/100
|-ability|p2a: Landorus|Intimidate|boost
|-unboost|p1a: Hawlucha|atk|1
|move|p1a: Hawlucha|Acrobatics|p2a: Landorus
|-damage|p2a: Landorus|0 fnt
|faint|p2a: Landorus
|
|-damage|p1a: Hawlucha|2/100 tox|[from] psn
|upkeep
|
|t:|1641812359
|switch|p2a: Toxapex|Toxapex, M|100/100
|turn|10
|
|t:|1641812363
|move|p1a: Hawlucha|Thunder Punch|p2a: Toxapex
|-supereffective|p2a: Toxapex
|-damage|p2a: Toxapex|53/100
|move|p2a: Toxapex|Recover|p2a: Toxapex
|-heal|p2a: Toxapex|100/100
|
|-damage|p1a: Hawlucha|0 fnt|[from] psn
|faint|p1a: Hawlucha
|upkeep
|
|t:|1641812367
|switch|p1a: Tapu Lele|Tapu Lele|100/100
|-fieldstart|move: Psychic Terrain|[from] ability: Psychic Surge|[of] p1a: Tapu Lele
|turn|11
|
|t:|1641812373
|move|p1a: Tapu Lele|Psychic|p2a: Toxapex
|-supereffective|p2a: Toxapex
|-damage|p2a: Toxapex|0 fnt
|faint|p2a: Toxapex
|
|upkeep
|
|t:|1641812375
|switch|p2a: Ferrothorn|Ferrothorn, M|100/100
|turn|12
|
|t:|1641812382
|switch|p1a: Tapu Fini|Tapu Fini|100/100
|-fieldstart|move: Misty Terrain|[from] ability: Misty Surge|[of] p1a: Tapu Fini
|move|p2a: Ferrothorn|Leech Seed|p1a: Tapu Fini
|-start|p1a: Tapu Fini|move: Leech Seed
|
|-damage|p1a: Tapu Fini|88/100|[from] Leech Seed|[of] p2a: Ferrothorn
|upkeep
|turn|13
|
|t:|1641812386
|switch|p1a: Landorus|Landorus-Therian, M|100/100
|-ability|p1a: Landorus|Intimidate|boost
|-unboost|p2a: Ferrothorn|atk|1
|move|p2a: Ferrothorn|Power Whip|p1a: Landorus
|-damage|p1a: Landorus|72/100
|
|-heal|p1a: Landorus|78/100|[from] item: Leftovers
|upkeep
|turn|14
|
|t:|1641812392
|move|p1a: Landorus|Earthquake|p2a: Ferrothorn
|-damage|p2a: Ferrothorn|57/100
|move|p2a: Ferrothorn|Leech Seed|p1a: Landorus
|-start|p1a: Landorus|move: Leech Seed
|
|-heal|p1a: Landorus|84/100|[from] item: Leftovers
|-heal|p2a: Ferrothorn|63/100|[from] item: Leftovers
|-damage|p1a: Landorus|72/100|[from] Leech Seed|[of] p2a: Ferrothorn
|-heal|p2a: Ferrothorn|75/100|[silent]
|upkeep
|turn|15
|
|t:|1641812396
|switch|p2a: Tornadus|Tornadus-Therian, M|100/100
|move|p1a: Landorus|Earthquake|p2a: Tornadus
|-immune|p2a: Tornadus
|
|-heal|p1a: Landorus|78/100|[from] item: Leftovers
|-damage|p1a: Landorus|65/100|[from] Leech Seed|[of] p2a: Tornadus
|upkeep
|turn|16
|
|t:|1641812400
|switch|p2a: Ferrothorn|Ferrothorn, M|75/100
|move|p1a: Landorus|Rock Tomb|p2a: Ferrothorn
|-resisted|p2a: Ferrothorn
|-damage|p2a: Ferrothorn|66/100
|-unboost|p2a: Ferrothorn|spe|1
|
|-heal|p1a: Landorus|71/100|[from] item: Leftovers
|-heal|p2a: Ferrothorn|72/100|[from] item: Leftovers
|-damage|p1a: Landorus|59/100|[from] Leech Seed|[of] p2a: Ferrothorn
|-heal|p2a: Ferrothorn|83/100|[silent]
|-fieldend|Misty Terrain
|upkeep
|turn|17
|
|t:|1641812406
|move|p1a: Landorus|Stealth Rock|p2a: Ferrothorn
|-sidestart|p2: Drop A Fish|move: Stealth Rock
|move|p2a: Ferrothorn|Knock Off|p1a: Landorus
|-damage|p1a: Landorus|33/100
|-enditem|p1a: Landorus|Leftovers|[from] move: Knock Off|[of] p2a: Ferrothorn
|
|-heal|p2a: Ferrothorn|89/100|[from] item: Leftovers
|-damage|p1a: Landorus|21/100|[from] Leech Seed|[of] p2a: Ferrothorn
|-heal|p2a: Ferrothorn|99/100|[silent]
|upkeep
|turn|18
|
|t:|1641812413
|switch|p2a: Tornadus|Tornadus-Therian, M|100/100
|move|p1a: Landorus|Earthquake|p2a: Tornadus
|-immune|p2a: Tornadus
|
|-damage|p1a: Landorus|9/100|[from] Leech Seed|[of] p2a: Tornadus
|upkeep
|turn|19
|
|t:|1641812419
|move|p2a: Tornadus|Knock Off|p1a: Landorus
|-damage|p1a: Landorus|0 fnt
|faint|p1a: Landorus
|
|upkeep
|
|t:|1641812422
|switch|p1a: Indeedee|Indeedee, M|100/100
|-fieldstart|move: Psychic Terrain|[from] ability: Psychic Surge|[of] p1a: Indeedee
|turn|20
|
|t:|1641812426
|move|p2a: Tornadus|Knock Off|p1a: Indeedee
|-supereffective|p1a: Indeedee
|-damage|p1a: Indeedee|22/100
|-enditem|p1a: Indeedee|Life Orb|[from] move: Knock Off|[of] p2a: Tornadus
|move|p1a: Indeedee|Expanding Force|p2a: Tornadus
|-damage|p2a: Tornadus|39/100
|
|upkeep
|turn|21
|
|t:|1641812432
|move|p2a: Tornadus|Knock Off|p1a: Indeedee
|-supereffective|p1a: Indeedee
|-damage|p1a: Indeedee|0 fnt
|faint|p1a: Indeedee
|
|upkeep
|
|t:|1641812436
|switch|p1a: Tapu Lele|Tapu Lele|100/100
|turn|22
|
|t:|1641812450
|switch|p1a: Tapu Fini|Tapu Fini|88/100
|-fieldstart|move: Misty Terrain|[from] ability: Misty Surge|[of] p1a: Tapu Fini
|move|p2a: Tornadus|Knock Off|p1a: Tapu Fini
|-resisted|p1a: Tapu Fini
|-damage|p1a: Tapu Fini|79/100
|-enditem|p1a: Tapu Fini|Leftovers|[from] move: Knock Off|[of] p2a: Tornadus
|
|upkeep
|turn|23
|
|t:|1641812458
|switch|p2a: Ferrothorn|Ferrothorn, M|99/100
|-damage|p2a: Ferrothorn|94/100|[from] Stealth Rock
|move|p1a: Tapu Fini|Dazzling Gleam|p2a: Ferrothorn
|-resisted|p2a: Ferrothorn
|-crit|p2a: Ferrothorn
|-damage|p2a: Ferrothorn|80/100
|
|-heal|p2a: Ferrothorn|86/100|[from] item: Leftovers
|upkeep
|turn|24
|
|t:|1641812460
|switch|p1a: Tapu Lele|Tapu Lele|100/100
|-fieldstart|move: Psychic Terrain|[from] ability: Psychic Surge|[of] p1a: Tapu Lele
|move|p2a: Ferrothorn|Leech Seed|p1a: Tapu Lele
|-start|p1a: Tapu Lele|move: Leech Seed
|
|-heal|p2a: Ferrothorn|92/100|[from] item: Leftovers
|-damage|p1a: Tapu Lele|88/100|[from] Leech Seed|[of] p2a: Ferrothorn
|-heal|p2a: Ferrothorn|100/100|[silent]
|upkeep
|turn|25
|
|t:|1641812465
|switch|p2a: Clefable|Clefable, F|100/100
|move|p1a: Tapu Lele|Focus Blast|p2a: Clefable
|-resisted|p2a: Clefable
|-damage|p2a: Clefable|68/100
|
|-damage|p1a: Tapu Lele|76/100|[from] Leech Seed|[of] p2a: Clefable
|-heal|p2a: Clefable|77/100|[silent]
|upkeep
|turn|26
|
|t:|1641812468
|switch|p1a: Tapu Fini|Tapu Fini|79/100
|-fieldstart|move: Misty Terrain|[from] ability: Misty Surge|[of] p1a: Tapu Fini
|move|p2a: Clefable|Thunderbolt|p1a: Tapu Fini
|-supereffective|p1a: Tapu Fini
|-damage|p1a: Tapu Fini|16/100
|
|upkeep
|turn|27
|
|t:|1641812479
|move|p1a: Tapu Fini|Knock Off|p2a: Clefable
|-resisted|p2a: Clefable
|-damage|p2a: Clefable|67/100
|-enditem|p2a: Clefable|Life Orb|[from] move: Knock Off|[of] p1a: Tapu Fini
|move|p2a: Clefable|Thunderbolt|p1a: Tapu Fini
|-supereffective|p1a: Tapu Fini
|-damage|p1a: Tapu Fini|0 fnt
|faint|p1a: Tapu Fini
|
|upkeep
|
|t:|1641812481
|switch|p1a: Tapu Lele|Tapu Lele|76/100
|-fieldstart|move: Psychic Terrain|[from] ability: Psychic Surge|[of] p1a: Tapu Lele
|turn|28
|
|t:|1641812488
|move|p1a: Tapu Lele|Psychic|p2a: Clefable
|-damage|p2a: Clefable|0 fnt
|faint|p2a: Clefable
|
|upkeep
|
|t:|1641812494
|switch|p2a: Tornadus|Tornadus-Therian, M|72/100
|turn|29
|
|t:|1641812497
|move|p2a: Tornadus|Knock Off|p1a: Tapu Lele
|-damage|p1a: Tapu Lele|47/100
|-enditem|p1a: Tapu Lele|Choice Specs|[from] move: Knock Off|[of] p2a: Tornadus
|move|p1a: Tapu Lele|Psychic|p2a: Tornadus
|-damage|p2a: Tornadus|14/100
|
|upkeep
|turn|30
|
|t:|1641812502
|move|p2a: Tornadus|Knock Off|p1a: Tapu Lele
|-damage|p1a: Tapu Lele|27/100
|move|p1a: Tapu Lele|Psychic|p2a: Tornadus
|-damage|p2a: Tornadus|0 fnt
|faint|p2a: Tornadus
|
|upkeep
|
|t:|1641812505
|switch|p2a: Ferrothorn|Ferrothorn, M|100/100
|-damage|p2a: Ferrothorn|95/100|[from] Stealth Rock
|turn|31
|inactive|Drop A Fish has 270 seconds left.
|inactive|Pindustry has 270 seconds left.
|
|t:|1641812562
|move|p1a: Tapu Lele|Focus Blast|p2a: Ferrothorn
|-supereffective|p2a: Ferrothorn
|-damage|p2a: Ferrothorn|40/100
|move|p2a: Ferrothorn|Power Whip|p1a: Tapu Lele
|-damage|p1a: Tapu Lele|0 fnt
|faint|p1a: Tapu Lele
|
|win|Drop A Fish
|l|☆Pindustry
