|j|‽ratiogod111
|j|☆Drop a choppa
|t:|1641835860
|gametype|singles
|player|p1|ratiogod111|linebacker|1139
|player|p2|Drop a choppa|acetrainersnowf|1125
|teamsize|p1|6
|teamsize|p2|6
|gen|8
|tier|[Gen 8] OU
|rated|
|rule|Sleep Clause Mod: Limit one foe put to sleep
|rule|Species Clause: Limit one of each Pokémon
|rule|OHKO Clause: OHKO moves are banned
|rule|Evasion Moves Clause: Evasion moves are banned
|rule|Endless Battle Clause: Forcing endless battles is banned
|rule|HP Percentage Mod: HP is shown in percentages
|rule|Dynamax Clause: You cannot dynamax
|clearpoke
|poke|p1|Tapu Lele|
|poke|p1|Urshifu-*, F|
|poke|p1|Corviknight, M|
|poke|p1|Landorus-Therian, M|
|poke|p1|Magnezone|
|poke|p1|Hydreigon, M|
|poke|p2|Magnezone|
|poke|p2|Tapu Fini|
|poke|p2|Volcanion|
|poke|p2|Dragapult, M|
|poke|p2|Zapdos|
|poke|p2|Garchomp, M|
|teampreview
|inactive|Battle timer is ON: inactive players will automatically lose when time's up. (requested by ratiogod111)
|
|t:|1641835873
|start
|switch|p1a: Magnezone|Magnezone|100/100
|switch|p2a: Magnezone|Magnezone|100/100
|turn|1
|c|☆Drop a choppa|Glhf
|c|☆Drop a choppa|Im straight finnanfocus
|c|☆Drop a choppa|Finna focus
|inactive|Drop a choppa has 120 seconds left.
|
|t:|1641835907
|move|p1a: Magnezone|Volt Switch|p2a: Magnezone
|-resisted|p2a: Magnezone
|-damage|p2a: Magnezone|64/100
|
|t:|1641835910
|switch|p1a: Landorus|Landorus-Therian, M|100/100|[from]move: Volt Switch
|-ability|p1a: Landorus|Intimidate|boost
|-unboost|p2a: Magnezone|atk|1
|move|p2a: Magnezone|Body Press|p1a: Landorus
|-resisted|p1a: Landorus
|-damage|p1a: Landorus|82/100
|
|-heal|p1a: Landorus|88/100|[from] item: Leftovers
|upkeep
|turn|2
|
|t:|1641835918
|switch|p2a: Tapu Fini|Tapu Fini|100/100
|-fieldstart|move: Misty Terrain|[from] ability: Misty Surge|[of] p2a: Tapu Fini
|move|p1a: Landorus|Toxic|p2a: Tapu Fini|[miss]
|-miss|p1a: Landorus|p2a: Tapu Fini
|
|-heal|p1a: Landorus|94/100|[from] item: Leftovers
|upkeep
|turn|3
|
|t:|1641835926
|move|p1a: Landorus|U-turn|p2a: Tapu Fini
|-resisted|p2a: Tapu Fini
|-crit|p2a: Tapu Fini
|-damage|p2a: Tapu Fini|86/100
|
|t:|1641835931
|switch|p1a: Magnezone|Magnezone|100/100|[from]move: U-turn
|move|p2a: Tapu Fini|Calm Mind|p2a: Tapu Fini
|-boost|p2a: Tapu Fini|spa|1
|-boost|p2a: Tapu Fini|spd|1
|
|-heal|p2a: Tapu Fini|92/100|[from] item: Leftovers
|upkeep
|turn|4
|c|☆Drop a choppa|dont be dum
|
|t:|1641835940
|move|p1a: Magnezone|Flash Cannon|p2a: Tapu Fini
|-damage|p2a: Tapu Fini|55/100
|move|p2a: Tapu Fini|Calm Mind|p2a: Tapu Fini
|-boost|p2a: Tapu Fini|spa|1
|-boost|p2a: Tapu Fini|spd|1
|
|-heal|p2a: Tapu Fini|61/100|[from] item: Leftovers
|upkeep
|turn|5
|c|☆Drop a choppa|Calm mind shall win
|
|t:|1641835947
|switch|p1a: Tapu Lele|Tapu Lele|100/100
|-fieldstart|move: Psychic Terrain|[from] ability: Psychic Surge|[of] p1a: Tapu Lele
|move|p2a: Tapu Fini|Scald|p1a: Tapu Lele
|-damage|p1a: Tapu Lele|33/100
|
|-heal|p2a: Tapu Fini|67/100|[from] item: Leftovers
|upkeep
|turn|6
|
|t:|1641835952
|move|p1a: Tapu Lele|Psyshock|p2a: Tapu Fini
|-damage|p2a: Tapu Fini|20/100
|move|p2a: Tapu Fini|Scald|p1a: Tapu Lele
|-damage|p1a: Tapu Lele|0 fnt
|faint|p1a: Tapu Lele
|
|-heal|p2a: Tapu Fini|26/100|[from] item: Leftovers
|upkeep
|
|t:|1641835956
|switch|p1a: Magnezone|Magnezone|100/100
|turn|7
|
|t:|1641835963
|switch|p2a: Garchomp|Garchomp, M|100/100
|move|p1a: Magnezone|Flash Cannon|p2a: Garchomp
|-damage|p2a: Garchomp|33/100
|
|upkeep
|turn|8
|
|t:|1641835968
|switch|p1a: Corviknight|Corviknight, M|100/100
|-ability|p1a: Corviknight|Pressure
|move|p2a: Garchomp|Earthquake|p1a: Corviknight
|-immune|p1a: Corviknight
|
|upkeep
|turn|9
|
|t:|1641835974
|switch|p2a: Zapdos|Zapdos|100/100
|move|p1a: Corviknight|U-turn|p2a: Zapdos
|-resisted|p2a: Zapdos
|-damage|p2a: Zapdos|92/100
|
|t:|1641835981
|switch|p1a: Magnezone|Magnezone|100/100|[from]move: U-turn
|
|-heal|p2a: Zapdos|98/100|[from] item: Leftovers
|-fieldend|move: Psychic Terrain
|upkeep
|turn|10
|
|t:|1641835985
|move|p2a: Zapdos|Heat Wave|p1a: Magnezone
|-supereffective|p1a: Magnezone
|-damage|p1a: Magnezone|9/100
|move|p1a: Magnezone|Volt Switch|p2a: Zapdos
|-damage|p2a: Zapdos|30/100
|
|t:|1641835988
|switch|p1a: Hydreigon|Hydreigon, M|100/100|[from]move: Volt Switch
|
|-heal|p2a: Zapdos|36/100|[from] item: Leftovers
|upkeep
|turn|11
|
|t:|1641835992
|switch|p2a: Tapu Fini|Tapu Fini|26/100
|-fieldstart|move: Misty Terrain|[from] ability: Misty Surge|[of] p2a: Tapu Fini
|move|p1a: Hydreigon|Dark Pulse|p2a: Tapu Fini
|-resisted|p2a: Tapu Fini
|-damage|p2a: Tapu Fini|9/100
|
|-heal|p2a: Tapu Fini|15/100|[from] item: Leftovers
|upkeep
|turn|12
|
|t:|1641835996
|move|p1a: Hydreigon|Earth Power|p2a: Tapu Fini
|-damage|p2a: Tapu Fini|0 fnt
|faint|p2a: Tapu Fini
|
|upkeep
|
|t:|1641835999
|switch|p2a: Dragapult|Dragapult, M|100/100
|turn|13
|
|t:|1641836008
|move|p2a: Dragapult|Draco Meteor|p1a: Hydreigon
|-supereffective|p1a: Hydreigon
|-damage|p1a: Hydreigon|0 fnt
|-unboost|p2a: Dragapult|spa|2
|faint|p1a: Hydreigon
|-damage|p2a: Dragapult|91/100|[from] item: Life Orb
|
|upkeep
|
|t:|1641836011
|switch|p1a: Urshifu|Urshifu-Rapid-Strike, F|100/100
|turn|14
|
|t:|1641836022
|move|p2a: Dragapult|Thunderbolt|p1a: Urshifu
|-supereffective|p1a: Urshifu
|-damage|p1a: Urshifu|46/100
|-damage|p2a: Dragapult|81/100|[from] item: Life Orb
|move|p1a: Urshifu|Surging Strikes|p2a: Dragapult
|-resisted|p2a: Dragapult
|-crit|p2a: Dragapult
|-damage|p2a: Dragapult|68/100
|-resisted|p2a: Dragapult
|-crit|p2a: Dragapult
|-damage|p2a: Dragapult|55/100
|-resisted|p2a: Dragapult
|-crit|p2a: Dragapult
|-damage|p2a: Dragapult|42/100
|-hitcount|p2a: Dragapult|3
|
|upkeep
|turn|15
|
|t:|1641836027
|switch|p1a: Landorus|Landorus-Therian, M|94/100
|-ability|p1a: Landorus|Intimidate|boost
|-unboost|p2a: Dragapult|atk|1
|move|p2a: Dragapult|Thunderbolt|p1a: Landorus
|-immune|p1a: Landorus
|
|-heal|p1a: Landorus|99/100|[from] item: Leftovers
|-fieldend|Misty Terrain
|upkeep
|turn|16
|
|t:|1641836033
|switch|p2a: Zapdos|Zapdos|36/100
|move|p1a: Landorus|Toxic|p2a: Zapdos
|-status|p2a: Zapdos|tox
|
|-heal|p2a: Zapdos|42/100 tox|[from] item: Leftovers
|-heal|p1a: Landorus|100/100|[from] item: Leftovers
|-damage|p2a: Zapdos|36/100 tox|[from] psn
|upkeep
|turn|17
|
|t:|1641836039
|move|p2a: Zapdos|Hurricane|p1a: Landorus
|-damage|p1a: Landorus|59/100
|move|p1a: Landorus|Stealth Rock|p2a: Zapdos
|-sidestart|p2: Drop a choppa|move: Stealth Rock
|
|-heal|p2a: Zapdos|42/100 tox|[from] item: Leftovers
|-heal|p1a: Landorus|65/100|[from] item: Leftovers
|-damage|p2a: Zapdos|30/100 tox|[from] psn
|upkeep
|turn|18
|
|t:|1641836045
|switch|p1a: Corviknight|Corviknight, M|100/100
|-ability|p1a: Corviknight|Pressure
|move|p2a: Zapdos|Hurricane|p1a: Corviknight
|-resisted|p1a: Corviknight
|-damage|p1a: Corviknight|75/100
|
|-heal|p2a: Zapdos|36/100 tox|[from] item: Leftovers
|-damage|p2a: Zapdos|17/100 tox|[from] psn
|upkeep
|turn|19
|
|t:|1641836056
|switch|p1a: Landorus|Landorus-Therian, M|65/100
|-ability|p1a: Landorus|Intimidate|boost
|-unboost|p2a: Zapdos|atk|1
|move|p2a: Zapdos|Volt Switch|p1a: Landorus
|-immune|p1a: Landorus
|
|-heal|p2a: Zapdos|23/100 tox|[from] item: Leftovers
|-heal|p1a: Landorus|71/100|[from] item: Leftovers
|-damage|p2a: Zapdos|0 fnt|[from] psn
|faint|p2a: Zapdos
|upkeep
|
|t:|1641836062
|switch|p2a: Dragapult|Dragapult, M|42/100
|-damage|p2a: Dragapult|29/100|[from] Stealth Rock
|turn|20
|
|t:|1641836066
|switch|p1a: Magnezone|Magnezone|9/100
|move|p2a: Dragapult|Draco Meteor|p1a: Magnezone
|-resisted|p1a: Magnezone
|-damage|p1a: Magnezone|0 fnt
|-unboost|p2a: Dragapult|spa|2
|faint|p1a: Magnezone
|-damage|p2a: Dragapult|20/100|[from] item: Life Orb
|
|upkeep
|
|t:|1641836069
|switch|p1a: Urshifu|Urshifu-Rapid-Strike, F|46/100
|turn|21
|
|t:|1641836078
|-singleturn|p1a: Urshifu|move: Focus Punch
|switch|p2a: Volcanion|Volcanion|100/100
|-damage|p2a: Volcanion|76/100|[from] Stealth Rock
|move|p1a: Urshifu|Focus Punch|p2a: Volcanion
|-damage|p2a: Volcanion|2/100
|
|upkeep
|turn|22
|
|t:|1641836087
|move|p2a: Volcanion|Steam Eruption|p1a: Urshifu
|-resisted|p1a: Urshifu
|-damage|p1a: Urshifu|8/100
|-status|p1a: Urshifu|brn
|move|p1a: Urshifu|U-turn|p2a: Volcanion
|-resisted|p2a: Volcanion
|-damage|p2a: Volcanion|0 fnt
|faint|p2a: Volcanion
|
|t:|1641836091
|switch|p1a: Corviknight|Corviknight, M|75/100|[from]move: U-turn
|-ability|p1a: Corviknight|Pressure
|
|upkeep
|
|t:|1641836094
|switch|p2a: Dragapult|Dragapult, M|20/100
|-damage|p2a: Dragapult|7/100|[from] Stealth Rock
|turn|23
|
|t:|1641836097
|move|p2a: Dragapult|Flamethrower|p1a: Corviknight
|-supereffective|p1a: Corviknight
|-damage|p1a: Corviknight|8/100
|-damage|p2a: Dragapult|0 fnt|[from] item: Life Orb
|faint|p2a: Dragapult
|move|p1a: Corviknight|U-turn|p2: Dragapult|[notarget]
|-fail|p1a: Corviknight
|
|upkeep
|
|t:|1641836104
|switch|p2a: Garchomp|Garchomp, M|33/100
|-damage|p2a: Garchomp|27/100|[from] Stealth Rock
|turn|24
|
|t:|1641836111
|move|p2a: Garchomp|Dragon Claw|p1a: Corviknight
|-resisted|p1a: Corviknight
|-damage|p1a: Corviknight|0 fnt
|-damage|p2a: Garchomp|10/100|[from] item: Rocky Helmet|[of] p1a: Corviknight
|faint|p1a: Corviknight
|
|upkeep
|
|t:|1641836114
|switch|p1a: Urshifu|Urshifu-Rapid-Strike, F|8/100 brn
|turn|25
|
|t:|1641836118
|move|p2a: Garchomp|Dragon Claw|p1a: Urshifu
|-damage|p1a: Urshifu|0 fnt
|faint|p1a: Urshifu
|
|upkeep
|
|t:|1641836120
|switch|p1a: Landorus|Landorus-Therian, M|71/100
|-ability|p1a: Landorus|Intimidate|boost
|-unboost|p2a: Garchomp|atk|1
|turn|26
|
|t:|1641836123
|move|p2a: Garchomp|Dragon Claw|p1a: Landorus
|-damage|p1a: Landorus|46/100
|move|p1a: Landorus|Earthquake|p2a: Garchomp
|-damage|p2a: Garchomp|0 fnt
|faint|p2a: Garchomp
|
|-heal|p1a: Landorus|52/100|[from] item: Leftovers
|upkeep
|
|t:|1641836128
|switch|p2a: Magnezone|Magnezone|64/100
|-damage|p2a: Magnezone|58/100|[from] Stealth Rock
|turn|27
|
|t:|1641836130
|move|p1a: Landorus|Earthquake|p2a: Magnezone
|-supereffective|p2a: Magnezone
|-damage|p2a: Magnezone|0 fnt
|faint|p2a: Magnezone
|
|win|ratiogod111
|raw|ratiogod111's rating: 1139 &rarr; <strong>1163</strong><br />(+24 for winning)
|raw|Drop a choppa's rating: 1125 &rarr; <strong>1101</strong><br />(-24 for losing)
