|j|☆lapt1
|j|☆QuaggyKiwi
|t:|1641749082
|gametype|singles
|player|p1|lapt1|red-gen7|1375
|player|p2|QuaggyKiwi|guitarist|1316
|teamsize|p1|6
|teamsize|p2|6
|gen|8
|tier|[Gen 8] OU
|rated|
|rule|Sleep Clause Mod: Limit one foe put to sleep
|rule|Species Clause: Limit one of each Pokémon
|rule|OHKO Clause: OHKO moves are banned
|rule|Evasion Moves Clause: Evasion moves are banned
|rule|Endless Battle Clause: Forcing endless battles is banned
|rule|HP Percentage Mod: HP is shown in percentages
|rule|Dynamax Clause: You cannot dynamax
|clearpoke
|poke|p1|Zapdos-Galar|
|poke|p1|Excadrill, M|
|poke|p1|Hippowdon, F|
|poke|p1|Toxapex, F|
|poke|p1|Skarmory, M|
|poke|p1|Weavile, F|
|poke|p2|Lycanroc-Dusk, M|
|poke|p2|Corviknight, F|
|poke|p2|Scizor, M|
|poke|p2|Tyranitar, M|
|poke|p2|Dragapult, M|
|poke|p2|Clefable, F|
|teampreview
|inactive|Battle timer is ON: inactive players will automatically lose when time's up. (requested by QuaggyKiwi)
|c|☆QuaggyKiwi|glhf!
|
|t:|1641749089
|start
|switch|p1a: Skarmory|Skarmory, M|100/100
|switch|p2a: Lycanroc|Lycanroc-Dusk, M|100/100
|turn|1
|c|☆lapt1|go easy on me
|c|☆lapt1|;-;
|
|t:|1641749101
|move|p2a: Lycanroc|Taunt|p1a: Skarmory
|-start|p1a: Skarmory|move: Taunt
|move|p1a: Skarmory|Body Press|p2a: Lycanroc
|-supereffective|p2a: Lycanroc
|-enditem|p2a: Lycanroc|Focus Sash
|-damage|p2a: Lycanroc|1/100
|
|upkeep
|turn|2
|
|t:|1641749110
|move|p2a: Lycanroc|Stealth Rock|p1a: Skarmory
|-sidestart|p1: lapt1|move: Stealth Rock
|move|p1a: Skarmory|Body Press|p2a: Lycanroc
|-supereffective|p2a: Lycanroc
|-damage|p2a: Lycanroc|0 fnt
|faint|p2a: Lycanroc
|
|upkeep
|
|t:|1641749119
|switch|p2a: Dragapult|Dragapult, M|100/100
|turn|3
|
|t:|1641749128
|switch|p1a: Toxapex|Toxapex, F|100/100
|-damage|p1a: Toxapex|88/100|[from] Stealth Rock
|move|p2a: Dragapult|Flamethrower|p1a: Toxapex
|-resisted|p1a: Toxapex
|-damage|p1a: Toxapex|74/100
|
|-heal|p1a: Toxapex|80/100|[from] item: Black Sludge
|upkeep
|turn|4
|c|☆lapt1|i said go easy on me
|
|t:|1641749139
|switch|p2a: Corviknight|Corviknight, F|100/100
|move|p1a: Toxapex|Knock Off|p2a: Corviknight
|-damage|p2a: Corviknight|89/100
|-enditem|p2a: Corviknight|Weakness Policy|[from] move: Knock Off|[of] p1a: Toxapex
|
|-heal|p1a: Toxapex|86/100|[from] item: Black Sludge
|upkeep
|turn|5
|
|t:|1641749149
|switch|p1a: Skarmory|Skarmory, M|100/100
|-damage|p1a: Skarmory|88/100|[from] Stealth Rock
|move|p2a: Corviknight|Bulk Up|p2a: Corviknight
|-boost|p2a: Corviknight|atk|1
|-boost|p2a: Corviknight|def|1
|
|upkeep
|turn|6
|
|t:|1641749157
|switch|p1a: Toxapex|Toxapex, F|100/100
|-damage|p1a: Toxapex|88/100|[from] Stealth Rock
|move|p2a: Corviknight|Bulk Up|p2a: Corviknight
|-boost|p2a: Corviknight|atk|1
|-boost|p2a: Corviknight|def|1
|
|-heal|p1a: Toxapex|94/100|[from] item: Black Sludge
|upkeep
|turn|7
|
|t:|1641749165
|move|p2a: Corviknight|Agility|p2a: Corviknight
|-boost|p2a: Corviknight|spe|2
|move|p1a: Toxapex|Haze|p1a: Toxapex
|-clearallboost
|
|-heal|p1a: Toxapex|100/100|[from] item: Black Sludge
|upkeep
|turn|8
|c|☆QuaggyKiwi|ah
|
|t:|1641749181
|switch|p2a: Scizor|Scizor, M|100/100
|move|p1a: Toxapex|Toxic|p2a: Scizor
|-immune|p2a: Scizor
|
|upkeep
|turn|9
|
|t:|1641749187
|move|p2a: Scizor|U-turn|p1a: Toxapex
|-resisted|p1a: Toxapex
|-damage|p1a: Toxapex|79/100
|c|☆lapt1|i also confused as u
|c|☆lapt1|what am i doing
|inactive|QuaggyKiwi has 120 seconds left.
|c|☆lapt1|i am*
|
|t:|1641749221
|switch|p2a: Dragapult|Dragapult, M|100/100|[from]move: U-turn
|move|p1a: Toxapex|Knock Off|p2a: Dragapult
|-supereffective|p2a: Dragapult
|-damage|p2a: Dragapult|66/100
|-enditem|p2a: Dragapult|Choice Specs|[from] move: Knock Off|[of] p1a: Toxapex
|
|-heal|p1a: Toxapex|85/100|[from] item: Black Sludge
|upkeep
|turn|10
|inactive|QuaggyKiwi has 120 seconds left.
|
|t:|1641749230
|move|p2a: Dragapult|Draco Meteor|p1a: Toxapex
|-damage|p1a: Toxapex|44/100
|-unboost|p2a: Dragapult|spa|2
|move|p1a: Toxapex|Toxic|p2a: Dragapult
|-status|p2a: Dragapult|tox
|
|-heal|p1a: Toxapex|50/100|[from] item: Black Sludge
|-damage|p2a: Dragapult|60/100 tox|[from] psn
|upkeep
|turn|11
|
|t:|1641749240
|move|p2a: Dragapult|U-turn|p1a: Toxapex
|-resisted|p1a: Toxapex
|-damage|p1a: Toxapex|45/100
|
|t:|1641749248
|switch|p2a: Scizor|Scizor, M|100/100|[from]move: U-turn
|move|p1a: Toxapex|Recover|p1a: Toxapex
|-heal|p1a: Toxapex|95/100
|
|-heal|p1a: Toxapex|100/100|[from] item: Black Sludge
|upkeep
|turn|12
|
|t:|1641749255
|move|p2a: Scizor|Dual Wingbeat|p1a: Toxapex
|-damage|p1a: Toxapex|76/100
|-damage|p1a: Toxapex|52/100
|-hitcount|p1a: Toxapex|2
|move|p1a: Toxapex|Knock Off|p2a: Scizor
|-damage|p2a: Scizor|87/100
|-enditem|p2a: Scizor|Choice Band|[from] move: Knock Off|[of] p1a: Toxapex
|
|-heal|p1a: Toxapex|59/100|[from] item: Black Sludge
|upkeep
|turn|13
|
|t:|1641749267
|move|p2a: Scizor|Dual Wingbeat|p1a: Toxapex
|-damage|p1a: Toxapex|43/100
|-damage|p1a: Toxapex|27/100
|-hitcount|p1a: Toxapex|2
|move|p1a: Toxapex|Toxic|p2a: Scizor
|-immune|p2a: Scizor
|
|-heal|p1a: Toxapex|33/100|[from] item: Black Sludge
|upkeep
|turn|14
|
|t:|1641749276
|switch|p1a: Skarmory|Skarmory, M|88/100
|-damage|p1a: Skarmory|76/100|[from] Stealth Rock
|move|p2a: Scizor|Dual Wingbeat|p1a: Skarmory
|-resisted|p1a: Skarmory
|-crit|p1a: Skarmory
|-damage|p1a: Skarmory|65/100
|-damage|p2a: Scizor|71/100|[from] item: Rocky Helmet|[of] p1a: Skarmory
|-resisted|p1a: Skarmory
|-damage|p1a: Skarmory|57/100
|-damage|p2a: Scizor|54/100|[from] item: Rocky Helmet|[of] p1a: Skarmory
|-hitcount|p1a: Skarmory|2
|
|upkeep
|turn|15
|
|t:|1641749289
|switch|p2a: Dragapult|Dragapult, M|60/100 tox
|move|p1a: Skarmory|Defog|p2a: Dragapult
|-unboost|p2a: Dragapult|evasion|1
|-sideend|p1: lapt1|Stealth Rock|[from] move: Defog|[of] p1a: Skarmory
|
|-damage|p2a: Dragapult|54/100 tox|[from] psn
|upkeep
|turn|16
|
|t:|1641749300
|switch|p1a: Toxapex|Toxapex, F|66/100
|move|p2a: Dragapult|Shadow Ball|p1a: Toxapex
|-damage|p1a: Toxapex|40/100
|
|-heal|p1a: Toxapex|46/100|[from] item: Black Sludge
|-damage|p2a: Dragapult|42/100 tox|[from] psn
|upkeep
|turn|17
|
|t:|1641749312
|move|p2a: Dragapult|Draco Meteor|p1a: Toxapex
|-damage|p1a: Toxapex|1/100
|-unboost|p2a: Dragapult|spa|2
|move|p1a: Toxapex|Recover|p1a: Toxapex
|-heal|p1a: Toxapex|51/100
|
|-heal|p1a: Toxapex|57/100|[from] item: Black Sludge
|-damage|p2a: Dragapult|24/100 tox|[from] psn
|upkeep
|turn|18
|c|☆QuaggyKiwi|bruh
|
|t:|1641749326
|move|p2a: Dragapult|U-turn|p1a: Toxapex
|-resisted|p1a: Toxapex
|-damage|p1a: Toxapex|52/100
|
|t:|1641749332
|switch|p2a: Scizor|Scizor, M|54/100|[from]move: U-turn
|move|p1a: Toxapex|Recover|p1a: Toxapex
|-heal|p1a: Toxapex|100/100
|
|upkeep
|turn|19
|c|☆lapt1|?
|c|☆lapt1|u r going easy on me right?
|
|t:|1641749356
|switch|p1a: Skarmory|Skarmory, M|57/100
|move|p2a: Scizor|U-turn|p1a: Skarmory
|-resisted|p1a: Skarmory
|-damage|p1a: Skarmory|51/100
|-damage|p2a: Scizor|38/100|[from] item: Rocky Helmet|[of] p1a: Skarmory
|
|t:|1641749378
|switch|p2a: Clefable|Clefable, F|100/100|[from]move: U-turn
|
|upkeep
|turn|20
|
|t:|1641749391
|move|p1a: Skarmory|Spikes|p2a: Clefable
|-sidestart|p2: QuaggyKiwi|Spikes
|move|p2a: Clefable|Cosmic Power|p2a: Clefable
|-boost|p2a: Clefable|def|1
|-boost|p2a: Clefable|spd|1
|
|upkeep
|turn|21
|
|t:|1641749396
|switch|p1a: Toxapex|Toxapex, F|100/100
|move|p2a: Clefable|Cosmic Power|p2a: Clefable
|-boost|p2a: Clefable|def|1
|-boost|p2a: Clefable|spd|1
|
|upkeep
|turn|22
|
|t:|1641749403
|move|p2a: Clefable|Stored Power|p1a: Toxapex
|-supereffective|p1a: Toxapex
|-damage|p1a: Toxapex|63/100
|move|p1a: Toxapex|Haze|p1a: Toxapex
|-clearallboost
|
|-heal|p1a: Toxapex|69/100|[from] item: Black Sludge
|upkeep
|turn|23
|
|t:|1641749418
|move|p2a: Clefable|Stored Power|p1a: Toxapex
|-supereffective|p1a: Toxapex
|-damage|p1a: Toxapex|62/100
|move|p1a: Toxapex|Knock Off|p2a: Clefable
|-resisted|p2a: Clefable
|-damage|p2a: Clefable|95/100
|-enditem|p2a: Clefable|Leftovers|[from] move: Knock Off|[of] p1a: Toxapex
|
|-heal|p1a: Toxapex|68/100|[from] item: Black Sludge
|upkeep
|turn|24
|c|☆lapt1|celf has what ability?
|inactive|QuaggyKiwi has 120 seconds left.
|
|t:|1641749444
|switch|p2a: Scizor|Scizor, M|38/100
|-damage|p2a: Scizor|25/100|[from] Spikes
|move|p1a: Toxapex|Toxic|p2a: Scizor
|-immune|p2a: Scizor
|
|-heal|p1a: Toxapex|75/100|[from] item: Black Sludge
|upkeep
|turn|25
|inactive|QuaggyKiwi has 120 seconds left.
|
|t:|1641749455
|switch|p2a: Tyranitar|Tyranitar, M|100/100
|-damage|p2a: Tyranitar|88/100|[from] Spikes
|-weather|Sandstorm|[from] ability: Sand Stream|[of] p2a: Tyranitar
|switch|p1a: Skarmory|Skarmory, M|51/100
|
|-weather|Sandstorm|[upkeep]
|upkeep
|turn|26
|
|t:|1641749464
|move|p2a: Tyranitar|Dragon Dance|p2a: Tyranitar
|-boost|p2a: Tyranitar|atk|1
|-boost|p2a: Tyranitar|spe|1
|move|p1a: Skarmory|Body Press|p2a: Tyranitar
|-supereffective|p2a: Tyranitar
|-damage|p2a: Tyranitar|0 fnt
|faint|p2a: Tyranitar
|
|-weather|Sandstorm|[upkeep]
|upkeep
|-message|QuaggyKiwi forfeited.
|
|win|lapt1
|raw|lapt1's rating: 1375 &rarr; <strong>1392</strong><br />(+17 for winning)
|raw|QuaggyKiwi's rating: 1316 &rarr; <strong>1299</strong><br />(-17 for losing)
|l|☆QuaggyKiwi
||Ladder isn't responding, score probably updated but might not have (Request timeout).
