|j|☆TheStuffedOne
|j|‽ILoveGarchom
|t:|1641881455
|gametype|singles
|player|p1|TheStuffedOne|whitney|1382
|player|p2|ILoveGarchom|ghetsis|1359
|teamsize|p1|6
|teamsize|p2|6
|gen|8
|tier|[Gen 8] OU
|rated|
|rule|Sleep Clause Mod: Limit one foe put to sleep
|rule|Species Clause: Limit one of each Pokémon
|rule|OHKO Clause: OHKO moves are banned
|rule|Evasion Moves Clause: Evasion moves are banned
|rule|Endless Battle Clause: Forcing endless battles is banned
|rule|HP Percentage Mod: HP is shown in percentages
|rule|Dynamax Clause: You cannot dynamax
|clearpoke
|poke|p1|Landorus-Therian, M|
|poke|p1|Gastrodon-East, M|
|poke|p1|Corviknight, M|
|poke|p1|Slowking-Galar, M|
|poke|p1|Urshifu-*, M|
|poke|p1|Dragapult, M|
|poke|p2|Garchomp, M|
|poke|p2|Dragapult, M|
|poke|p2|Dragonite, F|
|poke|p2|Latios, M|
|poke|p2|Kommo-o, F|
|poke|p2|Hydreigon, F|
|teampreview
|inactive|Battle timer is ON: inactive players will automatically lose when time's up. (requested by TheStuffedOne)
|
|t:|1641881469
|start
|switch|p1a: Landorus|Landorus-Therian, M|100/100
|switch|p2a: Dragonite|Dragonite, F|100/100
|-ability|p1a: Landorus|Intimidate|boost
|-unboost|p2a: Dragonite|atk|1
|turn|1
|
|t:|1641881479
|switch|p1a: Gastrodon|Gastrodon-East, M|100/100
|move|p2a: Dragonite|Dragon Dance|p2a: Dragonite
|-boost|p2a: Dragonite|atk|1
|-boost|p2a: Dragonite|spe|1
|
|upkeep
|turn|2
|
|t:|1641881496
|move|p2a: Dragonite|Dragon Dance|p2a: Dragonite
|-boost|p2a: Dragonite|atk|1
|-boost|p2a: Dragonite|spe|1
|move|p1a: Gastrodon|Toxic|p2a: Dragonite
|-status|p2a: Dragonite|tox
|
|-damage|p2a: Dragonite|94/100 tox|[from] psn
|upkeep
|turn|3
|
|t:|1641881503
|switch|p1a: Landorus|Landorus-Therian, M|100/100
|-ability|p1a: Landorus|Intimidate|boost
|-unboost|p2a: Dragonite|atk|1
|move|p2a: Dragonite|Dragon Claw|p1a: Landorus
|-damage|p1a: Landorus|53/100
|
|-heal|p1a: Landorus|58/100|[from] item: Leftovers
|-damage|p2a: Dragonite|82/100 tox|[from] psn
|upkeep
|turn|4
|
|t:|1641881513
|switch|p1a: Corviknight|Corviknight, M|100/100
|-ability|p1a: Corviknight|Pressure
|move|p2a: Dragonite|Dual Wingbeat|p1a: Corviknight
|-resisted|p1a: Corviknight
|-damage|p1a: Corviknight|93/100
|-resisted|p1a: Corviknight
|-damage|p1a: Corviknight|85/100
|-hitcount|p1a: Corviknight|2
|
|-heal|p1a: Corviknight|92/100|[from] item: Leftovers
|-damage|p2a: Dragonite|63/100 tox|[from] psn
|upkeep
|turn|5
|
|t:|1641881525
|move|p2a: Dragonite|Fire Punch|p1a: Corviknight
|-supereffective|p1a: Corviknight
|-damage|p1a: Corviknight|55/100
|move|p1a: Corviknight|Brave Bird|p2a: Dragonite
|-damage|p2a: Dragonite|20/100 tox
|-damage|p1a: Corviknight|43/100|[from] Recoil
|
|-heal|p1a: Corviknight|49/100|[from] item: Leftovers
|-damage|p2a: Dragonite|0 fnt|[from] psn
|faint|p2a: Dragonite
|upkeep
|
|t:|1641881542
|switch|p2a: Dragapult|Dragapult, M|100/100
|turn|6
|
|t:|1641881547
|switch|p1a: Gastrodon|Gastrodon-East, M|100/100
|move|p2a: Dragapult|Flamethrower|p1a: Gastrodon
|-resisted|p1a: Gastrodon
|-damage|p1a: Gastrodon|90/100
|
|-heal|p1a: Gastrodon|96/100|[from] item: Leftovers
|upkeep
|turn|7
|
|t:|1641881555
|move|p2a: Dragapult|Shadow Ball|p1a: Gastrodon
|-damage|p1a: Gastrodon|70/100
|move|p1a: Gastrodon|Toxic|p2a: Dragapult
|-status|p2a: Dragapult|tox
|
|-heal|p1a: Gastrodon|76/100|[from] item: Leftovers
|-damage|p2a: Dragapult|95/100 tox|[from] psn
|upkeep
|turn|8
|
|t:|1641881564
|move|p2a: Dragapult|Shadow Ball|p1a: Gastrodon
|-damage|p1a: Gastrodon|49/100
|-unboost|p1a: Gastrodon|spd|1
|move|p1a: Gastrodon|Earth Power|p2a: Dragapult
|-damage|p2a: Dragapult|53/100 tox
|-start|p1a: Gastrodon|Disable|Earth Power|[from] ability: Cursed Body|[of] p2a: Dragapult
|
|-heal|p1a: Gastrodon|55/100|[from] item: Leftovers
|-damage|p2a: Dragapult|41/100 tox|[from] psn
|upkeep
|turn|9
|inactive|TheStuffedOne has 120 seconds left.
|
|t:|1641881621
|move|p2a: Dragapult|Shadow Ball|p1a: Gastrodon
|-damage|p1a: Gastrodon|15/100
|move|p1a: Gastrodon|Recover|p1a: Gastrodon
|-heal|p1a: Gastrodon|65/100
|
|-heal|p1a: Gastrodon|71/100|[from] item: Leftovers
|-damage|p2a: Dragapult|23/100 tox|[from] psn
|upkeep
|turn|10
|
|t:|1641881630
|move|p2a: Dragapult|Draco Meteor|p1a: Gastrodon
|-damage|p1a: Gastrodon|9/100
|-unboost|p2a: Dragapult|spa|2
|move|p1a: Gastrodon|Recover|p1a: Gastrodon
|-heal|p1a: Gastrodon|59/100
|
|-heal|p1a: Gastrodon|65/100|[from] item: Leftovers
|-damage|p2a: Dragapult|0 fnt|[from] psn
|faint|p2a: Dragapult
|upkeep
|
|t:|1641881640
|switch|p2a: Kommo-o|Kommo-o, F|100/100
|turn|11
|
|t:|1641881643
|move|p2a: Kommo-o|Substitute|p2a: Kommo-o
|-start|p2a: Kommo-o|Substitute
|-damage|p2a: Kommo-o|75/100
|move|p1a: Gastrodon|Toxic||[still]
|-fail|p1a: Gastrodon
|
|-heal|p1a: Gastrodon|71/100|[from] item: Leftovers
|-end|p1a: Gastrodon|Disable
|upkeep
|turn|12
|inactive|TheStuffedOne has 120 seconds left.
|
|t:|1641881667
|switch|p1a: Landorus|Landorus-Therian, M|58/100
|-ability|p1a: Landorus|Intimidate|boost
|-immune|p2a: Kommo-o
|move|p2a: Kommo-o|Belly Drum|p2a: Kommo-o
|-damage|p2a: Kommo-o|25/100
|-setboost|p2a: Kommo-o|atk|6|[from] move: Belly Drum
|-enditem|p2a: Kommo-o|Salac Berry|[eat]
|-boost|p2a: Kommo-o|spe|1|[from] item: Salac Berry
|
|-heal|p1a: Landorus|64/100|[from] item: Leftovers
|upkeep
|turn|13
|
|t:|1641881681
|move|p2a: Kommo-o|Drain Punch|p1a: Landorus
|-resisted|p1a: Landorus
|-damage|p1a: Landorus|0 fnt
|-heal|p2a: Kommo-o|60/100|[from] drain|[of] p1a: Landorus
|faint|p1a: Landorus
|
|upkeep
|
|t:|1641881691
|switch|p1a: Dragapult|Dragapult, M|100/100
|turn|14
|
|t:|1641881694
|move|p2a: Kommo-o|Shadow Claw|p1a: Dragapult
|-supereffective|p1a: Dragapult
|-damage|p1a: Dragapult|0 fnt
|faint|p1a: Dragapult
|
|upkeep
|-message|TheStuffedOne forfeited.
|
|win|ILoveGarchom
|raw|TheStuffedOne's rating: 1382 &rarr; <strong>1361</strong><br />(-21 for losing)
|raw|ILoveGarchom's rating: 1359 &rarr; <strong>1380</strong><br />(+21 for winning)
|l|☆TheStuffedOne
