|j|☆bubuzu
|j|☆Lynnettee_
|t:|1641881019
|gametype|singles
|player|p1|bubuzu|2|1096
|player|p2|Lynnettee_|lady|1053
|teamsize|p1|6
|teamsize|p2|6
|gen|8
|tier|[Gen 8] OU
|rated|
|rule|Sleep Clause Mod: Limit one foe put to sleep
|rule|Species Clause: Limit one of each Pokémon
|rule|OHKO Clause: OHKO moves are banned
|rule|Evasion Moves Clause: Evasion moves are banned
|rule|Endless Battle Clause: Forcing endless battles is banned
|rule|HP Percentage Mod: HP is shown in percentages
|rule|Dynamax Clause: You cannot dynamax
|clearpoke
|poke|p1|Dragapult, M|
|poke|p1|Zapdos|
|poke|p1|Melmetal|
|poke|p1|Ferrothorn, M|
|poke|p1|Urshifu-*, F|
|poke|p1|Tyranitar, F|
|poke|p2|Flygon, F|
|poke|p2|Togekiss, F|
|poke|p2|Sylveon, M|
|poke|p2|Espeon, F|
|poke|p2|Victini|
|poke|p2|Starmie|
|teampreview
|
|t:|1641881026
|start
|switch|p1a: Urshifu|Urshifu-Rapid-Strike, F|100/100
|switch|p2a: Super star|Starmie|100/100
|turn|1
|
|t:|1641881039
|move|p1a: Urshifu|Poison Jab|p2a: Super star
|-damage|p2a: Super star|66/100
|-status|p2a: Super star|psn
|move|p2a: Super star|Psychic|p1a: Urshifu
|-supereffective|p1a: Urshifu
|-damage|p1a: Urshifu|0 fnt
|faint|p1a: Urshifu
|-damage|p2a: Super star|56/100 psn|[from] item: Life Orb
|
|-damage|p2a: Super star|44/100 psn|[from] psn
|upkeep
|
|t:|1641881052
|switch|p1a: Ferrothorn|Ferrothorn, M|100/100
|turn|2
|
|t:|1641881057
|-curestatus|p2a: Super star|psn|[from] ability: Natural Cure
|switch|p2a: Tiny|Victini|100/100
|move|p1a: Ferrothorn|Stealth Rock|p2a: Tiny
|-sidestart|p2: Lynnettee_|move: Stealth Rock
|
|upkeep
|turn|3
|
|t:|1641881066
|switch|p1a: Tyranitar|Tyranitar, F|100/100
|-weather|Sandstorm|[from] ability: Sand Stream|[of] p1a: Tyranitar
|move|p2a: Tiny|V-create|p1a: Tyranitar
|-resisted|p1a: Tyranitar
|-damage|p1a: Tyranitar|72/100
|-unboost|p2a: Tiny|spe|1
|-unboost|p2a: Tiny|def|1
|-unboost|p2a: Tiny|spd|1
|
|-weather|Sandstorm|[upkeep]
|-damage|p2a: Tiny|94/100|[from] Sandstorm
|-heal|p1a: Tyranitar|78/100|[from] item: Leftovers
|upkeep
|turn|4
|
|t:|1641881084
|move|p2a: Tiny|U-turn|p1a: Tyranitar
|-supereffective|p1a: Tyranitar
|-damage|p1a: Tyranitar|46/100
|
|t:|1641881093
|switch|p2a: Cutie|Sylveon, M|100/100|[from]move: U-turn
|-damage|p2a: Cutie|88/100|[from] Stealth Rock
|move|p1a: Tyranitar|Avalanche|p2a: Cutie
|-damage|p2a: Cutie|68/100
|
|-weather|Sandstorm|[upkeep]
|-damage|p2a: Cutie|62/100|[from] Sandstorm
|-heal|p1a: Tyranitar|52/100|[from] item: Leftovers
|-heal|p2a: Cutie|68/100|[from] item: Leftovers
|upkeep
|turn|5
|
|t:|1641881110
|switch|p1a: Ferrothorn|Ferrothorn, M|100/100
|move|p2a: Cutie|Hyper Voice|p1a: Ferrothorn
|-resisted|p1a: Ferrothorn
|-damage|p1a: Ferrothorn|83/100
|
|-weather|Sandstorm|[upkeep]
|-damage|p2a: Cutie|62/100|[from] Sandstorm
|-heal|p2a: Cutie|68/100|[from] item: Leftovers
|-heal|p1a: Ferrothorn|89/100|[from] item: Leftovers
|upkeep
|turn|6
|
|t:|1641881122
|switch|p2a: Tiny|Victini|94/100
|move|p1a: Ferrothorn|Leech Seed|p2a: Tiny
|-start|p2a: Tiny|move: Leech Seed
|
|-weather|Sandstorm|[upkeep]
|-damage|p2a: Tiny|88/100|[from] Sandstorm
|-heal|p1a: Ferrothorn|95/100|[from] item: Leftovers
|-damage|p2a: Tiny|76/100|[from] Leech Seed|[of] p1a: Ferrothorn
|-heal|p1a: Ferrothorn|100/100|[silent]
|upkeep
|turn|7
|
|t:|1641881143
|switch|p1a: Tyranitar|Tyranitar, F|52/100
|move|p2a: Tiny|U-turn|p1a: Tyranitar
|-supereffective|p1a: Tyranitar
|-damage|p1a: Tyranitar|21/100
|
|t:|1641881152
|switch|p2a: Cutie|Sylveon, M|68/100|[from]move: U-turn
|-damage|p2a: Cutie|56/100|[from] Stealth Rock
|
|-weather|none
|-heal|p1a: Tyranitar|27/100|[from] item: Leftovers
|-heal|p2a: Cutie|62/100|[from] item: Leftovers
|upkeep
|turn|8
|
|t:|1641881163
|switch|p1a: Ferrothorn|Ferrothorn, M|100/100
|move|p2a: Cutie|Wish|p2a: Cutie
|
|-heal|p2a: Cutie|68/100|[from] item: Leftovers
|upkeep
|turn|9
|
|t:|1641881171
|switch|p1a: Melmetal|Melmetal|100/100
|move|p2a: Cutie|Protect||[still]
|-fail|p2a: Cutie
|
|-heal|p2a: Cutie|100/100|[from] move: Wish|[wisher] Cutie
|upkeep
|turn|10
|
|t:|1641881187
|switch|p2a: Wahzam|Flygon, F|100/100
|-damage|p2a: Wahzam|95/100|[from] Stealth Rock
|move|p1a: Melmetal|Earthquake|p2a: Wahzam
|-immune|p2a: Wahzam|[from] ability: Levitate
|
|upkeep
|turn|11
|
|t:|1641881197
|move|p2a: Wahzam|Fire Punch|p1a: Melmetal
|-supereffective|p1a: Melmetal
|-damage|p1a: Melmetal|76/100
|move|p1a: Melmetal|Ice Punch|p2a: Wahzam
|-supereffective|p2a: Wahzam
|-crit|p2a: Wahzam
|-damage|p2a: Wahzam|0 fnt
|faint|p2a: Wahzam
|
|-heal|p1a: Melmetal|83/100|[from] item: Leftovers
|upkeep
|
|t:|1641881207
|switch|p2a: Tiny|Victini|76/100
|turn|12
|
|t:|1641881211
|switch|p1a: Tyranitar|Tyranitar, F|27/100
|-weather|Sandstorm|[from] ability: Sand Stream|[of] p1a: Tyranitar
|move|p2a: Tiny|V-create|p1a: Tyranitar
|-resisted|p1a: Tyranitar
|-damage|p1a: Tyranitar|0 fnt
|-unboost|p2a: Tiny|spe|1
|-unboost|p2a: Tiny|def|1
|-unboost|p2a: Tiny|spd|1
|faint|p1a: Tyranitar
|
|-weather|Sandstorm|[upkeep]
|-damage|p2a: Tiny|70/100|[from] Sandstorm
|upkeep
|
|t:|1641881224
|switch|p1a: Dragapult|Dragapult, M|100/100
|turn|13
|
|t:|1641881232
|move|p1a: Dragapult|Dragon Dance|p1a: Dragapult
|-boost|p1a: Dragapult|atk|1
|-boost|p1a: Dragapult|spe|1
|move|p2a: Tiny|U-turn|p1a: Dragapult
|-resisted|p1a: Dragapult
|-damage|p1a: Dragapult|86/100
|
|t:|1641881237
|switch|p2a: Graceful|Togekiss, F|100/100|[from]move: U-turn
|-damage|p2a: Graceful|76/100|[from] Stealth Rock
|
|-weather|Sandstorm|[upkeep]
|-damage|p1a: Dragapult|80/100|[from] Sandstorm
|-damage|p2a: Graceful|69/100|[from] Sandstorm
|-heal|p2a: Graceful|76/100|[from] item: Leftovers
|upkeep
|turn|14
|
|t:|1641881250
|move|p1a: Dragapult|Psychic Fangs|p2a: Graceful
|-damage|p2a: Graceful|24/100
|-damage|p1a: Dragapult|71/100|[from] item: Life Orb
|move|p2a: Graceful|Dazzling Gleam|p1a: Dragapult
|-supereffective|p1a: Dragapult
|-damage|p1a: Dragapult|0 fnt
|faint|p1a: Dragapult
|
|-weather|Sandstorm|[upkeep]
|-damage|p2a: Graceful|18/100|[from] Sandstorm
|-heal|p2a: Graceful|24/100|[from] item: Leftovers
|upkeep
|
|t:|1641881264
|switch|p1a: Zapdos|Zapdos|100/100
|-ability|p1a: Zapdos|Pressure
|turn|15
|
|t:|1641881272
|move|p1a: Zapdos|Heat Wave|p2a: Graceful
|-damage|p2a: Graceful|0 fnt
|faint|p2a: Graceful
|
|-weather|Sandstorm|[upkeep]
|-damage|p1a: Zapdos|95/100|[from] Sandstorm
|upkeep
|
|t:|1641881280
|switch|p2a: Lovely|Espeon, F|100/100
|-damage|p2a: Lovely|88/100|[from] Stealth Rock
|turn|16
|
|t:|1641881290
|move|p2a: Lovely|Psychic|p1a: Zapdos
|-damage|p1a: Zapdos|48/100
|move|p1a: Zapdos|Thunderbolt|p2a: Lovely
|-damage|p2a: Lovely|33/100
|-status|p2a: Lovely|par
|
|-weather|none
|-heal|p2a: Lovely|39/100 par|[from] item: Leftovers
|upkeep
|turn|17
|
|t:|1641881298
|move|p1a: Zapdos|Thunderbolt|p2a: Lovely
|-damage|p2a: Lovely|0 fnt
|faint|p2a: Lovely
|
|upkeep
|
|t:|1641881306
|switch|p2a: Cutie|Sylveon, M|100/100
|-damage|p2a: Cutie|88/100|[from] Stealth Rock
|turn|18
|
|t:|1641881318
|switch|p1a: Ferrothorn|Ferrothorn, M|100/100
|move|p2a: Cutie|Hyper Voice|p1a: Ferrothorn
|-resisted|p1a: Ferrothorn
|-damage|p1a: Ferrothorn|84/100
|
|-heal|p2a: Cutie|94/100|[from] item: Leftovers
|-heal|p1a: Ferrothorn|90/100|[from] item: Leftovers
|upkeep
|turn|19
|
|t:|1641881333
|move|p2a: Cutie|Wish|p2a: Cutie
|move|p1a: Ferrothorn|Leech Seed|p2a: Cutie
|-start|p2a: Cutie|move: Leech Seed
|
|-heal|p2a: Cutie|99/100|[from] item: Leftovers
|-heal|p1a: Ferrothorn|96/100|[from] item: Leftovers
|-damage|p2a: Cutie|88/100|[from] Leech Seed|[of] p1a: Ferrothorn
|-heal|p1a: Ferrothorn|100/100|[silent]
|upkeep
|turn|20
|
|t:|1641881344
|switch|p2a: Tiny|Victini|70/100
|move|p1a: Ferrothorn|Gyro Ball|p2a: Tiny
|-resisted|p2a: Tiny
|-damage|p2a: Tiny|41/100
|
|-heal|p2a: Tiny|98/100|[from] move: Wish|[wisher] Cutie
|upkeep
|turn|21
|
|t:|1641881356
|move|p2a: Tiny|V-create|p1a: Ferrothorn
|-supereffective|p1a: Ferrothorn
|-damage|p1a: Ferrothorn|0 fnt
|-unboost|p2a: Tiny|spe|1
|-unboost|p2a: Tiny|def|1
|-unboost|p2a: Tiny|spd|1
|-damage|p2a: Tiny|86/100|[from] ability: Iron Barbs|[of] p1a: Ferrothorn
|faint|p1a: Ferrothorn
|
|upkeep
|
|t:|1641881366
|switch|p1a: Zapdos|Zapdos|48/100
|-ability|p1a: Zapdos|Pressure
|turn|22
|
|t:|1641881371
|move|p1a: Zapdos|Ancient Power|p2a: Tiny
|-supereffective|p2a: Tiny
|-damage|p2a: Tiny|28/100
|move|p2a: Tiny|Glaciate|p1a: Zapdos
|-supereffective|p1a: Zapdos
|-damage|p1a: Zapdos|20/100
|-unboost|p1a: Zapdos|spe|1
|
|upkeep
|turn|23
|
|t:|1641881380
|switch|p2a: Cutie|Sylveon, M|88/100
|-damage|p2a: Cutie|75/100|[from] Stealth Rock
|move|p1a: Zapdos|Ancient Power|p2a: Cutie
|-damage|p2a: Cutie|63/100
|
|-heal|p2a: Cutie|69/100|[from] item: Leftovers
|upkeep
|turn|24
|
|t:|1641881390
|switch|p1a: Melmetal|Melmetal|83/100
|move|p2a: Cutie|Hyper Voice|p1a: Melmetal
|-resisted|p1a: Melmetal
|-damage|p1a: Melmetal|59/100
|
|-heal|p2a: Cutie|75/100|[from] item: Leftovers
|-heal|p1a: Melmetal|65/100|[from] item: Leftovers
|upkeep
|turn|25
|
|t:|1641881404
|switch|p2a: Super star|Starmie|44/100
|-damage|p2a: Super star|32/100|[from] Stealth Rock
|move|p1a: Melmetal|Earthquake|p2a: Super star
|-damage|p2a: Super star|0 fnt
|faint|p2a: Super star
|
|-heal|p1a: Melmetal|71/100|[from] item: Leftovers
|upkeep
|
|t:|1641881413
|switch|p2a: Tiny|Victini|28/100
|turn|26
|
|t:|1641881433
|move|p2a: Tiny|V-create|p1a: Melmetal
|-supereffective|p1a: Melmetal
|-damage|p1a: Melmetal|0 fnt
|-unboost|p2a: Tiny|spe|1
|-unboost|p2a: Tiny|def|1
|-unboost|p2a: Tiny|spd|1
|faint|p1a: Melmetal
|
|upkeep
|
|t:|1641881439
|switch|p1a: Zapdos|Zapdos|20/100
|-ability|p1a: Zapdos|Pressure
|turn|27
|
|t:|1641881447
|move|p1a: Zapdos|Thunderbolt|p2a: Tiny
|-damage|p2a: Tiny|0 fnt
|faint|p2a: Tiny
|
|upkeep
|
|t:|1641881451
|switch|p2a: Cutie|Sylveon, M|75/100
|-damage|p2a: Cutie|63/100|[from] Stealth Rock
|turn|28
|
|t:|1641881457
|move|p1a: Zapdos|Roost|p1a: Zapdos
|-heal|p1a: Zapdos|70/100
|-singleturn|p1a: Zapdos|move: Roost
|move|p2a: Cutie|Hyper Voice|p1a: Zapdos
|-damage|p1a: Zapdos|27/100
|
|-heal|p2a: Cutie|69/100|[from] item: Leftovers
|upkeep
|turn|29
|
|t:|1641881465
|move|p1a: Zapdos|Roost|p1a: Zapdos
|-heal|p1a: Zapdos|77/100
|-singleturn|p1a: Zapdos|move: Roost
|move|p2a: Cutie|Hyper Voice|p1a: Zapdos
|-damage|p1a: Zapdos|30/100
|
|-heal|p2a: Cutie|75/100|[from] item: Leftovers
|upkeep
|turn|30
|
|t:|1641881473
|move|p1a: Zapdos|Roost|p1a: Zapdos
|-heal|p1a: Zapdos|80/100
|-singleturn|p1a: Zapdos|move: Roost
|move|p2a: Cutie|Yawn|p1a: Zapdos
|-start|p1a: Zapdos|move: Yawn|[of] p2a: Cutie
|
|-heal|p2a: Cutie|81/100|[from] item: Leftovers
|upkeep
|turn|31
|
|t:|1641881482
|move|p1a: Zapdos|Ancient Power|p2a: Cutie
|-damage|p2a: Cutie|70/100
|move|p2a: Cutie|Wish|p2a: Cutie
|
|-heal|p2a: Cutie|76/100|[from] item: Leftovers
|-end|p1a: Zapdos|move: Yawn|[silent]
|-status|p1a: Zapdos|slp
|upkeep
|turn|32
|
|t:|1641881489
|cant|p1a: Zapdos|slp
|move|p2a: Cutie|Hyper Voice|p1a: Zapdos
|-damage|p1a: Zapdos|37/100 slp
|
|-heal|p2a: Cutie|100/100|[from] move: Wish|[wisher] Cutie
|upkeep
|turn|33
|
|t:|1641881496
|cant|p1a: Zapdos|slp
|move|p2a: Cutie|Hyper Voice|p1a: Zapdos
|-damage|p1a: Zapdos|0 fnt
|faint|p1a: Zapdos
|
|win|Lynnettee_
|raw|bubuzu's rating: 1096 &rarr; <strong>1069</strong><br />(-27 for losing)
|raw|Lynnettee_'s rating: 1053 &rarr; <strong>1089</strong><br />(+36 for winning)
|c|☆Lynnettee_|gg!!!
|c|☆Lynnettee_|:D!!
