|j|☆cmhjl
|j|☆GiraffeDisco
|t:|1641725273
|gametype|singles
|player|p1|cmhjl|265|1208
|player|p2|GiraffeDisco|265|1213
|teamsize|p1|6
|teamsize|p2|6
|gen|8
|tier|[Gen 8] OU
|rated|
|rule|Sleep Clause Mod: Limit one foe put to sleep
|rule|Species Clause: Limit one of each Pokémon
|rule|OHKO Clause: OHKO moves are banned
|rule|Evasion Moves Clause: Evasion moves are banned
|rule|Endless Battle Clause: Forcing endless battles is banned
|rule|HP Percentage Mod: HP is shown in percentages
|rule|Dynamax Clause: You cannot dynamax
|clearpoke
|poke|p1|Barraskewda, M|
|poke|p1|Ferrothorn, M|
|poke|p1|Pelipper, F|
|poke|p1|Volcanion|
|poke|p1|Thundurus-Therian, M|
|poke|p1|Blastoise, M|
|poke|p2|Dragapult, F|
|poke|p2|Landorus-Therian, M|
|poke|p2|Volcarona, M|
|poke|p2|Ferrothorn, F|
|poke|p2|Bisharp, M|
|poke|p2|Clefable, M|
|teampreview
|
|t:|1641725278
|start
|switch|p1a: Pelipper|Pelipper, F|100/100
|switch|p2a: Landorus|Landorus-Therian, M|100/100
|-ability|p2a: Landorus|Intimidate|boost
|-unboost|p1a: Pelipper|atk|1
|-weather|RainDance|[from] ability: Drizzle|[of] p1a: Pelipper
|turn|1
|inactive|Battle timer is ON: inactive players will automatically lose when time's up. (requested by GiraffeDisco)
|
|t:|1641725293
|switch|p1a: Ferrothorn|Ferrothorn, M|100/100
|move|p2a: Landorus|Knock Off|p1a: Ferrothorn
|-damage|p1a: Ferrothorn|78/100
|-damage|p2a: Landorus|88/100|[from] ability: Iron Barbs|[of] p1a: Ferrothorn
|-enditem|p1a: Ferrothorn|Leftovers|[from] move: Knock Off|[of] p2a: Landorus
|
|-weather|RainDance|[upkeep]
|upkeep
|turn|2
|
|t:|1641725304
|switch|p2a: Volcarona|Volcarona, M|100/100
|move|p1a: Ferrothorn|Stealth Rock|p2a: Volcarona
|-sidestart|p2: GiraffeDisco|move: Stealth Rock
|
|-weather|RainDance|[upkeep]
|upkeep
|turn|3
|
|t:|1641725317
|switch|p1a: Pelipper|Pelipper, F|100/100
|move|p2a: Volcarona|Quiver Dance|p2a: Volcarona
|-boost|p2a: Volcarona|spa|1
|-boost|p2a: Volcarona|spd|1
|-boost|p2a: Volcarona|spe|1
|
|-weather|RainDance|[upkeep]
|upkeep
|turn|4
|
|t:|1641725323
|move|p2a: Volcarona|Quiver Dance|p2a: Volcarona
|-boost|p2a: Volcarona|spa|1
|-boost|p2a: Volcarona|spd|1
|-boost|p2a: Volcarona|spe|1
|move|p1a: Pelipper|Scald|p2a: Volcarona
|-supereffective|p2a: Volcarona
|-damage|p2a: Volcarona|60/100
|
|-weather|RainDance|[upkeep]
|upkeep
|turn|5
|
|t:|1641725331
|move|p2a: Volcarona|Giga Drain|p1a: Pelipper
|-damage|p1a: Pelipper|23/100
|-heal|p2a: Volcarona|100/100|[from] drain|[of] p1a: Pelipper
|move|p1a: Pelipper|Scald|p2a: Volcarona
|-supereffective|p2a: Volcarona
|-damage|p2a: Volcarona|58/100
|
|-weather|RainDance|[upkeep]
|upkeep
|turn|6
|
|t:|1641725340
|switch|p1a: Ferrothorn|Ferrothorn, M|78/100
|move|p2a: Volcarona|Giga Drain|p1a: Ferrothorn
|-resisted|p1a: Ferrothorn
|-damage|p1a: Ferrothorn|65/100
|-heal|p2a: Volcarona|65/100|[from] drain|[of] p1a: Ferrothorn
|
|-weather|RainDance|[upkeep]
|upkeep
|turn|7
|
|t:|1641725350
|move|p2a: Volcarona|Fiery Dance|p1a: Ferrothorn
|-supereffective|p1a: Ferrothorn
|-damage|p1a: Ferrothorn|0 fnt
|-boost|p2a: Volcarona|spa|1
|faint|p1a: Ferrothorn
|
|-weather|RainDance|[upkeep]
|upkeep
|
|t:|1641725361
|switch|p1a: Barraskewda|Barraskewda, M|100/100
|turn|8
|
|t:|1641725365
|move|p1a: Barraskewda|Flip Turn|p2a: Volcarona
|-supereffective|p2a: Volcarona
|-damage|p2a: Volcarona|0 fnt
|faint|p2a: Volcarona
|
|t:|1641725376
|switch|p1a: Blastoise|Blastoise, M|100/100|[from]move: Flip Turn
|
|-weather|none
|upkeep
|
|t:|1641725395
|switch|p2a: Dragapult|Dragapult, F|100/100
|-damage|p2a: Dragapult|88/100|[from] Stealth Rock
|turn|9
|
|t:|1641725401
|move|p2a: Dragapult|Draco Meteor|p1a: Blastoise
|-damage|p1a: Blastoise|0 fnt
|-unboost|p2a: Dragapult|spa|2
|faint|p1a: Blastoise
|
|upkeep
|
|t:|1641725410
|switch|p1a: Thundurus|Thundurus-Therian, M|100/100
|turn|10
|
|t:|1641725417
|switch|p2a: Landorus|Landorus-Therian, M|88/100
|-damage|p2a: Landorus|75/100|[from] Stealth Rock
|-ability|p2a: Landorus|Intimidate|boost
|-unboost|p1a: Thundurus|atk|1
|move|p1a: Thundurus|Nasty Plot|p1a: Thundurus
|-boost|p1a: Thundurus|spa|2
|
|upkeep
|turn|11
|
|t:|1641725431
|move|p2a: Landorus|Explosion|p1a: Thundurus
|-damage|p1a: Thundurus|0 fnt
|faint|p2a: Landorus
|faint|p1a: Thundurus
|
|upkeep
|
|t:|1641725453
|switch|p1a: Pelipper|Pelipper, F|23/100
|switch|p2a: Clefable|Clefable, M|100/100
|-weather|RainDance|[from] ability: Drizzle|[of] p1a: Pelipper
|-damage|p2a: Clefable|88/100|[from] Stealth Rock
|turn|12
|
|t:|1641725457
|move|p1a: Pelipper|Roost|p1a: Pelipper
|-heal|p1a: Pelipper|73/100
|-singleturn|p1a: Pelipper|move: Roost
|move|p2a: Clefable|Calm Mind|p2a: Clefable
|-boost|p2a: Clefable|spa|1
|-boost|p2a: Clefable|spd|1
|
|-weather|RainDance|[upkeep]
|-heal|p2a: Clefable|94/100|[from] item: Leftovers
|upkeep
|turn|13
|
|t:|1641725469
|move|p1a: Pelipper|U-turn|p2a: Clefable
|-resisted|p2a: Clefable
|-damage|p2a: Clefable|90/100
|
|t:|1641725472
|switch|p1a: Volcanion|Volcanion|100/100|[from]move: U-turn
|move|p2a: Clefable|Calm Mind|p2a: Clefable
|-boost|p2a: Clefable|spa|1
|-boost|p2a: Clefable|spd|1
|
|-weather|RainDance|[upkeep]
|-heal|p2a: Clefable|96/100|[from] item: Leftovers
|upkeep
|turn|14
|
|t:|1641725479
|move|p1a: Volcanion|Sludge Bomb|p2a: Clefable
|-supereffective|p2a: Clefable
|-damage|p2a: Clefable|50/100
|move|p2a: Clefable|Moonblast|p1a: Volcanion
|-resisted|p1a: Volcanion
|-damage|p1a: Volcanion|65/100
|
|-weather|RainDance|[upkeep]
|-heal|p2a: Clefable|57/100|[from] item: Leftovers
|upkeep
|turn|15
|
|t:|1641725486
|move|p1a: Volcanion|Sludge Bomb|p2a: Clefable
|-supereffective|p2a: Clefable
|-damage|p2a: Clefable|10/100
|move|p2a: Clefable|Soft-Boiled|p2a: Clefable
|-heal|p2a: Clefable|60/100
|
|-weather|RainDance|[upkeep]
|-heal|p2a: Clefable|66/100|[from] item: Leftovers
|upkeep
|turn|16
|
|t:|1641725495
|switch|p2a: Bisharp|Bisharp, M|100/100
|-damage|p2a: Bisharp|95/100|[from] Stealth Rock
|move|p1a: Volcanion|Sludge Bomb|p2a: Bisharp
|-immune|p2a: Bisharp
|
|-weather|RainDance|[upkeep]
|upkeep
|turn|17
|
|t:|1641725499
|switch|p1a: Pelipper|Pelipper, F|73/100
|move|p2a: Bisharp|Sucker Punch||[still]
|-fail|p2a: Bisharp
|
|-weather|RainDance|[upkeep]
|upkeep
|turn|18
|
|t:|1641725509
|move|p2a: Bisharp|Psycho Cut|p1a: Pelipper
|-damage|p1a: Pelipper|53/100
|move|p1a: Pelipper|Scald|p2a: Bisharp
|-damage|p2a: Bisharp|44/100
|
|-weather|RainDance|[upkeep]
|upkeep
|turn|19
|
|t:|1641725517
|move|p2a: Bisharp|Sucker Punch||[still]
|-fail|p2a: Bisharp
|move|p1a: Pelipper|Roost|p1a: Pelipper
|-heal|p1a: Pelipper|100/100
|-singleturn|p1a: Pelipper|move: Roost
|
|-weather|none
|upkeep
|turn|20
|
|t:|1641725523
|move|p2a: Bisharp|Sucker Punch|p1a: Pelipper
|-damage|p1a: Pelipper|70/100
|move|p1a: Pelipper|Scald|p2a: Bisharp
|-damage|p2a: Bisharp|5/100
|-status|p2a: Bisharp|brn
|
|-damage|p2a: Bisharp|0 fnt|[from] brn
|faint|p2a: Bisharp
|upkeep
|
|t:|1641725536
|switch|p2a: Ferrothorn|Ferrothorn, F|100/100
|-damage|p2a: Ferrothorn|94/100|[from] Stealth Rock
|turn|21
|
|t:|1641725559
|move|p1a: Pelipper|U-turn|p2a: Ferrothorn
|-damage|p2a: Ferrothorn|87/100
|-damage|p1a: Pelipper|57/100|[from] ability: Iron Barbs|[of] p2a: Ferrothorn
|
|t:|1641725564
|switch|p1a: Volcanion|Volcanion|65/100|[from]move: U-turn
|move|p2a: Ferrothorn|Thunder Wave|p1a: Volcanion
|-status|p1a: Volcanion|par
|
|-heal|p2a: Ferrothorn|94/100|[from] item: Leftovers
|upkeep
|turn|22
|
|t:|1641725573
|switch|p2a: Dragapult|Dragapult, F|88/100
|-damage|p2a: Dragapult|76/100|[from] Stealth Rock
|move|p1a: Volcanion|Flamethrower|p2a: Dragapult
|-resisted|p2a: Dragapult
|-damage|p2a: Dragapult|19/100
|
|upkeep
|turn|23
|
|t:|1641725588
|switch|p1a: Pelipper|Pelipper, F|57/100
|-weather|RainDance|[from] ability: Drizzle|[of] p1a: Pelipper
|move|p2a: Dragapult|Shadow Ball|p1a: Pelipper
|-damage|p1a: Pelipper|0 fnt
|faint|p1a: Pelipper
|
|-weather|RainDance|[upkeep]
|upkeep
|
|t:|1641725605
|switch|p1a: Volcanion|Volcanion|65/100 par
|turn|24
|
|t:|1641725610
|move|p2a: Dragapult|Shadow Ball|p1a: Volcanion
|-damage|p1a: Volcanion|0 fnt
|faint|p1a: Volcanion
|
|-weather|RainDance|[upkeep]
|upkeep
|
|t:|1641725619
|switch|p1a: Barraskewda|Barraskewda, M|100/100
|turn|25
|
|t:|1641725627
|move|p1a: Barraskewda|Flip Turn|p2a: Dragapult
|-resisted|p2a: Dragapult
|-damage|p2a: Dragapult|0 fnt
|faint|p2a: Dragapult
|
|-weather|RainDance|[upkeep]
|upkeep
|
|t:|1641725634
|switch|p2a: Ferrothorn|Ferrothorn, F|94/100
|-damage|p2a: Ferrothorn|87/100|[from] Stealth Rock
|turn|26
|
|t:|1641725637
|move|p1a: Barraskewda|Close Combat|p2a: Ferrothorn
|-supereffective|p2a: Ferrothorn
|-damage|p2a: Ferrothorn|26/100
|-unboost|p1a: Barraskewda|def|1
|-unboost|p1a: Barraskewda|spd|1
|-activate|p2a: Ferrothorn|ability: Iron Barbs
|-activate|p1a: Barraskewda|item: Protective Pads
|move|p2a: Ferrothorn|Gyro Ball|p1a: Barraskewda
|-resisted|p1a: Barraskewda
|-damage|p1a: Barraskewda|32/100
|
|-weather|RainDance|[upkeep]
|-heal|p2a: Ferrothorn|32/100|[from] item: Leftovers
|upkeep
|turn|27
|
|t:|1641725660
|move|p1a: Barraskewda|Close Combat|p2a: Ferrothorn
|-supereffective|p2a: Ferrothorn
|-damage|p2a: Ferrothorn|0 fnt
|-unboost|p1a: Barraskewda|def|1
|-unboost|p1a: Barraskewda|spd|1
|-activate|p2a: Ferrothorn|ability: Iron Barbs
|-activate|p1a: Barraskewda|item: Protective Pads
|faint|p2a: Ferrothorn
|
|-weather|RainDance|[upkeep]
|upkeep
|
|t:|1641725668
|switch|p2a: Clefable|Clefable, M|66/100
|-damage|p2a: Clefable|53/100|[from] Stealth Rock
|turn|28
|
|t:|1641725676
|move|p1a: Barraskewda|Flip Turn|p2a: Clefable
|-damage|p2a: Clefable|12/100
|move|p2a: Clefable|Moonblast|p1a: Barraskewda
|-crit|p1a: Barraskewda
|-damage|p1a: Barraskewda|0 fnt
|faint|p1a: Barraskewda
|
|win|GiraffeDisco
|raw|cmhjl's rating: 1208 &rarr; <strong>1183</strong><br />(-25 for losing)
|raw|GiraffeDisco's rating: 1213 &rarr; <strong>1238</strong><br />(+25 for winning)
