|j|☆lapt1
|j|☆InteUfo
|t:|1641807419
|gametype|singles
|player|p1|lapt1|red-gen7|1373
|player|p2|InteUfo|265|1328
|teamsize|p1|6
|teamsize|p2|6
|gen|8
|tier|[Gen 8] OU
|rated|
|rule|Sleep Clause Mod: Limit one foe put to sleep
|rule|Species Clause: Limit one of each Pokémon
|rule|OHKO Clause: OHKO moves are banned
|rule|Evasion Moves Clause: Evasion moves are banned
|rule|Endless Battle Clause: Forcing endless battles is banned
|rule|HP Percentage Mod: HP is shown in percentages
|rule|Dynamax Clause: You cannot dynamax
|clearpoke
|poke|p1|Zapdos-Galar|
|poke|p1|Excadrill, F|
|poke|p1|Hippowdon, M|
|poke|p1|Toxapex, F|
|poke|p1|Skarmory, F|
|poke|p1|Weavile, M|
|poke|p2|Weavile, F|
|poke|p2|Tapu Lele|
|poke|p2|Landorus-Therian, M|
|poke|p2|Clefable, M|
|poke|p2|Excadrill, F|
|poke|p2|Gyarados, M|
|teampreview
|
|t:|1641807433
|start
|switch|p1a: Skarmory|Skarmory, F|100/100
|switch|p2a: Clefable|Clefable, M|100/100
|turn|1
|
|t:|1641807440
|move|p1a: Skarmory|Spikes|p2a: Clefable
|-sidestart|p2: InteUfo|Spikes
|move|p2a: Clefable|Calm Mind|p2a: Clefable
|-boost|p2a: Clefable|spa|1
|-boost|p2a: Clefable|spd|1
|
|upkeep
|turn|2
|
|t:|1641807447
|switch|p1a: Toxapex|Toxapex, F|100/100
|move|p2a: Clefable|Flamethrower|p1a: Toxapex
|-resisted|p1a: Toxapex
|-damage|p1a: Toxapex|79/100
|
|-heal|p1a: Toxapex|85/100|[from] item: Black Sludge
|upkeep
|turn|3
|
|t:|1641807460
|move|p2a: Clefable|Calm Mind|p2a: Clefable
|-boost|p2a: Clefable|spa|1
|-boost|p2a: Clefable|spd|1
|move|p1a: Toxapex|Haze|p1a: Toxapex
|-clearallboost
|
|-heal|p1a: Toxapex|92/100|[from] item: Black Sludge
|upkeep
|turn|4
|
|t:|1641807489
|switch|p2a: Excadrill|Excadrill, F|100/100
|-damage|p2a: Excadrill|88/100|[from] Spikes
|-ability|p2a: Excadrill|Mold Breaker
|move|p1a: Toxapex|Knock Off|p2a: Excadrill
|-crit|p2a: Excadrill
|-damage|p2a: Excadrill|59/100
|-enditem|p2a: Excadrill|Life Orb|[from] move: Knock Off|[of] p1a: Toxapex
|
|-heal|p1a: Toxapex|98/100|[from] item: Black Sludge
|upkeep
|turn|5
|inactive|Battle timer is ON: inactive players will automatically lose when time's up. (requested by lapt1)
|
|t:|1641807512
|switch|p1a: Skarmory|Skarmory, F|100/100
|move|p2a: Excadrill|Rapid Spin|p1a: Skarmory
|-resisted|p1a: Skarmory
|-damage|p1a: Skarmory|95/100
|-boost|p2a: Excadrill|spe|1
|-damage|p2a: Excadrill|43/100|[from] item: Rocky Helmet|[of] p1a: Skarmory
|-sideend|p2: InteUfo|Spikes|[from] move: Rapid Spin|[of] p2a: Excadrill
|
|upkeep
|turn|6
|
|t:|1641807518
|move|p2a: Excadrill|Rock Slide|p1a: Skarmory
|-damage|p1a: Skarmory|76/100
|move|p1a: Skarmory|Body Press|p2a: Excadrill
|-supereffective|p2a: Excadrill
|-damage|p2a: Excadrill|0 fnt
|faint|p2a: Excadrill
|
|upkeep
|
|t:|1641807532
|switch|p2a: Gyarados|Gyarados, M|100/100
|-ability|p2a: Gyarados|Intimidate|boost
|-unboost|p1a: Skarmory|atk|1
|turn|7
|
|t:|1641807536
|switch|p1a: Toxapex|Toxapex, F|100/100
|move|p2a: Gyarados|Dragon Dance|p2a: Gyarados
|-boost|p2a: Gyarados|atk|1
|-boost|p2a: Gyarados|spe|1
|
|upkeep
|turn|8
|
|t:|1641807539
|move|p2a: Gyarados|Earthquake|p1a: Toxapex
|-supereffective|p1a: Toxapex
|-damage|p1a: Toxapex|26/100
|move|p1a: Toxapex|Haze|p1a: Toxapex
|-clearallboost
|
|-heal|p1a: Toxapex|32/100|[from] item: Black Sludge
|upkeep
|turn|9
|
|t:|1641807552
|switch|p1a: Hippowdon|Hippowdon, M|100/100
|-weather|Sandstorm|[from] ability: Sand Stream|[of] p1a: Hippowdon
|move|p2a: Gyarados|Dragon Dance|p2a: Gyarados
|-boost|p2a: Gyarados|atk|1
|-boost|p2a: Gyarados|spe|1
|
|-weather|Sandstorm|[upkeep]
|-damage|p2a: Gyarados|94/100|[from] Sandstorm
|upkeep
|turn|10
|
|t:|1641807555
|move|p2a: Gyarados|Waterfall|p1a: Hippowdon
|-supereffective|p1a: Hippowdon
|-damage|p1a: Hippowdon|0 fnt
|faint|p1a: Hippowdon
|
|-weather|Sandstorm|[upkeep]
|-damage|p2a: Gyarados|88/100|[from] Sandstorm
|upkeep
|
|t:|1641807565
|switch|p1a: Zapdos|Zapdos-Galar|100/100
|turn|11
|
|t:|1641807581
|move|p1a: Zapdos|Brave Bird|p2a: Gyarados
|-crit|p2a: Gyarados
|-damage|p2a: Gyarados|0 fnt
|faint|p2a: Gyarados
|-damage|p1a: Zapdos|71/100|[from] Recoil
|
|-weather|Sandstorm|[upkeep]
|-damage|p1a: Zapdos|64/100|[from] Sandstorm
|upkeep
|inactive|InteUfo has 120 seconds left.
|
|t:|1641807606
|switch|p2a: Landorus|Landorus-Therian, M|100/100
|-ability|p2a: Landorus|Intimidate|boost
|-unboost|p1a: Zapdos|atk|1
|-ability|p1a: Zapdos|Defiant
|-boost|p1a: Zapdos|atk|2
|turn|12
|
|t:|1641807614
|move|p1a: Zapdos|Brave Bird|p2a: Landorus
|-damage|p2a: Landorus|6/100
|-damage|p1a: Zapdos|33/100|[from] Recoil
|move|p2a: Landorus|Toxic|p1a: Zapdos
|-status|p1a: Zapdos|tox
|
|-weather|Sandstorm|[upkeep]
|-damage|p1a: Zapdos|27/100 tox|[from] Sandstorm
|-heal|p2a: Landorus|11/100|[from] item: Leftovers
|-damage|p1a: Zapdos|21/100 tox|[from] psn
|upkeep
|turn|13
|
|t:|1641807621
|move|p1a: Zapdos|Brave Bird|p2a: Landorus
|-damage|p2a: Landorus|0 fnt
|faint|p2a: Landorus
|-damage|p1a: Zapdos|17/100 tox|[from] Recoil
|
|-weather|none
|-damage|p1a: Zapdos|5/100 tox|[from] psn
|upkeep
|
|t:|1641807629
|switch|p2a: Weavile|Weavile, F|100/100
|-ability|p2a: Weavile|Pressure
|turn|14
|
|t:|1641807635
|switch|p1a: Skarmory|Skarmory, F|76/100
|move|p2a: Weavile|Ice Shard|p1a: Skarmory
|-damage|p1a: Skarmory|57/100
|
|upkeep
|turn|15
|
|t:|1641807644
|switch|p2a: Clefable|Clefable, M|100/100
|move|p1a: Skarmory|Roost|p1a: Skarmory
|-heal|p1a: Skarmory|100/100
|-singleturn|p1a: Skarmory|move: Roost
|
|upkeep
|turn|16
|
|t:|1641807655
|switch|p1a: Toxapex|Toxapex, F|66/100
|move|p2a: Clefable|Flamethrower|p1a: Toxapex
|-resisted|p1a: Toxapex
|-damage|p1a: Toxapex|51/100
|
|-heal|p1a: Toxapex|57/100|[from] item: Black Sludge
|upkeep
|turn|17
|
|t:|1641807667
|switch|p2a: Tapu Lele|Tapu Lele|100/100
|-fieldstart|move: Psychic Terrain|[from] ability: Psychic Surge|[of] p2a: Tapu Lele
|move|p1a: Toxapex|Toxic|p2a: Tapu Lele
|-status|p2a: Tapu Lele|tox
|
|-heal|p1a: Toxapex|64/100|[from] item: Black Sludge
|-damage|p2a: Tapu Lele|94/100 tox|[from] psn
|upkeep
|turn|18
|
|t:|1641807683
|switch|p1a: Weavile|Weavile, M|100/100
|-ability|p1a: Weavile|Pressure
|move|p2a: Tapu Lele|Moonblast|p1a: Weavile
|-supereffective|p1a: Weavile
|-damage|p1a: Weavile|0 fnt
|faint|p1a: Weavile
|
|-damage|p2a: Tapu Lele|82/100 tox|[from] psn
|upkeep
|
|t:|1641807697
|switch|p1a: Toxapex|Toxapex, F|97/100
|turn|19
|
|t:|1641807703
|switch|p2a: Weavile|Weavile, F|100/100
|-ability|p2a: Weavile|Pressure
|move|p1a: Toxapex|Knock Off|p2a: Weavile
|-resisted|p2a: Weavile
|-damage|p2a: Weavile|89/100
|-enditem|p2a: Weavile|Choice Band|[from] move: Knock Off|[of] p1a: Toxapex
|
|-heal|p1a: Toxapex|100/100|[from] item: Black Sludge
|upkeep
|turn|20
|
|t:|1641807712
|move|p2a: Weavile|Knock Off|p1a: Toxapex
|-damage|p1a: Toxapex|71/100
|-enditem|p1a: Toxapex|Black Sludge|[from] move: Knock Off|[of] p2a: Weavile
|move|p1a: Toxapex|Toxic|p2a: Weavile
|-status|p2a: Weavile|tox
|
|-damage|p2a: Weavile|83/100 tox|[from] psn
|upkeep
|turn|21
|
|t:|1641807721
|switch|p2a: Tapu Lele|Tapu Lele|82/100 tox
|move|p1a: Toxapex|Knock Off|p2a: Tapu Lele
|-damage|p2a: Tapu Lele|61/100 tox
|-enditem|p2a: Tapu Lele|Choice Scarf|[from] move: Knock Off|[of] p1a: Toxapex
|
|-damage|p2a: Tapu Lele|55/100 tox|[from] psn
|-fieldend|move: Psychic Terrain
|upkeep
|turn|22
|
|t:|1641807730
|switch|p1a: Skarmory|Skarmory, F|100/100
|move|p2a: Tapu Lele|Psyshock|p1a: Skarmory
|-resisted|p1a: Skarmory
|-damage|p1a: Skarmory|86/100
|
|-damage|p2a: Tapu Lele|42/100 tox|[from] psn
|upkeep
|turn|23
|
|t:|1641807741
|switch|p2a: Weavile|Weavile, F|83/100 tox
|-ability|p2a: Weavile|Pressure
|move|p1a: Skarmory|Spikes|p2a: Weavile
|-sidestart|p2: InteUfo|Spikes
|
|-damage|p2a: Weavile|77/100 tox|[from] psn
|upkeep
|turn|24
|
|t:|1641807753
|move|p2a: Weavile|Icicle Crash|p1a: Skarmory
|-damage|p1a: Skarmory|59/100
|cant|p1a: Skarmory|flinch
|
|-damage|p2a: Weavile|65/100 tox|[from] psn
|upkeep
|turn|25
|
|t:|1641807759
|move|p2a: Weavile|Icicle Crash|p1a: Skarmory
|-damage|p1a: Skarmory|35/100
|cant|p1a: Skarmory|flinch
|
|-damage|p2a: Weavile|47/100 tox|[from] psn
|upkeep
|turn|26
|
|t:|1641807765
|move|p2a: Weavile|Icicle Crash|p1a: Skarmory
|-damage|p1a: Skarmory|10/100
|move|p1a: Skarmory|Roost|p1a: Skarmory
|-heal|p1a: Skarmory|60/100
|-singleturn|p1a: Skarmory|move: Roost
|
|-damage|p2a: Weavile|23/100 tox|[from] psn
|upkeep
|turn|27
|
|t:|1641807776
|move|p2a: Weavile|Icicle Crash|p1a: Skarmory
|-crit|p1a: Skarmory
|-damage|p1a: Skarmory|23/100
|cant|p1a: Skarmory|flinch
|
|-damage|p2a: Weavile|0 fnt|[from] psn
|faint|p2a: Weavile
|upkeep
|
|t:|1641807784
|switch|p2a: Tapu Lele|Tapu Lele|42/100 tox
|-damage|p2a: Tapu Lele|30/100 tox|[from] Spikes
|-fieldstart|move: Psychic Terrain|[from] ability: Psychic Surge|[of] p2a: Tapu Lele
|turn|28
|
|t:|1641807810
|switch|p1a: Toxapex|Toxapex, F|100/100
|move|p2a: Tapu Lele|Focus Blast|p1a: Toxapex
|-resisted|p1a: Toxapex
|-damage|p1a: Toxapex|84/100
|
|-damage|p2a: Tapu Lele|24/100 tox|[from] psn
|upkeep
|turn|29
|
|t:|1641807822
|switch|p1a: Skarmory|Skarmory, F|23/100
|move|p2a: Tapu Lele|Psyshock|p1a: Skarmory
|-resisted|p1a: Skarmory
|-damage|p1a: Skarmory|5/100
|
|-damage|p2a: Tapu Lele|12/100 tox|[from] psn
|upkeep
|turn|30
|
|t:|1641807839
|move|p2a: Tapu Lele|Psyshock|p1a: Skarmory
|-resisted|p1a: Skarmory
|-damage|p1a: Skarmory|0 fnt
|faint|p1a: Skarmory
|
|-damage|p2a: Tapu Lele|0 fnt|[from] psn
|faint|p2a: Tapu Lele
|upkeep
|
|t:|1641807848
|switch|p2a: Clefable|Clefable, M|100/100
|switch|p1a: Toxapex|Toxapex, F|100/100
|turn|31
|-message|InteUfo forfeited.
|
|win|lapt1
|raw|lapt1's rating: 1373 &rarr; <strong>1390</strong><br />(+17 for winning)
|raw|InteUfo's rating: 1328 &rarr; <strong>1311</strong><br />(-17 for losing)
|l|☆InteUfo
