|j|☆TuCabrito
|j|☆Hfvffhrdguy
|t:|1641812799
|gametype|singles
|player|p1|TuCabrito|1|1000
|player|p2|Hfvffhrdguy|101|1000
|teamsize|p1|6
|teamsize|p2|6
|gen|8
|tier|[Gen 8] OU
|rated|
|rule|Sleep Clause Mod: Limit one foe put to sleep
|rule|Species Clause: Limit one of each Pokémon
|rule|OHKO Clause: OHKO moves are banned
|rule|Evasion Moves Clause: Evasion moves are banned
|rule|Endless Battle Clause: Forcing endless battles is banned
|rule|HP Percentage Mod: HP is shown in percentages
|rule|Dynamax Clause: You cannot dynamax
|clearpoke
|poke|p1|Bisharp, M|
|poke|p1|Aggron, M|
|poke|p1|Corviknight, F|
|poke|p1|Melmetal|
|poke|p1|Scizor, M|
|poke|p1|Metagross|
|poke|p2|Terrakion|
|poke|p2|Dragonite, M|
|poke|p2|Toxapex, F|
|poke|p2|Landorus-Therian, M|
|poke|p2|Weavile, M|
|poke|p2|Corviknight, F|
|teampreview
|
|t:|1641812823
|start
|switch|p1a: Épsilon|Aggron, M|100/100
|switch|p2a: Landorus|Landorus-Therian, M|100/100
|-ability|p2a: Landorus|Intimidate|boost
|-unboost|p1a: Épsilon|atk|1
|turn|1
|
|t:|1641812840
|move|p2a: Landorus|Earthquake|p1a: Épsilon
|-supereffective|p1a: Épsilon
|-damage|p1a: Épsilon|0 fnt
|faint|p1a: Épsilon
|
|upkeep
|
|t:|1641812871
|switch|p1a: Corviknight|Corviknight, F|100/100
|-ability|p1a: Corviknight|Unnerve
|turn|2
|inactive|Battle timer is ON: inactive players will automatically lose when time's up. (requested by Hfvffhrdguy)
|
|t:|1641812907
|move|p2a: Landorus|Swords Dance|p2a: Landorus
|-boost|p2a: Landorus|atk|2
|move|p1a: Corviknight|Body Press|p2a: Landorus
|-resisted|p2a: Landorus
|-damage|p2a: Landorus|85/100
|
|-heal|p2a: Landorus|91/100|[from] item: Leftovers
|upkeep
|turn|3
|
|t:|1641812934
|move|p2a: Landorus|Substitute|p2a: Landorus
|-start|p2a: Landorus|Substitute
|-damage|p2a: Landorus|67/100
|move|p1a: Corviknight|Bulk Up|p1a: Corviknight
|-boost|p1a: Corviknight|atk|1
|-boost|p1a: Corviknight|def|1
|
|-heal|p2a: Landorus|73/100|[from] item: Leftovers
|upkeep
|turn|4
|
|t:|1641812945
|move|p2a: Landorus|Stone Edge|p1a: Corviknight|[miss]
|-miss|p2a: Landorus|p1a: Corviknight
|move|p1a: Corviknight|Bulk Up|p1a: Corviknight
|-boost|p1a: Corviknight|atk|1
|-boost|p1a: Corviknight|def|1
|
|-heal|p2a: Landorus|79/100|[from] item: Leftovers
|upkeep
|turn|5
|
|t:|1641812959
|move|p2a: Landorus|Swords Dance|p2a: Landorus
|-boost|p2a: Landorus|atk|2
|move|p1a: Corviknight|Agility|p1a: Corviknight
|-boost|p1a: Corviknight|spe|2
|
|-heal|p2a: Landorus|85/100|[from] item: Leftovers
|upkeep
|turn|6
|
|t:|1641812974
|move|p1a: Corviknight|Drill Peck|p2a: Landorus
|-end|p2a: Landorus|Substitute
|move|p2a: Landorus|Stone Edge|p1a: Corviknight
|-damage|p1a: Corviknight|58/100
|
|-heal|p1a: Corviknight|64/100|[from] item: Leftovers
|-heal|p2a: Landorus|90/100|[from] item: Leftovers
|upkeep
|turn|7
|
|t:|1641812989
|move|p1a: Corviknight|Drill Peck|p2a: Landorus
|-damage|p2a: Landorus|32/100
|move|p2a: Landorus|Stone Edge|p1a: Corviknight
|-damage|p1a: Corviknight|20/100
|
|-heal|p1a: Corviknight|26/100|[from] item: Leftovers
|-heal|p2a: Landorus|38/100|[from] item: Leftovers
|upkeep
|turn|8
|
|t:|1641813002
|move|p1a: Corviknight|Drill Peck|p2a: Landorus
|-damage|p2a: Landorus|0 fnt
|faint|p2a: Landorus
|
|-heal|p1a: Corviknight|32/100|[from] item: Leftovers
|upkeep
|
|t:|1641813008
|switch|p2a: Toxapex|Toxapex, F|100/100
|turn|9
|
|t:|1641813018
|move|p1a: Corviknight|Body Press|p2a: Toxapex
|-resisted|p2a: Toxapex
|-damage|p2a: Toxapex|86/100
|-damage|p1a: Corviknight|16/100|[from] item: Rocky Helmet|[of] p2a: Toxapex
|move|p2a: Toxapex|Haze|p2a: Toxapex
|-clearallboost
|
|-heal|p1a: Corviknight|22/100|[from] item: Leftovers
|upkeep
|turn|10
|
|t:|1641813023
|move|p1a: Corviknight|Drill Peck|p2a: Toxapex
|-damage|p2a: Toxapex|70/100
|-damage|p1a: Corviknight|5/100|[from] item: Rocky Helmet|[of] p2a: Toxapex
|move|p2a: Toxapex|Knock Off|p1a: Corviknight
|-damage|p1a: Corviknight|0 fnt
|-enditem|p1a: Corviknight|Leftovers|[from] move: Knock Off|[of] p2a: Toxapex
|faint|p1a: Corviknight
|
|upkeep
|inactive|TuCabrito has 120 seconds left.
|
|t:|1641813048
|switch|p1a: Melmetal|Melmetal|100/100
|turn|11
|
|t:|1641813059
|move|p2a: Toxapex|Knock Off|p1a: Melmetal
|-damage|p1a: Melmetal|93/100
|-enditem|p1a: Melmetal|Expert Belt|[from] move: Knock Off|[of] p2a: Toxapex
|move|p1a: Melmetal|Thunder Punch|p2a: Toxapex
|-supereffective|p2a: Toxapex
|-damage|p2a: Toxapex|34/100
|-damage|p1a: Melmetal|77/100|[from] item: Rocky Helmet|[of] p2a: Toxapex
|
|upkeep
|turn|12
|
|t:|1641813076
|move|p2a: Toxapex|Recover|p2a: Toxapex
|-heal|p2a: Toxapex|84/100
|move|p1a: Melmetal|Thunder Punch|p2a: Toxapex
|-supereffective|p2a: Toxapex
|-damage|p2a: Toxapex|45/100
|-damage|p1a: Melmetal|60/100|[from] item: Rocky Helmet|[of] p2a: Toxapex
|
|upkeep
|turn|13
|
|t:|1641813086
|move|p2a: Toxapex|Recover|p2a: Toxapex
|-heal|p2a: Toxapex|95/100
|move|p1a: Melmetal|Acid Armor|p1a: Melmetal
|-boost|p1a: Melmetal|def|2
|
|upkeep
|turn|14
|
|t:|1641813098
|switch|p2a: Terrakion|Terrakion|100/100
|move|p1a: Melmetal|Body Slam|p2a: Terrakion
|-resisted|p2a: Terrakion
|-damage|p2a: Terrakion|83/100
|
|upkeep
|turn|15
|
|t:|1641813122
|switch|p2a: Toxapex|Toxapex, F|100/100
|move|p1a: Melmetal|Body Press|p2a: Toxapex
|-resisted|p2a: Toxapex
|-damage|p2a: Toxapex|83/100
|-damage|p1a: Melmetal|44/100|[from] item: Rocky Helmet|[of] p2a: Toxapex
|
|upkeep
|turn|16
|
|t:|1641813134
|move|p2a: Toxapex|Haze|p2a: Toxapex
|-clearallboost
|move|p1a: Melmetal|Thunder Punch|p2a: Toxapex
|-supereffective|p2a: Toxapex
|-damage|p2a: Toxapex|45/100
|-damage|p1a: Melmetal|27/100|[from] item: Rocky Helmet|[of] p2a: Toxapex
|
|upkeep
|turn|17
|
|t:|1641813141
|move|p2a: Toxapex|Recover|p2a: Toxapex
|-heal|p2a: Toxapex|95/100
|move|p1a: Melmetal|Thunder Punch|p2a: Toxapex
|-supereffective|p2a: Toxapex
|-damage|p2a: Toxapex|54/100
|-damage|p1a: Melmetal|10/100|[from] item: Rocky Helmet|[of] p2a: Toxapex
|
|upkeep
|turn|18
|
|t:|1641813148
|move|p2a: Toxapex|Recover|p2a: Toxapex
|-heal|p2a: Toxapex|100/100
|move|p1a: Melmetal|Thunder Punch|p2a: Toxapex
|-supereffective|p2a: Toxapex
|-damage|p2a: Toxapex|66/100
|-damage|p1a: Melmetal|0 fnt|[from] item: Rocky Helmet|[of] p2a: Toxapex
|faint|p1a: Melmetal
|
|upkeep
|
|t:|1641813164
|switch|p1a: Metagross|Metagross|100/100
|turn|19
|
|t:|1641813168
|move|p1a: Metagross|Psycho Cut|p2a: Toxapex
|-supereffective|p2a: Toxapex
|-damage|p2a: Toxapex|16/100
|move|p2a: Toxapex|Knock Off|p1a: Metagross
|-supereffective|p1a: Metagross
|-damage|p1a: Metagross|88/100
|
|upkeep
|turn|20
|
|t:|1641813179
|switch|p2a: Corviknight|Corviknight, F|100/100
|-ability|p2a: Corviknight|Pressure
|move|p1a: Metagross|Bullet Punch|p2a: Corviknight
|-resisted|p2a: Corviknight
|-damage|p2a: Corviknight|93/100
|
|-heal|p2a: Corviknight|99/100|[from] item: Leftovers
|upkeep
|turn|21
|
|t:|1641813188
|move|p1a: Metagross|Ice Punch|p2a: Corviknight
|-damage|p2a: Corviknight|81/100
|move|p2a: Corviknight|U-turn|p1a: Metagross
|-damage|p1a: Metagross|79/100
|
|t:|1641813194
|switch|p2a: Terrakion|Terrakion|83/100|[from]move: U-turn
|
|upkeep
|turn|22
|
|t:|1641813209
|move|p2a: Terrakion|Earthquake|p1a: Metagross
|-supereffective|p1a: Metagross
|-damage|p1a: Metagross|0 fnt
|faint|p1a: Metagross
|
|upkeep
|
|t:|1641813213
|switch|p1a: Scizor|Scizor, M|100/100
|turn|23
|
|t:|1641813226
|switch|p2a: Toxapex|Toxapex, F|49/100
|move|p1a: Scizor|Swords Dance|p1a: Scizor
|-boost|p1a: Scizor|atk|2
|
|upkeep
|turn|24
|
|t:|1641813238
|move|p1a: Scizor|Swords Dance|p1a: Scizor
|-boost|p1a: Scizor|atk|2
|move|p2a: Toxapex|Haze|p2a: Toxapex
|-clearallboost
|
|upkeep
|turn|25
|
|t:|1641813257
|move|p1a: Scizor|X-Scissor|p2a: Toxapex
|-resisted|p2a: Toxapex
|-damage|p2a: Toxapex|37/100
|-damage|p1a: Scizor|84/100|[from] item: Rocky Helmet|[of] p2a: Toxapex
|move|p2a: Toxapex|Recover|p2a: Toxapex
|-heal|p2a: Toxapex|87/100
|
|upkeep
|turn|26
|
|t:|1641813263
|move|p1a: Scizor|Swords Dance|p1a: Scizor
|-boost|p1a: Scizor|atk|2
|move|p2a: Toxapex|Knock Off|p1a: Scizor
|-damage|p1a: Scizor|68/100
|-enditem|p1a: Scizor|Focus Sash|[from] move: Knock Off|[of] p2a: Toxapex
|
|upkeep
|turn|27
|
|t:|1641813272
|move|p1a: Scizor|Bullet Punch|p2a: Toxapex
|-resisted|p2a: Toxapex
|-damage|p2a: Toxapex|70/100
|-damage|p1a: Scizor|51/100|[from] item: Rocky Helmet|[of] p2a: Toxapex
|move|p2a: Toxapex|Haze|p2a: Toxapex
|-clearallboost
|
|upkeep
|turn|28
|
|t:|1641813298
|switch|p2a: Dragonite|Dragonite, M|100/100
|move|p1a: Scizor|X-Scissor|p2a: Dragonite
|-resisted|p2a: Dragonite
|-damage|p2a: Dragonite|92/100
|
|upkeep
|turn|29
|
|t:|1641813316
|move|p1a: Scizor|Roost|p1a: Scizor
|-heal|p1a: Scizor|100/100
|-singleturn|p1a: Scizor|move: Roost
|move|p2a: Dragonite|Dragon Dance|p2a: Dragonite
|-boost|p2a: Dragonite|atk|1
|-boost|p2a: Dragonite|spe|1
|
|upkeep
|turn|30
|inactive|Hfvffhrdguy has 120 seconds left.
|
|t:|1641813336
|move|p2a: Dragonite|Dual Wingbeat|p1a: Scizor
|-damage|p1a: Scizor|63/100
|-damage|p1a: Scizor|26/100
|-hitcount|p1a: Scizor|2
|move|p1a: Scizor|Swords Dance|p1a: Scizor
|-boost|p1a: Scizor|atk|2
|
|upkeep
|turn|31
|inactive|Hfvffhrdguy has 120 seconds left.
|
|t:|1641813347
|move|p1a: Scizor|Bullet Punch|p2a: Dragonite
|-damage|p2a: Dragonite|42/100
|move|p2a: Dragonite|Dual Wingbeat|p1a: Scizor
|-damage|p1a: Scizor|0 fnt
|faint|p1a: Scizor
|-hitcount|p1: Scizor|1
|
|upkeep
|
|t:|1641813352
|switch|p1a: Bisharp|Bisharp, M|100/100
|turn|32
|
|t:|1641813371
|move|p2a: Dragonite|Earthquake|p1a: Bisharp
|-supereffective|p1a: Bisharp
|-enditem|p1a: Bisharp|Focus Sash
|-damage|p1a: Bisharp|1/100
|move|p1a: Bisharp|Foul Play|p2a: Dragonite
|-damage|p2a: Dragonite|0 fnt
|faint|p2a: Dragonite
|
|upkeep
|
|t:|1641813381
|switch|p2a: Weavile|Weavile, M|100/100
|-ability|p2a: Weavile|Pressure
|turn|33
|
|t:|1641813395
|move|p2a: Weavile|Ice Shard|p1a: Bisharp
|-resisted|p1a: Bisharp
|-damage|p1a: Bisharp|0 fnt
|faint|p1a: Bisharp
|
|win|Hfvffhrdguy
|raw|TuCabrito's rating: 1000 &rarr; <strong>1000</strong><br />(+0 for losing)
|raw|Hfvffhrdguy's rating: 1000 &rarr; <strong>1040</strong><br />(+40 for winning)
|l|☆TuCabrito
