|j|☆MimikyuMoon
|j|☆ez clapss
|t:|1641780388
|gametype|singles
|player|p1|MimikyuMoon|lady-gen4|1318
|player|p2|ez clapss|170|1314
|teamsize|p1|6
|teamsize|p2|6
|gen|8
|tier|[Gen 8] OU
|rated|
|rule|Sleep Clause Mod: Limit one foe put to sleep
|rule|Species Clause: Limit one of each Pokémon
|rule|OHKO Clause: OHKO moves are banned
|rule|Evasion Moves Clause: Evasion moves are banned
|rule|Endless Battle Clause: Forcing endless battles is banned
|rule|HP Percentage Mod: HP is shown in percentages
|rule|Dynamax Clause: You cannot dynamax
|clearpoke
|poke|p1|Krookodile, F|
|poke|p1|Gyarados, M|
|poke|p1|Kommo-o, F|
|poke|p1|Moltres-Galar|
|poke|p1|Scizor, F|
|poke|p1|Celesteela|
|poke|p2|Entei|
|poke|p2|Barraskewda, F|
|poke|p2|Thundurus-Therian, M|
|poke|p2|Ferrothorn, F|
|poke|p2|Tentacruel, F|
|poke|p2|Pelipper, M|
|teampreview
|inactive|Battle timer is ON: inactive players will automatically lose when time's up. (requested by MimikyuMoon)
|
|t:|1641780402
|start
|switch|p1a: Krookodile|Krookodile, F|100/100
|switch|p2a: Pelipper|Pelipper, M|100/100
|-ability|p1a: Krookodile|Intimidate|boost
|-unboost|p2a: Pelipper|atk|1
|-weather|RainDance|[from] ability: Drizzle|[of] p2a: Pelipper
|turn|1
|
|t:|1641780423
|move|p1a: Krookodile|Stealth Rock|p2a: Pelipper
|-sidestart|p2: ez clapss|move: Stealth Rock
|move|p2a: Pelipper|Scald|p1a: Krookodile
|-supereffective|p1a: Krookodile
|-enditem|p1a: Krookodile|Focus Sash
|-damage|p1a: Krookodile|1/100
|-status|p1a: Krookodile|brn
|
|-weather|RainDance|[upkeep]
|-damage|p1a: Krookodile|0 fnt|[from] brn
|faint|p1a: Krookodile
|upkeep
|
|t:|1641780440
|switch|p1a: Celesteela|Celesteela|100/100
|turn|2
|
|t:|1641780447
|move|p2a: Pelipper|U-turn|p1a: Celesteela
|-resisted|p1a: Celesteela
|-damage|p1a: Celesteela|99/100
|
|t:|1641780456
|switch|p2a: Thundurus|Thundurus-Therian, M|100/100|[from]move: U-turn
|move|p1a: Celesteela|Leech Seed|p2a: Thundurus
|-start|p2a: Thundurus|move: Leech Seed
|
|-weather|RainDance|[upkeep]
|-heal|p1a: Celesteela|100/100|[from] item: Leftovers
|-damage|p2a: Thundurus|88/100|[from] Leech Seed|[of] p1a: Celesteela
|upkeep
|turn|3
|
|t:|1641780464
|move|p1a: Celesteela|Protect|p1a: Celesteela
|-singleturn|p1a: Celesteela|Protect
|move|p2a: Thundurus|Thunder|p1a: Celesteela
|-activate|p1a: Celesteela|move: Protect
|
|-weather|RainDance|[upkeep]
|-damage|p2a: Thundurus|76/100|[from] Leech Seed|[of] p1a: Celesteela
|upkeep
|turn|4
|
|t:|1641780471
|move|p1a: Celesteela|Protect|p1a: Celesteela
|-singleturn|p1a: Celesteela|Protect
|move|p2a: Thundurus|Thunder|p1a: Celesteela
|-activate|p1a: Celesteela|move: Protect
|
|-weather|RainDance|[upkeep]
|-damage|p2a: Thundurus|63/100|[from] Leech Seed|[of] p1a: Celesteela
|upkeep
|turn|5
|
|t:|1641780477
|move|p2a: Thundurus|Thunder|p1a: Celesteela
|-supereffective|p1a: Celesteela
|-damage|p1a: Celesteela|22/100
|move|p1a: Celesteela|Heavy Slam|p2a: Thundurus
|-resisted|p2a: Thundurus
|-damage|p2a: Thundurus|30/100
|
|-weather|RainDance|[upkeep]
|-heal|p1a: Celesteela|28/100|[from] item: Leftovers
|-damage|p2a: Thundurus|18/100|[from] Leech Seed|[of] p1a: Celesteela
|-heal|p1a: Celesteela|37/100|[silent]
|upkeep
|turn|6
|
|t:|1641780483
|switch|p2a: Barraskewda|Barraskewda, F|100/100
|-damage|p2a: Barraskewda|88/100|[from] Stealth Rock
|move|p1a: Celesteela|Protect||[still]
|-fail|p1a: Celesteela
|
|-weather|RainDance|[upkeep]
|-heal|p1a: Celesteela|43/100|[from] item: Leftovers
|upkeep
|turn|7
|
|t:|1641780486
|move|p1a: Celesteela|Protect|p1a: Celesteela
|-singleturn|p1a: Celesteela|Protect
|move|p2a: Barraskewda|Liquidation|p1a: Celesteela
|-activate|p1a: Celesteela|move: Protect
|
|-weather|RainDance|[upkeep]
|-heal|p1a: Celesteela|49/100|[from] item: Leftovers
|upkeep
|turn|8
|
|t:|1641780491
|move|p2a: Barraskewda|Liquidation|p1a: Celesteela
|-damage|p1a: Celesteela|0 fnt
|faint|p1a: Celesteela
|
|-weather|none
|upkeep
|
|t:|1641780497
|switch|p1a: Kommo-o|Kommo-o, F|100/100
|turn|9
|
|t:|1641780504
|switch|p2a: Pelipper|Pelipper, M|100/100
|-damage|p2a: Pelipper|76/100|[from] Stealth Rock
|-weather|RainDance|[from] ability: Drizzle|[of] p2a: Pelipper
|move|p1a: Kommo-o|Clangorous Soul|p1a: Kommo-o
|-boost|p1a: Kommo-o|atk|1
|-boost|p1a: Kommo-o|def|1
|-boost|p1a: Kommo-o|spa|1
|-boost|p1a: Kommo-o|spd|1
|-boost|p1a: Kommo-o|spe|1
|-damage|p1a: Kommo-o|68/100
|-enditem|p1a: Kommo-o|Throat Spray
|-boost|p1a: Kommo-o|spa|1|[from] item: Throat Spray
|
|-weather|RainDance|[upkeep]
|upkeep
|turn|10
|
|t:|1641780509
|move|p1a: Kommo-o|Clanging Scales|p2a: Pelipper
|-damage|p2a: Pelipper|0 fnt
|faint|p2a: Pelipper
|-unboost|p1a: Kommo-o|def|1
|
|-weather|RainDance|[upkeep]
|upkeep
|
|t:|1641780521
|switch|p2a: Tentacruel|Tentacruel, F|100/100
|-damage|p2a: Tentacruel|88/100|[from] Stealth Rock
|turn|11
|
|t:|1641780525
|move|p2a: Tentacruel|Ice Beam|p1a: Kommo-o
|-supereffective|p1a: Kommo-o
|-damage|p1a: Kommo-o|36/100
|move|p1a: Kommo-o|Clanging Scales|p2a: Tentacruel
|-damage|p2a: Tentacruel|0 fnt
|faint|p2a: Tentacruel
|-unboost|p1a: Kommo-o|def|1
|
|-weather|RainDance|[upkeep]
|upkeep
|
|t:|1641780530
|switch|p2a: Barraskewda|Barraskewda, F|88/100
|-damage|p2a: Barraskewda|76/100|[from] Stealth Rock
|turn|12
|
|t:|1641780540
|move|p2a: Barraskewda|Liquidation|p1a: Kommo-o
|-resisted|p1a: Kommo-o
|-damage|p1a: Kommo-o|0 fnt
|faint|p1a: Kommo-o
|
|-weather|RainDance|[upkeep]
|upkeep
|
|t:|1641780543
|switch|p1a: Gyarados|Gyarados, M|100/100
|turn|13
|
|t:|1641780549
|switch|p2a: Ferrothorn|Ferrothorn, F|100/100
|-damage|p2a: Ferrothorn|94/100|[from] Stealth Rock
|move|p1a: Gyarados|Dragon Dance|p1a: Gyarados
|-boost|p1a: Gyarados|atk|1
|-boost|p1a: Gyarados|spe|1
|
|-weather|RainDance|[upkeep]
|upkeep
|turn|14
|
|t:|1641780557
|move|p1a: Gyarados|Bounce||[still]
|-prepare|p1a: Gyarados|Bounce
|move|p2a: Ferrothorn|Knock Off|p1a: Gyarados|[miss]
|-miss|p2a: Ferrothorn|p1a: Gyarados
|
|-weather|RainDance|[upkeep]
|upkeep
|turn|15
|
|t:|1641780561
|move|p1a: Gyarados|Bounce|p2a: Ferrothorn|[from]lockedmove
|-damage|p2a: Ferrothorn|58/100
|-damage|p1a: Gyarados|88/100|[from] ability: Iron Barbs|[of] p2a: Ferrothorn
|-damage|p1a: Gyarados|71/100|[from] item: Rocky Helmet|[of] p2a: Ferrothorn
|move|p2a: Ferrothorn|Knock Off|p1a: Gyarados
|-damage|p1a: Gyarados|47/100
|-enditem|p1a: Gyarados|Lum Berry|[from] move: Knock Off|[of] p2a: Ferrothorn
|
|-weather|RainDance|[upkeep]
|upkeep
|turn|16
|
|t:|1641780570
|move|p1a: Gyarados|Bounce||[still]
|-prepare|p1a: Gyarados|Bounce
|move|p2a: Ferrothorn|Stealth Rock|p1a: Gyarados
|-sidestart|p1: MimikyuMoon|move: Stealth Rock
|
|-weather|none
|upkeep
|turn|17
|
|t:|1641780575
|move|p1a: Gyarados|Bounce|p2a: Ferrothorn|[from]lockedmove
|-damage|p2a: Ferrothorn|19/100
|-status|p2a: Ferrothorn|par
|-damage|p1a: Gyarados|35/100|[from] ability: Iron Barbs|[of] p2a: Ferrothorn
|-damage|p1a: Gyarados|18/100|[from] item: Rocky Helmet|[of] p2a: Ferrothorn
|move|p2a: Ferrothorn|Knock Off|p1a: Gyarados
|-damage|p1a: Gyarados|1/100
|
|upkeep
|turn|18
|
|t:|1641780581
|move|p1a: Gyarados|Bounce||[still]
|-prepare|p1a: Gyarados|Bounce
|cant|p2a: Ferrothorn|par
|
|upkeep
|turn|19
|
|t:|1641780583
|move|p1a: Gyarados|Bounce|p2a: Ferrothorn|[from]lockedmove
|-damage|p2a: Ferrothorn|0 fnt
|-damage|p1a: Gyarados|0 fnt|[from] ability: Iron Barbs|[of] p2a: Ferrothorn
|faint|p2a: Ferrothorn
|faint|p1a: Gyarados
|
|upkeep
|
|t:|1641780590
|switch|p1a: Scizor|Scizor, F|100/100
|switch|p2a: Entei|Entei|100/100
|-ability|p2a: Entei|Pressure
|-damage|p1a: Scizor|88/100|[from] Stealth Rock
|turn|20
|
|t:|1641780595
|move|p1a: Scizor|Quick Attack|p2a: Entei
|-damage|p2a: Entei|71/100
|-damage|p1a: Scizor|78/100|[from] item: Life Orb
|move|p2a: Entei|Lava Plume|p1a: Scizor
|-supereffective|p1a: Scizor
|-damage|p1a: Scizor|0 fnt
|faint|p1a: Scizor
|
|upkeep
|
|t:|1641780597
|switch|p1a: Moltres|Moltres-Galar|100/100
|-damage|p1a: Moltres|76/100|[from] Stealth Rock
|turn|21
|
|t:|1641780601
|move|p2a: Entei|Lava Plume|p1a: Moltres
|-damage|p1a: Moltres|46/100
|-ability|p1a: Moltres|Berserk|boost
|-boost|p1a: Moltres|spa|1
|move|p1a: Moltres|Agility|p1a: Moltres
|-boost|p1a: Moltres|spe|2
|
|upkeep
|turn|22
|
|t:|1641780605
|move|p1a: Moltres|Fiery Wrath|p2a: Entei
|-damage|p2a: Entei|0 fnt
|faint|p2a: Entei
|
|upkeep
|
|t:|1641780610
|switch|p2a: Thundurus|Thundurus-Therian, M|18/100
|turn|23
|
|t:|1641780613
|move|p1a: Moltres|Fiery Wrath|p2a: Thundurus
|-damage|p2a: Thundurus|0 fnt
|faint|p2a: Thundurus
|
|upkeep
|
|t:|1641780615
|switch|p2a: Barraskewda|Barraskewda, F|76/100
|-damage|p2a: Barraskewda|64/100|[from] Stealth Rock
|turn|24
|
|t:|1641780618
|move|p1a: Moltres|Fiery Wrath|p2a: Barraskewda
|-damage|p2a: Barraskewda|0 fnt
|faint|p2a: Barraskewda
|
|win|MimikyuMoon
|raw|MimikyuMoon's rating: 1318 &rarr; <strong>1338</strong><br />(+20 for winning)
|raw|ez clapss's rating: 1314 &rarr; <strong>1294</strong><br />(-20 for losing)
|c|☆MimikyuMoon|ggs
|l|☆ez clapss
