|j|☆JocularMango
|j|☆shagohod crew
|t:|1641865160
|gametype|singles
|player|p1|JocularMango|170|1522
|player|p2|shagohod crew|170|1459
|teamsize|p1|6
|teamsize|p2|6
|gen|8
|tier|[Gen 8] OU
|rated|
|rule|Sleep Clause Mod: Limit one foe put to sleep
|rule|Species Clause: Limit one of each Pokémon
|rule|OHKO Clause: OHKO moves are banned
|rule|Evasion Moves Clause: Evasion moves are banned
|rule|Endless Battle Clause: Forcing endless battles is banned
|rule|HP Percentage Mod: HP is shown in percentages
|rule|Dynamax Clause: You cannot dynamax
|clearpoke
|poke|p1|Keldeo-Resolute|
|poke|p1|Regieleki|
|poke|p1|Zapdos-Galar|
|poke|p1|Garchomp, F|
|poke|p1|Heatran, M|
|poke|p1|Rillaboom, F|
|poke|p2|Weavile, M|
|poke|p2|Tapu Fini|
|poke|p2|Mamoswine, F|
|poke|p2|Garchomp, F|
|poke|p2|Urshifu-*, F|
|poke|p2|Zapdos|
|teampreview
|
|t:|1641865168
|start
|switch|p1a: Keldeo|Keldeo-Resolute|100/100
|switch|p2a: Mamoswine|Mamoswine, F|100/100
|turn|1
|
|t:|1641865172
|move|p1a: Keldeo|Surf|p2a: Mamoswine
|-supereffective|p2a: Mamoswine
|-enditem|p2a: Mamoswine|Focus Sash
|-damage|p2a: Mamoswine|1/100
|move|p2a: Mamoswine|Earthquake|p1a: Keldeo
|-damage|p1a: Keldeo|38/100
|
|upkeep
|turn|2
|
|t:|1641865178
|switch|p2a: Tapu Fini|Tapu Fini|100/100
|-fieldstart|move: Misty Terrain|[from] ability: Misty Surge|[of] p2a: Tapu Fini
|move|p1a: Keldeo|Surf|p2a: Tapu Fini
|-resisted|p2a: Tapu Fini
|-damage|p2a: Tapu Fini|68/100
|
|upkeep
|turn|3
|
|t:|1641865183
|switch|p1a: Rillaboom|Rillaboom, F|100/100
|-fieldstart|move: Grassy Terrain|[from] ability: Grassy Surge|[of] p1a: Rillaboom
|move|p2a: Tapu Fini|Moonblast|p1a: Rillaboom
|-damage|p1a: Rillaboom|49/100
|
|-heal|p2a: Tapu Fini|74/100|[from] Grassy Terrain
|-heal|p1a: Rillaboom|55/100|[from] Grassy Terrain
|upkeep
|turn|4
|
|t:|1641865189
|switch|p2a: Zapdos|Zapdos|100/100
|-ability|p2a: Zapdos|Pressure
|move|p1a: Rillaboom|Knock Off|p2a: Zapdos
|-damage|p2a: Zapdos|64/100
|-enditem|p2a: Zapdos|Heavy-Duty Boots|[from] move: Knock Off|[of] p1a: Rillaboom
|-damage|p1a: Rillaboom|45/100|[from] item: Life Orb
|
|-heal|p1a: Rillaboom|51/100|[from] Grassy Terrain
|upkeep
|turn|5
|
|t:|1641865196
|switch|p1a: Garchomp|Garchomp, F|100/100
|move|p2a: Zapdos|Roost|p2a: Zapdos
|-heal|p2a: Zapdos|100/100
|-singleturn|p2a: Zapdos|move: Roost
|
|upkeep
|turn|6
|
|t:|1641865204
|switch|p2a: Weavile|Weavile, M|100/100
|-ability|p2a: Weavile|Pressure
|move|p1a: Garchomp|Stealth Rock|p2a: Weavile
|-sidestart|p2: shagohod crew|move: Stealth Rock
|
|upkeep
|turn|7
|
|t:|1641865214
|move|p2a: Weavile|Knock Off|p1a: Garchomp
|-damage|p1a: Garchomp|58/100
|-damage|p2a: Weavile|88/100|[from] ability: Rough Skin|[of] p1a: Garchomp
|-damage|p2a: Weavile|71/100|[from] item: Rocky Helmet|[of] p1a: Garchomp
|-enditem|p1a: Garchomp|Rocky Helmet|[from] move: Knock Off|[of] p2a: Weavile
|move|p1a: Garchomp|Earthquake|p2a: Weavile
|-damage|p2a: Weavile|35/100
|
|-heal|p2a: Weavile|41/100|[from] Grassy Terrain
|-heal|p1a: Garchomp|64/100|[from] Grassy Terrain
|-fieldend|move: Grassy Terrain
|upkeep
|turn|8
|
|t:|1641865224
|move|p2a: Weavile|Knock Off|p1a: Garchomp
|-damage|p1a: Garchomp|37/100
|-damage|p2a: Weavile|29/100|[from] ability: Rough Skin|[of] p1a: Garchomp
|move|p1a: Garchomp|Earthquake|p2a: Weavile
|-damage|p2a: Weavile|0 fnt
|faint|p2a: Weavile
|
|upkeep
|
|t:|1641865240
|switch|p2a: Urshifu|Urshifu-Rapid-Strike, F|100/100
|-damage|p2a: Urshifu|94/100|[from] Stealth Rock
|turn|9
|
|t:|1641865244
|move|p2a: Urshifu|Surging Strikes|p1a: Garchomp
|-crit|p1a: Garchomp
|-damage|p1a: Garchomp|20/100
|-damage|p2a: Urshifu|82/100|[from] ability: Rough Skin|[of] p1a: Garchomp
|-crit|p1a: Garchomp
|-damage|p1a: Garchomp|2/100
|-damage|p2a: Urshifu|70/100|[from] ability: Rough Skin|[of] p1a: Garchomp
|-crit|p1a: Garchomp
|-damage|p1a: Garchomp|0 fnt
|-damage|p2a: Urshifu|58/100|[from] ability: Rough Skin|[of] p1a: Garchomp
|faint|p1a: Garchomp
|-hitcount|p1: Garchomp|3
|
|upkeep
|
|t:|1641865249
|switch|p1a: Rillaboom|Rillaboom, F|51/100
|-fieldstart|move: Grassy Terrain|[from] ability: Grassy Surge|[of] p1a: Rillaboom
|turn|10
|
|t:|1641865255
|switch|p2a: Zapdos|Zapdos|100/100
|-damage|p2a: Zapdos|75/100|[from] Stealth Rock
|-ability|p2a: Zapdos|Pressure
|switch|p1a: Heatran|Heatran, M|100/100
|
|upkeep
|turn|11
|
|t:|1641865265
|move|p2a: Zapdos|Defog|p1a: Heatran
|-unboost|p1a: Heatran|evasion|1
|-sideend|p2: shagohod crew|Stealth Rock|[from] move: Defog|[of] p2a: Zapdos
|-fieldend|move: Grassy Terrain
|move|p1a: Heatran|Toxic|p2a: Zapdos
|-status|p2a: Zapdos|tox
|
|-damage|p2a: Zapdos|69/100 tox|[from] psn
|upkeep
|turn|12
|
|t:|1641865271
|switch|p2a: Mamoswine|Mamoswine, F|1/100
|move|p1a: Heatran|Magma Storm|p2a: Mamoswine
|-supereffective|p2a: Mamoswine
|-damage|p2a: Mamoswine|0 fnt
|faint|p2a: Mamoswine
|
|upkeep
|
|t:|1641865274
|switch|p2a: Garchomp|Garchomp, F|100/100
|turn|13
|
|t:|1641865279
|move|p2a: Garchomp|Swords Dance|p2a: Garchomp
|-boost|p2a: Garchomp|atk|2
|move|p1a: Heatran|Toxic|p2a: Garchomp
|-status|p2a: Garchomp|tox
|
|-damage|p2a: Garchomp|94/100 tox|[from] psn
|upkeep
|turn|14
|
|t:|1641865285
|switch|p1a: Zapdos|Zapdos-Galar|100/100
|move|p2a: Garchomp|Scale Shot|p1a: Zapdos
|-damage|p1a: Zapdos|63/100
|-damage|p1a: Zapdos|25/100
|-damage|p1a: Zapdos|0 fnt
|faint|p1a: Zapdos
|-hitcount|p1: Zapdos|3
|-unboost|p2a: Garchomp|def|1
|-boost|p2a: Garchomp|spe|1
|-damage|p2a: Garchomp|85/100 tox|[from] item: Life Orb
|
|-damage|p2a: Garchomp|72/100 tox|[from] psn
|upkeep
|
|t:|1641865294
|switch|p1a: Rillaboom|Rillaboom, F|51/100
|-fieldstart|move: Grassy Terrain|[from] ability: Grassy Surge|[of] p1a: Rillaboom
|turn|15
|
|t:|1641865315
|switch|p2a: Zapdos|Zapdos|69/100 tox
|-ability|p2a: Zapdos|Pressure
|move|p1a: Rillaboom|Grassy Glide|p2a: Zapdos
|-resisted|p2a: Zapdos
|-damage|p2a: Zapdos|42/100 tox
|-damage|p1a: Rillaboom|41/100|[from] item: Life Orb
|
|-heal|p1a: Rillaboom|47/100|[from] Grassy Terrain
|-damage|p2a: Zapdos|36/100 tox|[from] psn
|upkeep
|turn|16
|
|t:|1641865324
|switch|p1a: Heatran|Heatran, M|100/100
|move|p2a: Zapdos|Roost|p2a: Zapdos
|-heal|p2a: Zapdos|86/100 tox
|-singleturn|p2a: Zapdos|move: Roost
|
|-heal|p2a: Zapdos|92/100 tox|[from] Grassy Terrain
|-damage|p2a: Zapdos|80/100 tox|[from] psn
|upkeep
|turn|17
|
|t:|1641865329
|switch|p2a: Urshifu|Urshifu-Rapid-Strike, F|58/100
|switch|p1a: Rillaboom|Rillaboom, F|47/100
|
|-heal|p2a: Urshifu|64/100|[from] Grassy Terrain
|-heal|p1a: Rillaboom|53/100|[from] Grassy Terrain
|upkeep
|turn|18
|
|t:|1641865341
|switch|p1a: Keldeo|Keldeo-Resolute|38/100
|move|p2a: Urshifu|Surging Strikes|p1a: Keldeo
|-resisted|p1a: Keldeo
|-crit|p1a: Keldeo
|-damage|p1a: Keldeo|21/100
|-resisted|p1a: Keldeo
|-crit|p1a: Keldeo
|-damage|p1a: Keldeo|4/100
|-resisted|p1a: Keldeo
|-crit|p1a: Keldeo
|-damage|p1a: Keldeo|0 fnt
|faint|p1a: Keldeo
|-hitcount|p1: Keldeo|3
|
|-heal|p2a: Urshifu|70/100|[from] Grassy Terrain
|upkeep
|
|t:|1641865343
|switch|p1a: Regieleki|Regieleki|100/100
|turn|19
|
|t:|1641865354
|switch|p1a: Heatran|Heatran, M|100/100
|move|p2a: Urshifu|Surging Strikes|p1a: Heatran
|-supereffective|p1a: Heatran
|-crit|p1a: Heatran
|-damage|p1a: Heatran|52/100
|-supereffective|p1a: Heatran
|-crit|p1a: Heatran
|-damage|p1a: Heatran|0 fnt
|faint|p1a: Heatran
|-hitcount|p1: Heatran|2
|
|-heal|p2a: Urshifu|76/100|[from] Grassy Terrain
|-fieldend|move: Grassy Terrain
|upkeep
|
|t:|1641865356
|switch|p1a: Regieleki|Regieleki|100/100
|turn|20
|
|t:|1641865363
|switch|p1a: Rillaboom|Rillaboom, F|53/100
|-fieldstart|move: Grassy Terrain|[from] ability: Grassy Surge|[of] p1a: Rillaboom
|switch|p2a: Garchomp|Garchomp, F|72/100 tox
|
|-heal|p2a: Garchomp|78/100 tox|[from] Grassy Terrain
|-heal|p1a: Rillaboom|59/100|[from] Grassy Terrain
|-damage|p2a: Garchomp|72/100 tox|[from] psn
|upkeep
|turn|21
|
|t:|1641865373
|switch|p2a: Zapdos|Zapdos|80/100 tox
|-ability|p2a: Zapdos|Pressure
|move|p1a: Rillaboom|Swords Dance|p1a: Rillaboom
|-boost|p1a: Rillaboom|atk|2
|
|-heal|p1a: Rillaboom|66/100|[from] Grassy Terrain
|-damage|p2a: Zapdos|74/100 tox|[from] psn
|upkeep
|turn|22
|
|t:|1641865380
|move|p1a: Rillaboom|Swords Dance|p1a: Rillaboom
|-boost|p1a: Rillaboom|atk|2
|move|p2a: Zapdos|Hurricane|p1a: Rillaboom
|-supereffective|p1a: Rillaboom
|-damage|p1a: Rillaboom|0 fnt
|faint|p1a: Rillaboom
|
|-damage|p2a: Zapdos|61/100 tox|[from] psn
|upkeep
|l|☆JocularMango
|player|p1|
|c|☆shagohod crew|gg
|inactive|Battle timer is ON: inactive players will automatically lose when time's up. (requested by shagohod crew)
|inactive|JocularMango has 30 seconds to reconnect!
|inactive|JocularMango has 20 seconds to reconnect!
|inactive|JocularMango has 15 seconds to reconnect!
|inactive|JocularMango has 10 seconds to reconnect!
|inactive|JocularMango has 5 seconds to reconnect!
|-message|JocularMango lost due to inactivity.
|
|win|shagohod crew
|raw|JocularMango's rating: 1522 &rarr; <strong>1498</strong><br />(-24 for losing)
|raw|shagohod crew's rating: 1459 &rarr; <strong>1483</strong><br />(+24 for winning)
