|j|☆DumbLick1337
|j|☆notreallymorgan
|t:|1641837294
|gametype|singles
|player|p1|DumbLick1337|102|1329
|player|p2|notreallymorgan|266|1279
|teamsize|p1|6
|teamsize|p2|6
|gen|8
|tier|[Gen 8] OU
|rated|
|rule|Sleep Clause Mod: Limit one foe put to sleep
|rule|Species Clause: Limit one of each Pokémon
|rule|OHKO Clause: OHKO moves are banned
|rule|Evasion Moves Clause: Evasion moves are banned
|rule|Endless Battle Clause: Forcing endless battles is banned
|rule|HP Percentage Mod: HP is shown in percentages
|rule|Dynamax Clause: You cannot dynamax
|clearpoke
|poke|p1|Clefable, M|
|poke|p1|Corviknight, F|
|poke|p1|Hydreigon, F|
|poke|p1|Rotom-Wash|
|poke|p1|Hippowdon, F|
|poke|p1|Excadrill, M|
|poke|p2|Mew|
|poke|p2|Salamence, M|
|poke|p2|Togekiss, M|
|poke|p2|Volcarona, M|
|poke|p2|Ferrothorn, M|
|poke|p2|Weavile, M|
|teampreview
|
|t:|1641837297
|start
|switch|p1a: Hippowdon|Hippowdon, F|100/100
|switch|p2a: Blue Waffl3|Mew, shiny|100/100
|-weather|Sandstorm|[from] ability: Sand Stream|[of] p1a: Hippowdon
|turn|1
|c|☆DumbLick1337|hf
|inactive|Battle timer is ON: inactive players will automatically lose when time's up. (requested by DumbLick1337)
|
|t:|1641837303
|move|p2a: Blue Waffl3|Trick|p1a: Hippowdon
|-activate|p2a: Blue Waffl3|move: Trick|[of] p1a: Hippowdon
|-item|p1a: Hippowdon|Choice Specs|[from] move: Trick
|-item|p2a: Blue Waffl3|Smooth Rock|[from] move: Trick
|move|p1a: Hippowdon|Earthquake|p2a: Blue Waffl3
|-damage|p2a: Blue Waffl3|67/100
|
|-weather|Sandstorm|[upkeep]
|-damage|p2a: Blue Waffl3|61/100|[from] Sandstorm
|upkeep
|turn|2
|
|t:|1641837312
|switch|p1a: Clefable|Clefable, M|100/100
|move|p2a: Blue Waffl3|Will-O-Wisp|p1a: Clefable
|-status|p1a: Clefable|brn
|
|-weather|Sandstorm|[upkeep]
|-damage|p2a: Blue Waffl3|54/100|[from] Sandstorm
|upkeep
|turn|3
|
|t:|1641837320
|move|p2a: Blue Waffl3|Taunt|p1a: Clefable
|-start|p1a: Clefable|move: Taunt
|move|p1a: Clefable|Thunderbolt|p2a: Blue Waffl3
|-damage|p2a: Blue Waffl3|22/100
|
|-weather|Sandstorm|[upkeep]
|-damage|p2a: Blue Waffl3|16/100|[from] Sandstorm
|upkeep
|turn|4
|
|t:|1641837327
|move|p2a: Blue Waffl3|Psychic|p1a: Clefable
|-crit|p1a: Clefable
|-damage|p1a: Clefable|52/100 brn
|move|p1a: Clefable|Moonblast|p2a: Blue Waffl3
|-damage|p2a: Blue Waffl3|0 fnt
|faint|p2a: Blue Waffl3
|
|-weather|Sandstorm|[upkeep]
|upkeep
|
|t:|1641837335
|switch|p2a: Togekiss|Togekiss, M, shiny|100/100
|turn|5
|
|t:|1641837338
|move|p2a: Togekiss|Air Slash|p1a: Clefable
|-damage|p1a: Clefable|10/100 brn
|cant|p1a: Clefable|flinch
|
|-weather|Sandstorm|[upkeep]
|-damage|p2a: Togekiss|94/100|[from] Sandstorm
|-end|p1a: Clefable|move: Taunt
|upkeep
|turn|6
|
|t:|1641837345
|switch|p1a: rotomwash|Rotom-Wash|100/100
|move|p2a: Togekiss|Air Slash|p1a: rotomwash
|-resisted|p1a: rotomwash
|-damage|p1a: rotomwash|78/100
|
|-weather|Sandstorm|[upkeep]
|-damage|p1a: rotomwash|72/100|[from] Sandstorm
|-damage|p2a: Togekiss|88/100|[from] Sandstorm
|upkeep
|turn|7
|
|t:|1641837352
|switch|p1a: Corviknight|Corviknight, F|100/100
|-ability|p1a: Corviknight|Pressure
|move|p2a: Togekiss|Air Slash|p1a: Corviknight
|-resisted|p1a: Corviknight
|-damage|p1a: Corviknight|82/100
|
|-weather|Sandstorm|[upkeep]
|-damage|p2a: Togekiss|82/100|[from] Sandstorm
|-heal|p1a: Corviknight|88/100|[from] item: Leftovers
|upkeep
|turn|8
|
|t:|1641837361
|move|p2a: Togekiss|Air Slash|p1a: Corviknight
|-resisted|p1a: Corviknight
|-damage|p1a: Corviknight|71/100
|cant|p1a: Corviknight|flinch
|
|-weather|none
|-heal|p1a: Corviknight|78/100|[from] item: Leftovers
|upkeep
|turn|9
|
|t:|1641837369
|switch|p2a: Man of steel|Ferrothorn, M|100/100
|move|p1a: Corviknight|Substitute|p1a: Corviknight
|-start|p1a: Corviknight|Substitute
|-damage|p1a: Corviknight|53/100
|
|-heal|p1a: Corviknight|59/100|[from] item: Leftovers
|upkeep
|turn|10
|
|t:|1641837384
|switch|p2a: Papi de fuego|Volcarona, M|100/100
|move|p1a: Corviknight|Bulk Up|p1a: Corviknight
|-boost|p1a: Corviknight|atk|1
|-boost|p1a: Corviknight|def|1
|
|-heal|p1a: Corviknight|65/100|[from] item: Leftovers
|upkeep
|turn|11
|
|t:|1641837392
|move|p2a: Papi de fuego|Fiery Dance|p1a: Corviknight
|-supereffective|p1a: Corviknight
|-end|p1a: Corviknight|Substitute
|-boost|p2a: Papi de fuego|spa|1
|move|p1a: Corviknight|Brave Bird|p2a: Papi de fuego
|-supereffective|p2a: Papi de fuego
|-damage|p2a: Papi de fuego|0 fnt
|faint|p2a: Papi de fuego
|-damage|p1a: Corviknight|39/100|[from] Recoil
|
|-heal|p1a: Corviknight|46/100|[from] item: Leftovers
|upkeep
|
|t:|1641837410
|switch|p2a: sala sweep|Salamence, M, shiny|100/100
|turn|12
|
|t:|1641837415
|move|p2a: sala sweep|Fire Fang|p1a: Corviknight
|-supereffective|p1a: Corviknight
|-damage|p1a: Corviknight|18/100
|move|p1a: Corviknight|Roost|p1a: Corviknight
|-heal|p1a: Corviknight|68/100
|-singleturn|p1a: Corviknight|move: Roost
|
|-heal|p1a: Corviknight|74/100|[from] item: Leftovers
|upkeep
|turn|13
|
|t:|1641837423
|move|p2a: sala sweep|Dragon Dance|p2a: sala sweep
|-boost|p2a: sala sweep|atk|1
|-boost|p2a: sala sweep|spe|1
|move|p1a: Corviknight|Bulk Up|p1a: Corviknight
|-boost|p1a: Corviknight|atk|1
|-boost|p1a: Corviknight|def|1
|
|-heal|p1a: Corviknight|81/100|[from] item: Leftovers
|upkeep
|turn|14
|
|t:|1641837430
|move|p2a: sala sweep|Fire Fang|p1a: Corviknight
|-supereffective|p1a: Corviknight
|-damage|p1a: Corviknight|50/100
|move|p1a: Corviknight|Brave Bird|p2a: sala sweep
|-damage|p2a: sala sweep|9/100
|-damage|p1a: Corviknight|25/100|[from] Recoil
|
|-heal|p1a: Corviknight|31/100|[from] item: Leftovers
|upkeep
|turn|15
|
|t:|1641837439
|move|p2a: sala sweep|Fire Fang|p1a: Corviknight
|-supereffective|p1a: Corviknight
|-damage|p1a: Corviknight|2/100
|move|p1a: Corviknight|Roost|p1a: Corviknight
|-heal|p1a: Corviknight|52/100
|-singleturn|p1a: Corviknight|move: Roost
|
|-heal|p1a: Corviknight|59/100|[from] item: Leftovers
|upkeep
|turn|16
|
|t:|1641837447
|move|p2a: sala sweep|Fire Fang|p1a: Corviknight
|-supereffective|p1a: Corviknight
|-damage|p1a: Corviknight|25/100
|move|p1a: Corviknight|Brave Bird|p2a: sala sweep
|-damage|p2a: sala sweep|0 fnt
|faint|p2a: sala sweep
|-damage|p1a: Corviknight|23/100|[from] Recoil
|
|-heal|p1a: Corviknight|29/100|[from] item: Leftovers
|upkeep
|
|t:|1641837459
|switch|p2a: Togekiss|Togekiss, M, shiny|82/100
|turn|17
|
|t:|1641837466
|switch|p1a: Hippowdon|Hippowdon, F|100/100
|-weather|Sandstorm|[from] ability: Sand Stream|[of] p1a: Hippowdon
|move|p2a: Togekiss|Heat Wave|p1a: Hippowdon
|-damage|p1a: Hippowdon|69/100
|-status|p1a: Hippowdon|brn
|
|-weather|Sandstorm|[upkeep]
|-damage|p2a: Togekiss|76/100|[from] Sandstorm
|-damage|p1a: Hippowdon|63/100 brn|[from] brn
|upkeep
|turn|18
|
|t:|1641837478
|switch|p2a: Man of steel|Ferrothorn, M|100/100
|switch|p1a: rotomwash|Rotom-Wash|72/100
|
|-weather|Sandstorm|[upkeep]
|-damage|p1a: rotomwash|66/100|[from] Sandstorm
|upkeep
|turn|19
|
|t:|1641837485
|move|p1a: rotomwash|Volt Switch|p2a: Man of steel
|-resisted|p2a: Man of steel
|-damage|p2a: Man of steel|87/100
|
|t:|1641837485
|switch|p1a: Corviknight|Corviknight, F|29/100|[from]move: Volt Switch
|-ability|p1a: Corviknight|Pressure
|move|p2a: Man of steel|Leech Seed|p1a: Corviknight
|-start|p1a: Corviknight|move: Leech Seed
|
|-weather|Sandstorm|[upkeep]
|-heal|p1a: Corviknight|35/100|[from] item: Leftovers
|-heal|p2a: Man of steel|94/100|[from] item: Leftovers
|-damage|p1a: Corviknight|23/100|[from] Leech Seed|[of] p2a: Man of steel
|-heal|p2a: Man of steel|100/100|[silent]
|upkeep
|turn|20
|
|t:|1641837500
|switch|p2a: Weavile|Weavile, M|100/100
|-ability|p2a: Weavile|Pressure
|move|p1a: Corviknight|Roost|p1a: Corviknight
|-heal|p1a: Corviknight|73/100
|-singleturn|p1a: Corviknight|move: Roost
|
|-weather|Sandstorm|[upkeep]
|-damage|p2a: Weavile|94/100|[from] Sandstorm
|-heal|p1a: Corviknight|79/100|[from] item: Leftovers
|-damage|p1a: Corviknight|67/100|[from] Leech Seed|[of] p2a: Weavile
|-heal|p2a: Weavile|100/100|[silent]
|upkeep
|turn|21
|
|t:|1641837513
|move|p2a: Weavile|Swords Dance|p2a: Weavile
|-boost|p2a: Weavile|atk|2
|move|p1a: Corviknight|Roost|p1a: Corviknight
|-heal|p1a: Corviknight|100/100
|-singleturn|p1a: Corviknight|move: Roost
|
|-weather|none
|-damage|p1a: Corviknight|88/100|[from] Leech Seed|[of] p2a: Weavile
|upkeep
|turn|22
|
|t:|1641837522
|move|p2a: Weavile|Knock Off|p1a: Corviknight
|-damage|p1a: Corviknight|5/100
|-enditem|p1a: Corviknight|Leftovers|[from] move: Knock Off|[of] p2a: Weavile
|move|p1a: Corviknight|Brave Bird|p2a: Weavile
|-damage|p2a: Weavile|34/100
|-damage|p1a: Corviknight|0 fnt|[from] Recoil
|faint|p1a: Corviknight
|
|upkeep
|
|t:|1641837522
|switch|p1a: rotomwash|Rotom-Wash|66/100
|turn|23
|
|t:|1641837532
|move|p1a: rotomwash|Volt Switch|p2a: Weavile
|-damage|p2a: Weavile|0 fnt
|faint|p2a: Weavile
|
|t:|1641837532
|switch|p1a: Hippowdon|Hippowdon, F|63/100 brn|[from]move: Volt Switch
|-weather|Sandstorm|[from] ability: Sand Stream|[of] p1a: Hippowdon
|
|-weather|Sandstorm|[upkeep]
|-damage|p1a: Hippowdon|56/100 brn|[from] brn
|upkeep
|-message|notreallymorgan forfeited.
|
|win|DumbLick1337
|raw|DumbLick1337's rating: 1329 &rarr; <strong>1346</strong><br />(+17 for winning)
|raw|notreallymorgan's rating: 1279 &rarr; <strong>1258</strong><br />(-21 for losing)
|c|☆DumbLick1337|gg
|l|☆notreallymorgan
