|j|☆Matt5535
|j|☆Mani1517
|t:|1641812988
|gametype|singles
|player|p1|Matt5535|102|1401
|player|p2|Mani1517|elio|1443
|teamsize|p1|6
|teamsize|p2|6
|gen|8
|tier|[Gen 8] OU
|rated|
|rule|Sleep Clause Mod: Limit one foe put to sleep
|rule|Species Clause: Limit one of each Pokémon
|rule|OHKO Clause: OHKO moves are banned
|rule|Evasion Moves Clause: Evasion moves are banned
|rule|Endless Battle Clause: Forcing endless battles is banned
|rule|HP Percentage Mod: HP is shown in percentages
|rule|Dynamax Clause: You cannot dynamax
|clearpoke
|poke|p1|Landorus-Therian, M|
|poke|p1|Slowbro, M|
|poke|p1|Tapu Koko|
|poke|p1|Ferrothorn, F|
|poke|p1|Latios, M|
|poke|p1|Kartana|
|poke|p2|Nihilego|
|poke|p2|Zapdos-Galar|
|poke|p2|Kartana|
|poke|p2|Celesteela|
|poke|p2|Garchomp, M|
|poke|p2|Tapu Fini|
|teampreview
|inactive|Battle timer is ON: inactive players will automatically lose when time's up. (requested by Mani1517)
|
|t:|1641813022
|start
|switch|p1a: Tapu Koko|Tapu Koko, shiny|100/100
|switch|p2a: Garchomp|Garchomp, M|100/100
|-fieldstart|move: Electric Terrain|[from] ability: Electric Surge|[of] p1a: Tapu Koko
|turn|1
|
|t:|1641813034
|move|p1a: Tapu Koko|Dazzling Gleam|p2a: Garchomp
|-supereffective|p2a: Garchomp
|-damage|p2a: Garchomp|35/100
|move|p2a: Garchomp|Toxic|p1a: Tapu Koko
|-status|p1a: Tapu Koko|tox
|
|-damage|p1a: Tapu Koko|94/100 tox|[from] psn
|upkeep
|turn|2
|
|t:|1641813041
|move|p1a: Tapu Koko|Dazzling Gleam|p2a: Garchomp
|-supereffective|p2a: Garchomp
|-damage|p2a: Garchomp|0 fnt
|faint|p2a: Garchomp
|
|-damage|p1a: Tapu Koko|82/100 tox|[from] psn
|upkeep
|
|t:|1641813048
|switch|p2a: Nihilego|Nihilego|100/100
|turn|3
|
|t:|1641813057
|move|p1a: Tapu Koko|Volt Switch|p2a: Nihilego
|-damage|p2a: Nihilego|73/100
|inactive|Matt5535 has 120 seconds left.
|
|t:|1641813110
|switch|p1a: Kartana|Kartana|100/100|[from]move: Volt Switch
|move|p2a: Nihilego|Sludge Wave|p1a: Kartana
|-immune|p1a: Kartana
|
|upkeep
|turn|4
|
|t:|1641813118
|move|p1a: Kartana|Knock Off|p2a: Nihilego
|-damage|p2a: Nihilego|8/100
|-enditem|p2a: Nihilego|Power Herb|[from] move: Knock Off|[of] p1a: Kartana
|move|p2a: Nihilego|Meteor Beam||[still]
|-prepare|p2a: Nihilego|Meteor Beam
|-boost|p2a: Nihilego|spa|1
|
|upkeep
|turn|5
|
|t:|1641813123
|move|p1a: Kartana|Knock Off|p2a: Nihilego
|-damage|p2a: Nihilego|0 fnt
|faint|p2a: Nihilego
|-ability|p1a: Kartana|Beast Boost|boost
|-boost|p1a: Kartana|atk|1
|
|-fieldend|move: Electric Terrain
|upkeep
|
|t:|1641813137
|switch|p2a: Zapdos|Zapdos-Galar|100/100
|turn|6
|
|t:|1641813140
|switch|p1a: Ferrothorn|Ferrothorn, F|100/100
|move|p2a: Zapdos|U-turn|p1a: Ferrothorn
|-damage|p1a: Ferrothorn|81/100
|-damage|p2a: Zapdos|88/100|[from] ability: Iron Barbs|[of] p1a: Ferrothorn
|-damage|p2a: Zapdos|72/100|[from] item: Rocky Helmet|[of] p1a: Ferrothorn
|
|t:|1641813144
|switch|p2a: Celesteela|Celesteela|100/100|[from]move: U-turn
|
|upkeep
|turn|7
|
|t:|1641813152
|move|p2a: Celesteela|Autotomize|p2a: Celesteela
|-boost|p2a: Celesteela|spe|2
|-start|p2a: Celesteela|Autotomize
|move|p1a: Ferrothorn|Stealth Rock|p2a: Celesteela
|-sidestart|p2: Mani1517|move: Stealth Rock
|
|upkeep
|turn|8
|
|t:|1641813160
|move|p2a: Celesteela|Flamethrower|p1a: Ferrothorn
|-supereffective|p1a: Ferrothorn
|-damage|p1a: Ferrothorn|0 fnt
|faint|p1a: Ferrothorn
|-ability|p2a: Celesteela|Beast Boost|boost
|-boost|p2a: Celesteela|spa|1
|
|upkeep
|
|t:|1641813173
|switch|p1a: Tapu Koko|Tapu Koko, shiny|82/100 tox
|-fieldstart|move: Electric Terrain|[from] ability: Electric Surge|[of] p1a: Tapu Koko
|turn|9
|
|t:|1641813178
|move|p2a: Celesteela|Meteor Beam||[still]
|-prepare|p2a: Celesteela|Meteor Beam
|-boost|p2a: Celesteela|spa|1
|-enditem|p2a: Celesteela|Power Herb
|-anim|p2a: Celesteela|Meteor Beam|p1a: Tapu Koko
|-damage|p1a: Tapu Koko|0 fnt
|faint|p1a: Tapu Koko
|-ability|p2a: Celesteela|Beast Boost|boost
|-boost|p2a: Celesteela|spa|1
|
|upkeep
|-message|Matt5535 forfeited.
|
|win|Mani1517
|raw|Matt5535's rating: 1401 &rarr; <strong>1383</strong><br />(-18 for losing)
|raw|Mani1517's rating: 1443 &rarr; <strong>1461</strong><br />(+18 for winning)
|l|☆Matt5535
