|j|☆Proudbrownie102
|j|☆doctor susW
|t:|1641768791
|gametype|singles
|player|p1|Proudbrownie102|170|1158
|player|p2|doctor susW|lucas|1103
|teamsize|p1|6
|teamsize|p2|6
|gen|8
|tier|[Gen 8] OU
|rated|
|rule|Sleep Clause Mod: Limit one foe put to sleep
|rule|Species Clause: Limit one of each Pokémon
|rule|OHKO Clause: OHKO moves are banned
|rule|Evasion Moves Clause: Evasion moves are banned
|rule|Endless Battle Clause: Forcing endless battles is banned
|rule|HP Percentage Mod: HP is shown in percentages
|rule|Dynamax Clause: You cannot dynamax
|clearpoke
|poke|p1|Starmie|
|poke|p1|Magnezone|
|poke|p1|Tapu Lele|
|poke|p1|Pelipper, M|
|poke|p1|Obstagoon, M|
|poke|p1|Zeraora|
|poke|p2|Garchomp, M|
|poke|p2|Mimikyu, F|
|poke|p2|Dragapult, M|
|poke|p2|Miltank, F|
|poke|p2|Zeraora|
|poke|p2|Alakazam, F|
|teampreview
|
|t:|1641768806
|start
|switch|p1a: Tapu Lele|Tapu Lele|100/100
|switch|p2a: Dragapult|Dragapult, M|100/100
|-fieldstart|move: Psychic Terrain|[from] ability: Psychic Surge|[of] p1a: Tapu Lele
|turn|1
|
|t:|1641768820
|move|p2a: Dragapult|U-turn|p1a: Tapu Lele
|-damage|p1a: Tapu Lele|61/100
|-damage|p2a: Dragapult|91/100|[from] item: Life Orb
|
|t:|1641768831
|switch|p2a: Miltank|Miltank, F|100/100|[from]move: U-turn
|move|p1a: Tapu Lele|Moonblast|p2a: Miltank
|-damage|p2a: Miltank|48/100
|
|-heal|p2a: Miltank|54/100|[from] item: Leftovers
|upkeep
|turn|2
|
|t:|1641768843
|move|p1a: Tapu Lele|Focus Blast|p2a: Miltank|[miss]
|-miss|p1a: Tapu Lele|p2a: Miltank
|move|p2a: Miltank|Milk Drink|p2a: Miltank
|-heal|p2a: Miltank|100/100
|
|upkeep
|turn|3
|
|t:|1641768849
|move|p2a: Miltank|Protect|p2a: Miltank
|-singleturn|p2a: Miltank|Protect
|move|p1a: Tapu Lele|Psyshock|p2a: Miltank
|-activate|p2a: Miltank|move: Protect
|
|upkeep
|turn|4
|
|t:|1641768858
|move|p1a: Tapu Lele|Psyshock|p2a: Miltank
|-damage|p2a: Miltank|58/100
|move|p2a: Miltank|Milk Drink|p2a: Miltank
|-heal|p2a: Miltank|100/100
|
|upkeep
|turn|5
|
|t:|1641768868
|switch|p1a: Zeraora|Zeraora|100/100
|move|p2a: Miltank|Protect||[still]
|-fail|p2a: Miltank
|
|upkeep
|turn|6
|
|t:|1641768874
|move|p1a: Zeraora|Knock Off|p2a: Miltank
|-damage|p2a: Miltank|78/100
|-enditem|p2a: Miltank|Leftovers|[from] move: Knock Off|[of] p1a: Zeraora
|move|p2a: Miltank|Toxic|p1a: Zeraora
|-status|p1a: Zeraora|tox
|
|-damage|p1a: Zeraora|95/100 tox|[from] psn
|upkeep
|turn|7
|
|t:|1641768884
|switch|p2a: Alakazam|Alakazam, F|100/100
|move|p1a: Zeraora|Plasma Fists|p2a: Alakazam
|-crit|p2a: Alakazam
|-damage|p2a: Alakazam|0 fnt
|-fieldactivate|move: Ion Deluge
|-hint|Normal-type moves become Electric-type after using Plasma Fists.
|faint|p2a: Alakazam
|
|-damage|p1a: Zeraora|83/100 tox|[from] psn
|upkeep
|
|t:|1641768909
|switch|p2a: Zeraora|Zeraora|100/100
|turn|8
|
|t:|1641768932
|move|p2a: Zeraora|Play Rough|p1a: Zeraora
|-damage|p1a: Zeraora|42/100 tox
|move|p1a: Zeraora|Knock Off|p2a: Zeraora
|-damage|p2a: Zeraora|57/100
|-enditem|p2a: Zeraora|Red Card|[from] move: Knock Off|[of] p1a: Zeraora
|
|-damage|p1a: Zeraora|24/100 tox|[from] psn
|-fieldend|move: Psychic Terrain
|upkeep
|turn|9
|
|t:|1641768945
|switch|p1a: Magnezone|Magnezone|100/100
|move|p2a: Zeraora|Knock Off|p1a: Magnezone
|-damage|p1a: Magnezone|77/100
|-enditem|p1a: Magnezone|Expert Belt|[from] move: Knock Off|[of] p2a: Zeraora
|
|upkeep
|turn|10
|
|t:|1641768956
|move|p2a: Zeraora|Knock Off|p1a: Magnezone
|-damage|p1a: Magnezone|60/100
|move|p1a: Magnezone|Iron Defense|p1a: Magnezone
|-boost|p1a: Magnezone|def|2
|
|upkeep
|turn|11
|
|t:|1641768962
|move|p2a: Zeraora|Volt Switch|p1a: Magnezone
|-resisted|p1a: Magnezone
|-damage|p1a: Magnezone|45/100
|
|t:|1641768965
|switch|p2a: Dragapult|Dragapult, M|91/100|[from]move: Volt Switch
|move|p1a: Magnezone|Body Press|p2a: Dragapult
|-immune|p2a: Dragapult
|
|upkeep
|turn|12
|
|t:|1641768972
|move|p2a: Dragapult|Fire Blast|p1a: Magnezone
|-supereffective|p1a: Magnezone
|-damage|p1a: Magnezone|0 fnt
|faint|p1a: Magnezone
|-damage|p2a: Dragapult|81/100|[from] item: Life Orb
|
|upkeep
|
|t:|1641768980
|switch|p1a: Zeraora|Zeraora|24/100 tox
|turn|13
|
|t:|1641768985
|move|p1a: Zeraora|Knock Off|p2a: Dragapult
|-supereffective|p2a: Dragapult
|-damage|p2a: Dragapult|0 fnt
|-enditem|p2a: Dragapult|Life Orb|[from] move: Knock Off|[of] p1a: Zeraora
|faint|p2a: Dragapult
|
|-damage|p1a: Zeraora|18/100 tox|[from] psn
|upkeep
|
|t:|1641768993
|switch|p2a: Zeraora|Zeraora|57/100
|turn|14
|
|t:|1641768996
|move|p2a: Zeraora|Knock Off|p1a: Zeraora
|-damage|p1a: Zeraora|0 fnt
|-enditem|p1a: Zeraora|Heavy-Duty Boots|[from] move: Knock Off|[of] p2a: Zeraora
|faint|p1a: Zeraora
|
|upkeep
|
|t:|1641769006
|switch|p1a: Obstagoon|Obstagoon, M|100/100
|turn|15
|
|t:|1641769015
|move|p2a: Zeraora|Play Rough|p1a: Obstagoon
|-supereffective|p1a: Obstagoon
|-damage|p1a: Obstagoon|45/100
|move|p1a: Obstagoon|Facade|p2a: Zeraora
|-damage|p2a: Zeraora|21/100
|
|-status|p1a: Obstagoon|brn|[from] item: Flame Orb
|upkeep
|turn|16
|
|t:|1641769030
|move|p2a: Zeraora|Play Rough|p1a: Obstagoon
|-supereffective|p1a: Obstagoon
|-damage|p1a: Obstagoon|0 fnt
|faint|p1a: Obstagoon
|
|upkeep
|
|t:|1641769033
|switch|p1a: Tapu Lele|Tapu Lele|61/100
|-fieldstart|move: Psychic Terrain|[from] ability: Psychic Surge|[of] p1a: Tapu Lele
|turn|17
|
|t:|1641769041
|move|p2a: Zeraora|Plasma Fists|p1a: Tapu Lele
|-damage|p1a: Tapu Lele|0 fnt
|-fieldactivate|move: Ion Deluge
|-hint|Normal-type moves become Electric-type after using Plasma Fists.
|faint|p1a: Tapu Lele
|
|upkeep
|
|t:|1641769044
|switch|p1a: Starmie|Starmie|100/100
|turn|18
|
|t:|1641769049
|move|p2a: Zeraora|Plasma Fists|p1a: Starmie
|-supereffective|p1a: Starmie
|-damage|p1a: Starmie|0 fnt
|-fieldactivate|move: Ion Deluge
|-hint|Normal-type moves become Electric-type after using Plasma Fists.
|faint|p1a: Starmie
|
|upkeep
|
|t:|1641769052
|switch|p1a: Pelipper|Pelipper, M|100/100
|-weather|RainDance|[from] ability: Drizzle|[of] p1a: Pelipper
|turn|19
|c|☆doctor susW|gg
|
|t:|1641769058
|move|p2a: Zeraora|Plasma Fists|p1a: Pelipper
|-supereffective|p1a: Pelipper
|-damage|p1a: Pelipper|0 fnt
|-fieldactivate|move: Ion Deluge
|-hint|Normal-type moves become Electric-type after using Plasma Fists.
|faint|p1a: Pelipper
|
|win|doctor susW
|raw|Proudbrownie102's rating: 1158 &rarr; <strong>1129</strong><br />(-29 for losing)
|raw|doctor susW's rating: 1103 &rarr; <strong>1132</strong><br />(+29 for winning)
|l|☆Proudbrownie102
