|j|☆testingteam0110
|j|☆wfeqwdqw
|t:|1641736627
|gametype|singles
|player|p1|testingteam0110|steven|1040
|player|p2|wfeqwdqw|1|1000
|teamsize|p1|6
|teamsize|p2|6
|gen|8
|tier|[Gen 8] OU
|rated|
|rule|Sleep Clause Mod: Limit one foe put to sleep
|rule|Species Clause: Limit one of each Pokémon
|rule|OHKO Clause: OHKO moves are banned
|rule|Evasion Moves Clause: Evasion moves are banned
|rule|Endless Battle Clause: Forcing endless battles is banned
|rule|HP Percentage Mod: HP is shown in percentages
|rule|Dynamax Clause: You cannot dynamax
|clearpoke
|poke|p1|Garchomp, M|
|poke|p1|Toxapex, M|
|poke|p1|Ferrothorn, F|
|poke|p1|Tapu Lele|
|poke|p1|Weavile, M|
|poke|p1|Uxie|
|poke|p2|Heatran, M|
|poke|p2|Gastrodon, F|
|poke|p2|Goodra, M|
|poke|p2|Shedinja|
|poke|p2|Blissey, F|
|poke|p2|Tornadus-Therian, M|
|teampreview
|inactive|Battle timer is ON: inactive players will automatically lose when time's up. (requested by testingteam0110)
|
|t:|1641736643
|start
|switch|p1a: Uxie|Uxie|100/100
|switch|p2a: Heatran|Heatran, M|100/100
|turn|1
|
|t:|1641736650
|move|p1a: Uxie|Trick|p2a: Heatran
|-activate|p1a: Uxie|move: Trick|[of] p2a: Heatran
|-item|p2a: Heatran|Choice Scarf|[from] move: Trick
|-item|p1a: Uxie|Leftovers|[from] move: Trick
|move|p2a: Heatran|Taunt|p1a: Uxie
|-start|p1a: Uxie|move: Taunt
|
|upkeep
|turn|2
|
|t:|1641736671
|switch|p1a: Toxapex|Toxapex, M|100/100
|switch|p2a: Blissey|Blissey, F|100/100
|
|upkeep
|turn|3
|
|t:|1641736678
|move|p1a: Toxapex|Toxic|p2a: Blissey
|-status|p2a: Blissey|tox
|move|p2a: Blissey|Teleport|p2a: Blissey
|
|t:|1641736687
|-curestatus|p2a: Blissey|tox|[from] ability: Natural Cure
|switch|p2a: Heatran|Heatran, M|100/100|[from]move: Teleport
|
|upkeep
|turn|4
|
|t:|1641736696
|move|p2a: Heatran|Stealth Rock|p1a: Toxapex
|-sidestart|p1: testingteam0110|move: Stealth Rock
|move|p1a: Toxapex|Scald|p2a: Heatran
|-supereffective|p2a: Heatran
|-damage|p2a: Heatran|82/100
|
|upkeep
|turn|5
|
|t:|1641736709
|switch|p2a: Blissey|Blissey, F|100/100
|move|p1a: Toxapex|Toxic|p2a: Blissey
|-status|p2a: Blissey|tox
|
|-damage|p2a: Blissey|94/100 tox|[from] psn
|upkeep
|turn|6
|
|t:|1641736717
|switch|p1a: Uxie|Uxie|100/100
|-damage|p1a: Uxie|88/100|[from] Stealth Rock
|move|p2a: Blissey|Teleport|p2a: Blissey
|
|t:|1641736722
|-curestatus|p2a: Blissey|tox|[from] ability: Natural Cure
|switch|p2a: Tornadus|Tornadus-Therian, M|100/100|[from]move: Teleport
|
|-heal|p1a: Uxie|94/100|[from] item: Leftovers
|upkeep
|turn|7
|
|t:|1641736728
|move|p2a: Tornadus|Knock Off|p1a: Uxie
|-supereffective|p1a: Uxie
|-damage|p1a: Uxie|57/100
|-enditem|p1a: Uxie|Leftovers|[from] move: Knock Off|[of] p2a: Tornadus
|move|p1a: Uxie|Thunder Wave|p2a: Tornadus
|-status|p2a: Tornadus|par
|
|upkeep
|turn|8
|
|t:|1641736738
|move|p1a: Uxie|Memento|p2a: Tornadus
|-unboost|p2a: Tornadus|atk|2
|-unboost|p2a: Tornadus|spa|2
|faint|p1a: Uxie
|move|p2a: Tornadus|U-turn|p1: Uxie|[notarget]
|-fail|p2a: Tornadus
|
|upkeep
|
|t:|1641736759
|switch|p1a: Garchomp|Garchomp, M|100/100
|-damage|p1a: Garchomp|94/100|[from] Stealth Rock
|turn|9
|
|t:|1641736780
|move|p1a: Garchomp|Stealth Rock|p2a: Tornadus
|-sidestart|p2: wfeqwdqw|move: Stealth Rock
|move|p2a: Tornadus|U-turn|p1a: Garchomp
|-damage|p1a: Garchomp|87/100
|-damage|p2a: Tornadus|88/100 par|[from] ability: Rough Skin|[of] p1a: Garchomp
|
|t:|1641736785
|switch|p2a: Gastrodon|Gastrodon, F|100/100|[from]move: U-turn
|-damage|p2a: Gastrodon|94/100|[from] Stealth Rock
|
|-heal|p2a: Gastrodon|100/100|[from] item: Leftovers
|upkeep
|turn|10
|
|t:|1641736799
|switch|p1a: Ferrothorn|Ferrothorn, F|100/100
|-damage|p1a: Ferrothorn|94/100|[from] Stealth Rock
|move|p2a: Gastrodon|Earth Power|p1a: Ferrothorn
|-damage|p1a: Ferrothorn|77/100
|
|-heal|p1a: Ferrothorn|83/100|[from] item: Leftovers
|upkeep
|turn|11
|
|t:|1641736817
|switch|p2a: Blissey|Blissey, F|94/100
|move|p1a: Ferrothorn|Leech Seed|p2a: Blissey
|-start|p2a: Blissey|move: Leech Seed
|
|-heal|p1a: Ferrothorn|89/100|[from] item: Leftovers
|-damage|p2a: Blissey|82/100|[from] Leech Seed|[of] p1a: Ferrothorn
|-heal|p1a: Ferrothorn|100/100|[silent]
|upkeep
|turn|12
|
|t:|1641736834
|move|p2a: Blissey|Toxic|p1a: Ferrothorn
|-immune|p1a: Ferrothorn
|move|p1a: Ferrothorn|Spikes|p2a: Blissey
|-sidestart|p2: wfeqwdqw|Spikes
|
|-damage|p2a: Blissey|69/100|[from] Leech Seed|[of] p1a: Ferrothorn
|upkeep
|turn|13
|
|t:|1641736850
|move|p1a: Ferrothorn|Spikes|p2a: Blissey
|-sidestart|p2: wfeqwdqw|Spikes
|move|p2a: Blissey|Teleport|p2a: Blissey
|
|t:|1641736854
|switch|p2a: Tornadus|Tornadus-Therian, M|100/100 par|[from]move: Teleport
|
|upkeep
|turn|14
|
|t:|1641736861
|move|p2a: Tornadus|Defog|p1a: Ferrothorn
|-unboost|p1a: Ferrothorn|evasion|1
|-sideend|p1: testingteam0110|Stealth Rock|[from] move: Defog|[of] p2a: Tornadus
|-sideend|p2: wfeqwdqw|Spikes|[from] move: Defog|[of] p2a: Tornadus
|-sideend|p2: wfeqwdqw|Stealth Rock|[from] move: Defog|[of] p2a: Tornadus
|move|p1a: Ferrothorn|Gyro Ball|p2a: Tornadus
|-damage|p2a: Tornadus|55/100 par
|
|upkeep
|turn|15
|
|t:|1641736871
|move|p2a: Tornadus|U-turn|p1a: Ferrothorn
|-damage|p1a: Ferrothorn|90/100
|-damage|p2a: Tornadus|42/100 par|[from] ability: Iron Barbs|[of] p1a: Ferrothorn
|
|t:|1641736881
|switch|p2a: Goodra|Goodra, M|100/100|[from]move: U-turn
|move|p1a: Ferrothorn|Knock Off|p2a: Goodra
|-crit|p2a: Goodra
|-damage|p2a: Goodra|76/100
|-enditem|p2a: Goodra|Heavy-Duty Boots|[from] move: Knock Off|[of] p1a: Ferrothorn
|
|-heal|p1a: Ferrothorn|97/100|[from] item: Leftovers
|upkeep
|turn|16
|inactive|testingteam0110 has 120 seconds left.
|
|t:|1641736912
|switch|p1a: Toxapex|Toxapex, M|100/100
|move|p2a: Goodra|Flamethrower|p1a: Toxapex
|-resisted|p1a: Toxapex
|-damage|p1a: Toxapex|92/100
|
|-heal|p1a: Toxapex|98/100|[from] item: Black Sludge
|upkeep
|turn|17
|inactive|testingteam0110 has 120 seconds left.
|
|t:|1641736931
|switch|p2a: Blissey|Blissey, F|69/100
|switch|p1a: Weavile|Weavile, M|100/100
|
|upkeep
|turn|18
|inactive|testingteam0110 has 120 seconds left.
|
|t:|1641736943
|move|p1a: Weavile|Knock Off|p2a: Blissey
|-damage|p2a: Blissey|10/100
|-enditem|p2a: Blissey|Heavy-Duty Boots|[from] move: Knock Off|[of] p1a: Weavile
|move|p2a: Blissey|Toxic|p1a: Weavile|[miss]
|-miss|p2a: Blissey|p1a: Weavile
|
|upkeep
|turn|19
|inactive|testingteam0110 has 120 seconds left.
|
|t:|1641736953
|switch|p2a: Tornadus|Tornadus-Therian, M|75/100 par
|move|p1a: Weavile|Knock Off|p2a: Tornadus
|-damage|p2a: Tornadus|0 fnt
|-enditem|p2a: Tornadus|Heavy-Duty Boots|[from] move: Knock Off|[of] p1a: Weavile
|faint|p2a: Tornadus
|
|upkeep
|
|t:|1641736962
|switch|p2a: Heatran|Heatran, M|82/100
|turn|20
|
|t:|1641736970
|switch|p1a: Toxapex|Toxapex, M|100/100
|move|p2a: Heatran|Earth Power|p1a: Toxapex
|-supereffective|p1a: Toxapex
|-damage|p1a: Toxapex|58/100
|
|-heal|p1a: Toxapex|64/100|[from] item: Black Sludge
|upkeep
|turn|21
|
|t:|1641736983
|move|p2a: Heatran|Earth Power|p1a: Toxapex
|-supereffective|p1a: Toxapex
|-damage|p1a: Toxapex|19/100
|move|p1a: Toxapex|Scald|p2a: Heatran
|-supereffective|p2a: Heatran
|-damage|p2a: Heatran|63/100
|
|-heal|p1a: Toxapex|25/100|[from] item: Black Sludge
|upkeep
|turn|22
|
|t:|1641736991
|move|p2a: Heatran|Earth Power|p1a: Toxapex
|-supereffective|p1a: Toxapex
|-damage|p1a: Toxapex|0 fnt
|faint|p1a: Toxapex
|
|upkeep
|
|t:|1641736994
|switch|p1a: Garchomp|Garchomp, M|87/100
|turn|23
|
|t:|1641736999
|switch|p2a: Shedinja|Shedinja|100/100
|move|p1a: Garchomp|Earthquake|p2a: Shedinja
|-immune|p2a: Shedinja|[from] ability: Wonder Guard
|
|upkeep
|turn|24
|
|t:|1641737009
|switch|p1a: Weavile|Weavile, M|100/100
|move|p2a: Shedinja|Will-O-Wisp|p1a: Weavile
|-status|p1a: Weavile|brn
|
|-damage|p1a: Weavile|94/100 brn|[from] brn
|upkeep
|turn|25
|
|t:|1641737036
|move|p2a: Shedinja|Protect|p2a: Shedinja
|-singleturn|p2a: Shedinja|Protect
|move|p1a: Weavile|Knock Off|p2a: Shedinja
|-activate|p2a: Shedinja|move: Protect
|
|-damage|p1a: Weavile|88/100 brn|[from] brn
|upkeep
|turn|26
|
|t:|1641737051
|switch|p2a: Gastrodon|Gastrodon, F|100/100
|move|p1a: Weavile|Knock Off|p2a: Gastrodon
|-damage|p2a: Gastrodon|77/100
|-enditem|p2a: Gastrodon|Leftovers|[from] move: Knock Off|[of] p1a: Weavile
|
|-damage|p1a: Weavile|82/100 brn|[from] brn
|upkeep
|turn|27
|
|t:|1641737061
|switch|p1a: Ferrothorn|Ferrothorn, F|97/100
|move|p2a: Gastrodon|Recover|p2a: Gastrodon
|-heal|p2a: Gastrodon|100/100
|
|-heal|p1a: Ferrothorn|100/100|[from] item: Leftovers
|upkeep
|turn|28
|
|t:|1641737070
|switch|p2a: Blissey|Blissey, F|10/100
|move|p1a: Ferrothorn|Spikes|p2a: Blissey
|-sidestart|p2: wfeqwdqw|Spikes
|
|upkeep
|turn|29
|
|t:|1641737077
|move|p2a: Blissey|Soft-Boiled|p2a: Blissey
|-heal|p2a: Blissey|60/100
|move|p1a: Ferrothorn|Leech Seed|p2a: Blissey
|-start|p2a: Blissey|move: Leech Seed
|
|-damage|p2a: Blissey|48/100|[from] Leech Seed|[of] p1a: Ferrothorn
|upkeep
|turn|30
|
|t:|1641737083
|move|p2a: Blissey|Soft-Boiled|p2a: Blissey
|-heal|p2a: Blissey|98/100
|move|p1a: Ferrothorn|Spikes|p2a: Blissey
|-sidestart|p2: wfeqwdqw|Spikes
|
|-damage|p2a: Blissey|86/100|[from] Leech Seed|[of] p1a: Ferrothorn
|upkeep
|turn|31
|
|t:|1641737089
|move|p1a: Ferrothorn|Spikes|p2a: Blissey
|-sidestart|p2: wfeqwdqw|Spikes
|move|p2a: Blissey|Teleport|p2a: Blissey
|
|t:|1641737092
|switch|p2a: Heatran|Heatran, M|63/100|[from]move: Teleport
|-damage|p2a: Heatran|38/100|[from] Spikes
|
|upkeep
|turn|32
|
|t:|1641737110
|switch|p1a: Garchomp|Garchomp, M|87/100
|move|p2a: Heatran|Magma Storm|p1a: Garchomp
|-resisted|p1a: Garchomp
|-damage|p1a: Garchomp|62/100
|-activate|p1a: Garchomp|move: Magma Storm|[of] p2a: Heatran
|
|-damage|p1a: Garchomp|50/100|[from] move: Magma Storm|[partiallytrapped]
|upkeep
|turn|33
|
|t:|1641737128
|switch|p2a: Shedinja|Shedinja|100/100
|move|p1a: Garchomp|Earthquake|p2a: Shedinja
|-immune|p2a: Shedinja|[from] ability: Wonder Guard
|
|-end|p1a: Garchomp|Magma Storm|[partiallytrapped]|[silent]
|upkeep
|turn|34
|
|t:|1641737145
|switch|p1a: Ferrothorn|Ferrothorn, F|100/100
|move|p2a: Shedinja|Hex|p1a: Ferrothorn
|-damage|p1a: Ferrothorn|89/100
|
|-heal|p1a: Ferrothorn|96/100|[from] item: Leftovers
|upkeep
|turn|35
|
|t:|1641737161
|switch|p2a: Goodra|Goodra, M|76/100
|-damage|p2a: Goodra|51/100|[from] Spikes
|move|p1a: Ferrothorn|Knock Off|p2a: Goodra
|-damage|p2a: Goodra|39/100
|
|-heal|p1a: Ferrothorn|100/100|[from] item: Leftovers
|upkeep
|turn|36
|inactive|testingteam0110 has 120 seconds left.
|
|t:|1641737181
|switch|p1a: Tapu Lele|Tapu Lele|100/100
|-fieldstart|move: Psychic Terrain|[from] ability: Psychic Surge|[of] p1a: Tapu Lele
|move|p2a: Goodra|Flamethrower|p1a: Tapu Lele
|-crit|p1a: Tapu Lele
|-damage|p1a: Tapu Lele|65/100
|-status|p1a: Tapu Lele|brn
|
|-damage|p1a: Tapu Lele|59/100 brn|[from] brn
|upkeep
|turn|37
|inactive|testingteam0110 has 120 seconds left.
|
|t:|1641737193
|switch|p2a: Blissey|Blissey, F|86/100
|-damage|p2a: Blissey|61/100|[from] Spikes
|move|p1a: Tapu Lele|Moonblast|p2a: Blissey
|-damage|p2a: Blissey|44/100
|
|-damage|p1a: Tapu Lele|52/100 brn|[from] brn
|upkeep
|turn|38
|inactive|testingteam0110 has 120 seconds left.
|
|t:|1641737206
|switch|p1a: Ferrothorn|Ferrothorn, F|100/100
|move|p2a: Blissey|Soft-Boiled|p2a: Blissey
|-heal|p2a: Blissey|94/100
|
|upkeep
|turn|39
|inactive|testingteam0110 has 120 seconds left.
|
|t:|1641737217
|move|p1a: Ferrothorn|Gyro Ball|p2a: Blissey
|-damage|p2a: Blissey|67/100
|move|p2a: Blissey|Teleport|p2a: Blissey
|
|t:|1641737234
|switch|p2a: Heatran|Heatran, M|38/100|[from]move: Teleport
|-damage|p2a: Heatran|13/100|[from] Spikes
|
|upkeep
|turn|40
|
|t:|1641737242
|switch|p1a: Tapu Lele|Tapu Lele|52/100 brn
|move|p2a: Heatran|Stealth Rock|p1a: Tapu Lele
|-sidestart|p1: testingteam0110|move: Stealth Rock
|
|-damage|p1a: Tapu Lele|46/100 brn|[from] brn
|-fieldend|move: Psychic Terrain
|upkeep
|turn|41
|
|t:|1641737249
|switch|p2a: Blissey|Blissey, F|67/100
|-damage|p2a: Blissey|43/100|[from] Spikes
|move|p1a: Tapu Lele|Psyshock|p2a: Blissey
|-damage|p2a: Blissey|6/100
|
|-damage|p1a: Tapu Lele|40/100 brn|[from] brn
|upkeep
|turn|42
|
|t:|1641737259
|move|p1a: Tapu Lele|Psyshock|p2a: Blissey
|-damage|p2a: Blissey|0 fnt
|faint|p2a: Blissey
|
|-damage|p1a: Tapu Lele|34/100 brn|[from] brn
|upkeep
|
|t:|1641737283
|switch|p2a: Gastrodon|Gastrodon, F|100/100
|-damage|p2a: Gastrodon|76/100|[from] Spikes
|turn|43
|
|t:|1641737289
|move|p1a: Tapu Lele|Psyshock|p2a: Gastrodon
|-damage|p2a: Gastrodon|46/100
|move|p2a: Gastrodon|Recover|p2a: Gastrodon
|-heal|p2a: Gastrodon|96/100
|
|-damage|p1a: Tapu Lele|28/100 brn|[from] brn
|upkeep
|turn|44
|
|t:|1641737299
|move|p1a: Tapu Lele|Psyshock|p2a: Gastrodon
|-damage|p2a: Gastrodon|67/100
|move|p2a: Gastrodon|Earth Power|p1a: Tapu Lele
|-damage|p1a: Tapu Lele|0 fnt
|faint|p1a: Tapu Lele
|
|upkeep
|
|t:|1641737317
|switch|p1a: Ferrothorn|Ferrothorn, F|100/100
|-damage|p1a: Ferrothorn|94/100|[from] Stealth Rock
|turn|45
|
|t:|1641737331
|move|p2a: Gastrodon|Recover|p2a: Gastrodon
|-heal|p2a: Gastrodon|100/100
|move|p1a: Ferrothorn|Gyro Ball|p2a: Gastrodon
|-resisted|p2a: Gastrodon
|-damage|p2a: Gastrodon|93/100
|
|-heal|p1a: Ferrothorn|100/100|[from] item: Leftovers
|upkeep
|turn|46
|
|t:|1641737338
|move|p2a: Gastrodon|Earth Power|p1a: Ferrothorn
|-damage|p1a: Ferrothorn|82/100
|move|p1a: Ferrothorn|Leech Seed|p2a: Gastrodon
|-start|p2a: Gastrodon|move: Leech Seed
|
|-heal|p1a: Ferrothorn|88/100|[from] item: Leftovers
|-damage|p2a: Gastrodon|80/100|[from] Leech Seed|[of] p1a: Ferrothorn
|-heal|p1a: Ferrothorn|100/100|[silent]
|upkeep
|turn|47
|
|t:|1641737352
|switch|p1a: Garchomp|Garchomp, M|50/100
|-damage|p1a: Garchomp|43/100|[from] Stealth Rock
|move|p2a: Gastrodon|Earth Power|p1a: Garchomp
|-damage|p1a: Garchomp|11/100
|
|-damage|p2a: Gastrodon|68/100|[from] Leech Seed|[of] p1a: Garchomp
|-heal|p1a: Garchomp|26/100|[silent]
|upkeep
|turn|48
|
|t:|1641737372
|switch|p2a: Shedinja|Shedinja|100/100
|move|p1a: Garchomp|Stealth Rock|p2a: Shedinja
|-sidestart|p2: wfeqwdqw|move: Stealth Rock
|
|upkeep
|turn|49
|
|t:|1641737379
|switch|p1a: Weavile|Weavile, M|82/100 brn
|-damage|p1a: Weavile|57/100 brn|[from] Stealth Rock
|move|p2a: Shedinja|Will-O-Wisp|p1a: Weavile
|-fail|p1a: Weavile|brn
|
|-damage|p1a: Weavile|51/100 brn|[from] brn
|upkeep
|turn|50
|
|t:|1641737387
|move|p2a: Shedinja|Protect|p2a: Shedinja
|-singleturn|p2a: Shedinja|Protect
|move|p1a: Weavile|Knock Off|p2a: Shedinja
|-activate|p2a: Shedinja|move: Protect
|
|-damage|p1a: Weavile|45/100 brn|[from] brn
|upkeep
|turn|51
|
|t:|1641737397
|switch|p2a: Heatran|Heatran, M|13/100
|-damage|p2a: Heatran|1/100|[from] Stealth Rock
|-damage|p2a: Heatran|0 fnt|[from] Spikes
|faint|p2a: Heatran
|move|p1a: Weavile|Knock Off|p2: Heatran|[notarget]
|-fail|p1a: Weavile
|
|-damage|p1a: Weavile|39/100 brn|[from] brn
|upkeep
|
|t:|1641737411
|switch|p2a: Gastrodon|Gastrodon, F|68/100
|-damage|p2a: Gastrodon|43/100|[from] Spikes
|-damage|p2a: Gastrodon|37/100|[from] Stealth Rock
|turn|52
|
|t:|1641737422
|switch|p1a: Garchomp|Garchomp, M|26/100
|-damage|p1a: Garchomp|20/100|[from] Stealth Rock
|move|p2a: Gastrodon|Recover|p2a: Gastrodon
|-heal|p2a: Gastrodon|87/100
|
|upkeep
|turn|53
|
|t:|1641737440
|move|p1a: Garchomp|Earthquake|p2a: Gastrodon
|-damage|p2a: Gastrodon|36/100
|-damage|p1a: Garchomp|10/100|[from] item: Life Orb
|move|p2a: Gastrodon|Ice Beam|p1a: Garchomp
|-supereffective|p1a: Garchomp
|-damage|p1a: Garchomp|0 fnt
|faint|p1a: Garchomp
|
|upkeep
|
|t:|1641737452
|switch|p1a: Ferrothorn|Ferrothorn, F|100/100
|-damage|p1a: Ferrothorn|94/100|[from] Stealth Rock
|turn|54
|
|t:|1641737458
|move|p2a: Gastrodon|Recover|p2a: Gastrodon
|-heal|p2a: Gastrodon|86/100
|move|p1a: Ferrothorn|Leech Seed|p2a: Gastrodon
|-start|p2a: Gastrodon|move: Leech Seed
|
|-heal|p1a: Ferrothorn|100/100|[from] item: Leftovers
|-damage|p2a: Gastrodon|74/100|[from] Leech Seed|[of] p1a: Ferrothorn
|upkeep
|turn|55
|
|t:|1641737465
|switch|p2a: Shedinja|Shedinja|100/100
|move|p1a: Ferrothorn|Gyro Ball|p2a: Shedinja
|-immune|p2a: Shedinja|[from] ability: Wonder Guard
|
|upkeep
|turn|56
|
|t:|1641737472
|move|p2a: Shedinja|Protect|p2a: Shedinja
|-singleturn|p2a: Shedinja|Protect
|move|p1a: Ferrothorn|Knock Off|p2a: Shedinja
|-activate|p2a: Shedinja|move: Protect
|
|upkeep
|turn|57
|
|t:|1641737480
|switch|p2a: Gastrodon|Gastrodon, F|74/100
|-damage|p2a: Gastrodon|49/100|[from] Spikes
|-damage|p2a: Gastrodon|43/100|[from] Stealth Rock
|move|p1a: Ferrothorn|Knock Off|p2a: Gastrodon
|-damage|p2a: Gastrodon|32/100
|
|upkeep
|turn|58
|
|t:|1641737493
|move|p2a: Gastrodon|Recover|p2a: Gastrodon
|-heal|p2a: Gastrodon|82/100
|move|p1a: Ferrothorn|Leech Seed|p2a: Gastrodon
|-start|p2a: Gastrodon|move: Leech Seed
|
|-damage|p2a: Gastrodon|70/100|[from] Leech Seed|[of] p1a: Ferrothorn
|upkeep
|turn|59
|
|t:|1641737499
|move|p2a: Gastrodon|Recover|p2a: Gastrodon
|-heal|p2a: Gastrodon|100/100
|move|p1a: Ferrothorn|Knock Off|p2a: Gastrodon
|-damage|p2a: Gastrodon|90/100
|
|-damage|p2a: Gastrodon|77/100|[from] Leech Seed|[of] p1a: Ferrothorn
|upkeep
|turn|60
|
|t:|1641737505
|move|p2a: Gastrodon|Scald|p1a: Ferrothorn
|-resisted|p1a: Ferrothorn
|-damage|p1a: Ferrothorn|93/100
|-status|p1a: Ferrothorn|brn
|move|p1a: Ferrothorn|Gyro Ball|p2a: Gastrodon
|-resisted|p2a: Gastrodon
|-damage|p2a: Gastrodon|74/100
|
|-heal|p1a: Ferrothorn|99/100 brn|[from] item: Leftovers
|-damage|p2a: Gastrodon|61/100|[from] Leech Seed|[of] p1a: Ferrothorn
|-heal|p1a: Ferrothorn|100/100 brn|[silent]
|-damage|p1a: Ferrothorn|94/100 brn|[from] brn
|upkeep
|turn|61
|
|t:|1641737516
|move|p2a: Gastrodon|Recover|p2a: Gastrodon
|-heal|p2a: Gastrodon|100/100
|move|p1a: Ferrothorn|Gyro Ball|p2a: Gastrodon
|-resisted|p2a: Gastrodon
|-damage|p2a: Gastrodon|96/100
|
|-heal|p1a: Ferrothorn|100/100 brn|[from] item: Leftovers
|-damage|p2a: Gastrodon|84/100|[from] Leech Seed|[of] p1a: Ferrothorn
|-damage|p1a: Ferrothorn|94/100 brn|[from] brn
|upkeep
|turn|62
|
|t:|1641737530
|move|p2a: Gastrodon|Earth Power|p1a: Ferrothorn
|-damage|p1a: Ferrothorn|77/100 brn
|move|p1a: Ferrothorn|Gyro Ball|p2a: Gastrodon
|-resisted|p2a: Gastrodon
|-damage|p2a: Gastrodon|79/100
|
|-heal|p1a: Ferrothorn|83/100 brn|[from] item: Leftovers
|-damage|p2a: Gastrodon|67/100|[from] Leech Seed|[of] p1a: Ferrothorn
|-heal|p1a: Ferrothorn|98/100 brn|[silent]
|-damage|p1a: Ferrothorn|92/100 brn|[from] brn
|upkeep
|turn|63
|
|t:|1641737541
|move|p2a: Gastrodon|Earth Power|p1a: Ferrothorn
|-damage|p1a: Ferrothorn|73/100 brn
|move|p1a: Ferrothorn|Knock Off|p2a: Gastrodon
|-damage|p2a: Gastrodon|61/100
|
|-heal|p1a: Ferrothorn|79/100 brn|[from] item: Leftovers
|-damage|p2a: Gastrodon|49/100|[from] Leech Seed|[of] p1a: Ferrothorn
|-heal|p1a: Ferrothorn|94/100 brn|[silent]
|-damage|p1a: Ferrothorn|88/100 brn|[from] brn
|upkeep
|turn|64
|
|t:|1641737549
|move|p2a: Gastrodon|Recover|p2a: Gastrodon
|-heal|p2a: Gastrodon|99/100
|move|p1a: Ferrothorn|Knock Off|p2a: Gastrodon
|-damage|p2a: Gastrodon|93/100
|
|-heal|p1a: Ferrothorn|94/100 brn|[from] item: Leftovers
|-damage|p2a: Gastrodon|81/100|[from] Leech Seed|[of] p1a: Ferrothorn
|-heal|p1a: Ferrothorn|100/100 brn|[silent]
|-damage|p1a: Ferrothorn|94/100 brn|[from] brn
|upkeep
|turn|65
|
|t:|1641737558
|move|p2a: Gastrodon|Earth Power|p1a: Ferrothorn
|-damage|p1a: Ferrothorn|77/100 brn
|move|p1a: Ferrothorn|Knock Off|p2a: Gastrodon
|-damage|p2a: Gastrodon|76/100
|
|-heal|p1a: Ferrothorn|83/100 brn|[from] item: Leftovers
|-damage|p2a: Gastrodon|63/100|[from] Leech Seed|[of] p1a: Ferrothorn
|-heal|p1a: Ferrothorn|98/100 brn|[silent]
|-damage|p1a: Ferrothorn|92/100 brn|[from] brn
|upkeep
|turn|66
|
|t:|1641737567
|move|p2a: Gastrodon|Earth Power|p1a: Ferrothorn
|-damage|p1a: Ferrothorn|74/100 brn
|move|p1a: Ferrothorn|Knock Off|p2a: Gastrodon
|-damage|p2a: Gastrodon|58/100
|
|-heal|p1a: Ferrothorn|80/100 brn|[from] item: Leftovers
|-damage|p2a: Gastrodon|46/100|[from] Leech Seed|[of] p1a: Ferrothorn
|-heal|p1a: Ferrothorn|95/100 brn|[silent]
|-damage|p1a: Ferrothorn|89/100 brn|[from] brn
|upkeep
|turn|67
|
|t:|1641737577
|move|p2a: Gastrodon|Earth Power|p1a: Ferrothorn
|-damage|p1a: Ferrothorn|72/100 brn
|-unboost|p1a: Ferrothorn|spd|1
|move|p1a: Ferrothorn|Knock Off|p2a: Gastrodon
|-crit|p2a: Gastrodon
|-damage|p2a: Gastrodon|38/100
|
|-heal|p1a: Ferrothorn|78/100 brn|[from] item: Leftovers
|-damage|p2a: Gastrodon|26/100|[from] Leech Seed|[of] p1a: Ferrothorn
|-heal|p1a: Ferrothorn|93/100 brn|[silent]
|-damage|p1a: Ferrothorn|87/100 brn|[from] brn
|upkeep
|turn|68
|
|t:|1641737595
|move|p2a: Gastrodon|Recover|p2a: Gastrodon
|-heal|p2a: Gastrodon|76/100
|move|p1a: Ferrothorn|Knock Off|p2a: Gastrodon
|-damage|p2a: Gastrodon|70/100
|
|-heal|p1a: Ferrothorn|93/100 brn|[from] item: Leftovers
|-damage|p2a: Gastrodon|58/100|[from] Leech Seed|[of] p1a: Ferrothorn
|-heal|p1a: Ferrothorn|100/100 brn|[silent]
|-damage|p1a: Ferrothorn|94/100 brn|[from] brn
|upkeep
|turn|69
|
|t:|1641737618
|move|p2a: Gastrodon|Earth Power|p1a: Ferrothorn
|-damage|p1a: Ferrothorn|68/100 brn
|move|p1a: Ferrothorn|Knock Off|p2a: Gastrodon
|-damage|p2a: Gastrodon|53/100
|
|-heal|p1a: Ferrothorn|75/100 brn|[from] item: Leftovers
|-damage|p2a: Gastrodon|40/100|[from] Leech Seed|[of] p1a: Ferrothorn
|-heal|p1a: Ferrothorn|90/100 brn|[silent]
|-damage|p1a: Ferrothorn|83/100 brn|[from] brn
|upkeep
|turn|70
|
|t:|1641737628
|move|p2a: Gastrodon|Earth Power|p1a: Ferrothorn
|-damage|p1a: Ferrothorn|58/100 brn
|move|p1a: Ferrothorn|Knock Off|p2a: Gastrodon
|-damage|p2a: Gastrodon|35/100
|
|-heal|p1a: Ferrothorn|64/100 brn|[from] item: Leftovers
|-damage|p2a: Gastrodon|23/100|[from] Leech Seed|[of] p1a: Ferrothorn
|-heal|p1a: Ferrothorn|79/100 brn|[silent]
|-damage|p1a: Ferrothorn|73/100 brn|[from] brn
|upkeep
|turn|71
|
|t:|1641737641
|move|p2a: Gastrodon|Recover|p2a: Gastrodon
|-heal|p2a: Gastrodon|73/100
|move|p1a: Ferrothorn|Knock Off|p2a: Gastrodon
|-damage|p2a: Gastrodon|68/100
|
|-heal|p1a: Ferrothorn|79/100 brn|[from] item: Leftovers
|-damage|p2a: Gastrodon|55/100|[from] Leech Seed|[of] p1a: Ferrothorn
|-heal|p1a: Ferrothorn|94/100 brn|[silent]
|-damage|p1a: Ferrothorn|88/100 brn|[from] brn
|upkeep
|turn|72
|
|t:|1641737652
|move|p2a: Gastrodon|Ice Beam|p1a: Ferrothorn
|-damage|p1a: Ferrothorn|70/100 brn
|move|p1a: Ferrothorn|Knock Off|p2a: Gastrodon
|-damage|p2a: Gastrodon|50/100
|
|-heal|p1a: Ferrothorn|77/100 brn|[from] item: Leftovers
|-damage|p2a: Gastrodon|38/100|[from] Leech Seed|[of] p1a: Ferrothorn
|-heal|p1a: Ferrothorn|92/100 brn|[silent]
|-damage|p1a: Ferrothorn|85/100 brn|[from] brn
|upkeep
|turn|73
|
|t:|1641737661
|move|p2a: Gastrodon|Earth Power|p1a: Ferrothorn
|-damage|p1a: Ferrothorn|60/100 brn
|move|p1a: Ferrothorn|Knock Off|p2a: Gastrodon
|-damage|p2a: Gastrodon|33/100
|
|-heal|p1a: Ferrothorn|67/100 brn|[from] item: Leftovers
|-damage|p2a: Gastrodon|20/100|[from] Leech Seed|[of] p1a: Ferrothorn
|-heal|p1a: Ferrothorn|82/100 brn|[silent]
|-damage|p1a: Ferrothorn|75/100 brn|[from] brn
|upkeep
|turn|74
|
|t:|1641737670
|move|p2a: Gastrodon|Recover|p2a: Gastrodon
|-heal|p2a: Gastrodon|70/100
|move|p1a: Ferrothorn|Knock Off|p2a: Gastrodon
|-damage|p2a: Gastrodon|66/100
|
|-heal|p1a: Ferrothorn|82/100 brn|[from] item: Leftovers
|-damage|p2a: Gastrodon|53/100|[from] Leech Seed|[of] p1a: Ferrothorn
|-heal|p1a: Ferrothorn|97/100 brn|[silent]
|-damage|p1a: Ferrothorn|91/100 brn|[from] brn
|upkeep
|turn|75
|
|t:|1641737691
|move|p2a: Gastrodon|Recover|p2a: Gastrodon
|-heal|p2a: Gastrodon|100/100
|move|p1a: Ferrothorn|Spikes||[still]
|-fail|p1a: Ferrothorn
|
|-heal|p1a: Ferrothorn|97/100 brn|[from] item: Leftovers
|-damage|p2a: Gastrodon|88/100|[from] Leech Seed|[of] p1a: Ferrothorn
|-heal|p1a: Ferrothorn|100/100 brn|[silent]
|-damage|p1a: Ferrothorn|94/100 brn|[from] brn
|upkeep
|turn|76
|
|t:|1641737705
|move|p2a: Gastrodon|Earth Power|p1a: Ferrothorn
|-damage|p1a: Ferrothorn|65/100 brn
|move|p1a: Ferrothorn|Spikes||[still]
|-fail|p1a: Ferrothorn
|
|-heal|p1a: Ferrothorn|72/100 brn|[from] item: Leftovers
|-damage|p2a: Gastrodon|76/100|[from] Leech Seed|[of] p1a: Ferrothorn
|-heal|p1a: Ferrothorn|87/100 brn|[silent]
|-damage|p1a: Ferrothorn|80/100 brn|[from] brn
|upkeep
|turn|77
|
|t:|1641737719
|move|p2a: Gastrodon|Earth Power|p1a: Ferrothorn
|-crit|p1a: Ferrothorn
|-damage|p1a: Ferrothorn|39/100 brn
|move|p1a: Ferrothorn|Spikes||[still]
|-fail|p1a: Ferrothorn
|
|-heal|p1a: Ferrothorn|46/100 brn|[from] item: Leftovers
|-damage|p2a: Gastrodon|63/100|[from] Leech Seed|[of] p1a: Ferrothorn
|-heal|p1a: Ferrothorn|61/100 brn|[silent]
|-damage|p1a: Ferrothorn|54/100 brn|[from] brn
|upkeep
|turn|78
|
|t:|1641737728
|switch|p1a: Weavile|Weavile, M|39/100 brn
|-damage|p1a: Weavile|14/100 brn|[from] Stealth Rock
|move|p2a: Gastrodon|Earth Power|p1a: Weavile
|-damage|p1a: Weavile|0 fnt
|faint|p1a: Weavile
|
|upkeep
|
|t:|1641737735
|switch|p1a: Ferrothorn|Ferrothorn, F|54/100 brn
|-damage|p1a: Ferrothorn|48/100 brn|[from] Stealth Rock
|turn|79
|
|t:|1641737743
|move|p2a: Gastrodon|Earth Power|p1a: Ferrothorn
|-damage|p1a: Ferrothorn|30/100 brn
|move|p1a: Ferrothorn|Spikes||[still]
|-fail|p1a: Ferrothorn
|
|-heal|p1a: Ferrothorn|36/100 brn|[from] item: Leftovers
|-damage|p2a: Gastrodon|51/100|[from] Leech Seed|[of] p1a: Ferrothorn
|-heal|p1a: Ferrothorn|51/100 brn|[silent]
|-damage|p1a: Ferrothorn|45/100 brn|[from] brn
|upkeep
|turn|80
|
|t:|1641737759
|switch|p2a: Shedinja|Shedinja|100/100
|move|p1a: Ferrothorn|Spikes||[still]
|-fail|p1a: Ferrothorn
|
|-heal|p1a: Ferrothorn|51/100 brn|[from] item: Leftovers
|-damage|p1a: Ferrothorn|45/100 brn|[from] brn
|upkeep
|turn|81
|
|t:|1641737768
|move|p2a: Shedinja|Hex|p1a: Ferrothorn
|-damage|p1a: Ferrothorn|24/100 brn
|move|p1a: Ferrothorn|Knock Off|p2a: Shedinja
|-supereffective|p2a: Shedinja
|-damage|p2a: Shedinja|0 fnt
|-enditem|p2a: Shedinja|Heavy-Duty Boots|[from] move: Knock Off|[of] p1a: Ferrothorn
|faint|p2a: Shedinja
|
|-heal|p1a: Ferrothorn|31/100 brn|[from] item: Leftovers
|-damage|p1a: Ferrothorn|24/100 brn|[from] brn
|upkeep
|
|t:|1641737778
|switch|p2a: Goodra|Goodra, M|39/100
|-damage|p2a: Goodra|26/100|[from] Stealth Rock
|-damage|p2a: Goodra|1/100|[from] Spikes
|turn|82
|
|t:|1641737786
|move|p2a: Goodra|Flamethrower|p1a: Ferrothorn
|-supereffective|p1a: Ferrothorn
|-damage|p1a: Ferrothorn|0 fnt
|faint|p1a: Ferrothorn
|
|win|wfeqwdqw
|raw|testingteam0110's rating: 1040 &rarr; <strong>1022</strong><br />(-18 for losing)
|raw|wfeqwdqw's rating: 1000 &rarr; <strong>1045</strong><br />(+45 for winning)
|l|☆testingteam0110
