|j|☆ButterySpirit
|j|☆ICrossI
|t:|1641841193
|gametype|singles
|player|p1|ButterySpirit|dawn-gen4pt|1292
|player|p2|ICrossI|266|1287
|teamsize|p1|6
|teamsize|p2|6
|gen|8
|tier|[Gen 8] OU
|rated|
|rule|Sleep Clause Mod: Limit one foe put to sleep
|rule|Species Clause: Limit one of each Pokémon
|rule|OHKO Clause: OHKO moves are banned
|rule|Evasion Moves Clause: Evasion moves are banned
|rule|Endless Battle Clause: Forcing endless battles is banned
|rule|HP Percentage Mod: HP is shown in percentages
|rule|Dynamax Clause: You cannot dynamax
|clearpoke
|poke|p1|Pelipper, M|
|poke|p1|Seismitoad, M|
|poke|p1|Barraskewda, F|
|poke|p1|Tapu Bulu|
|poke|p1|Weavile, F|
|poke|p1|Zeraora|
|poke|p2|Heatran, F|
|poke|p2|Chansey, F|
|poke|p2|Vaporeon, M|
|poke|p2|Terrakion|
|poke|p2|Latios, M|
|poke|p2|Reuniclus, M|
|teampreview
|
|t:|1641841218
|start
|switch|p1a: Weavile|Weavile, F|100/100
|switch|p2a: Heatran|Heatran, F|100/100
|-ability|p1a: Weavile|Pressure
|-item|p2a: Heatran|Air Balloon
|turn|1
|
|t:|1641841231
|switch|p1a: Pelipper|Pelipper, M|100/100
|-weather|RainDance|[from] ability: Drizzle|[of] p1a: Pelipper
|move|p2a: Heatran|Stealth Rock|p1a: Pelipper
|-sidestart|p1: ButterySpirit|move: Stealth Rock
|
|-weather|RainDance|[upkeep]
|upkeep
|turn|2
|
|t:|1641841251
|switch|p2a: Latios|Latios, M|100/100
|move|p1a: Pelipper|Defog|p2a: Latios
|-unboost|p2a: Latios|evasion|1
|-sideend|p1: ButterySpirit|Stealth Rock|[from] move: Defog|[of] p1a: Pelipper
|
|-weather|RainDance|[upkeep]
|upkeep
|turn|3
|
|t:|1641841261
|switch|p1a: Tapu Bulu|Tapu Bulu|100/100
|-fieldstart|move: Grassy Terrain|[from] ability: Grassy Surge|[of] p1a: Tapu Bulu
|move|p2a: Latios|Psyshock|p1a: Tapu Bulu
|-damage|p1a: Tapu Bulu|60/100
|
|-weather|RainDance|[upkeep]
|-heal|p1a: Tapu Bulu|66/100|[from] Grassy Terrain
|upkeep
|turn|4
|
|t:|1641841279
|switch|p2a: Heatran|Heatran, F|100/100
|-item|p2a: Heatran|Air Balloon
|move|p1a: Tapu Bulu|Horn Leech|p2a: Heatran
|-resisted|p2a: Heatran
|-damage|p2a: Heatran|83/100
|-heal|p1a: Tapu Bulu|77/100|[from] drain|[of] p2a: Heatran
|-enditem|p2a: Heatran|Air Balloon
|
|-weather|RainDance|[upkeep]
|-heal|p1a: Tapu Bulu|83/100|[from] Grassy Terrain
|-heal|p2a: Heatran|90/100|[from] Grassy Terrain
|upkeep
|turn|5
|
|t:|1641841287
|switch|p1a: Jiraya|Seismitoad, M, shiny|100/100
|move|p2a: Heatran|Stealth Rock|p1a: Jiraya
|-sidestart|p1: ButterySpirit|move: Stealth Rock
|
|-weather|RainDance|[upkeep]
|-heal|p2a: Heatran|96/100|[from] Grassy Terrain
|upkeep
|turn|6
|
|t:|1641841297
|switch|p2a: Latios|Latios, M|100/100
|move|p1a: Jiraya|Stealth Rock|p2a: Latios
|-sidestart|p2: ICrossI|move: Stealth Rock
|
|-weather|RainDance|[upkeep]
|upkeep
|turn|7
|
|t:|1641841305
|move|p2a: Latios|Draco Meteor|p1a: Jiraya
|-damage|p1a: Jiraya|10/100
|-unboost|p2a: Latios|spa|2
|move|p1a: Jiraya|Hydro Pump|p2a: Latios
|-resisted|p2a: Latios
|-damage|p2a: Latios|51/100
|-damage|p1a: Jiraya|0 fnt|[from] item: Life Orb
|faint|p1a: Jiraya
|
|-weather|RainDance|[upkeep]
|-fieldend|move: Grassy Terrain
|upkeep
|
|t:|1641841310
|switch|p1a: Tapu Bulu|Tapu Bulu|83/100
|-damage|p1a: Tapu Bulu|71/100|[from] Stealth Rock
|-fieldstart|move: Grassy Terrain|[from] ability: Grassy Surge|[of] p1a: Tapu Bulu
|turn|8
|
|t:|1641841334
|switch|p2a: Reuniclus|Reuniclus, M|100/100
|-damage|p2a: Reuniclus|88/100|[from] Stealth Rock
|move|p1a: Tapu Bulu|Superpower|p2a: Reuniclus
|-resisted|p2a: Reuniclus
|-damage|p2a: Reuniclus|48/100
|-unboost|p1a: Tapu Bulu|atk|1
|-unboost|p1a: Tapu Bulu|def|1
|
|-weather|none
|-heal|p1a: Tapu Bulu|77/100|[from] Grassy Terrain
|-heal|p2a: Reuniclus|54/100|[from] Grassy Terrain
|upkeep
|turn|9
|
|t:|1641841345
|switch|p1a: Weavile|Weavile, F|100/100
|-ability|p1a: Weavile|Pressure
|move|p2a: Reuniclus|Reflect|p2a: Reuniclus
|-sidestart|p2: ICrossI|Reflect
|
|-heal|p2a: Reuniclus|60/100|[from] Grassy Terrain
|upkeep
|turn|10
|
|t:|1641841375
|switch|p2a: Terrakion|Terrakion|100/100
|-damage|p2a: Terrakion|94/100|[from] Stealth Rock
|move|p1a: Weavile|Knock Off|p2a: Terrakion
|-resisted|p2a: Terrakion
|-damage|p2a: Terrakion|81/100
|-ability|p2a: Terrakion|Justified|boost
|-boost|p2a: Terrakion|atk|1
|-enditem|p2a: Terrakion|Choice Scarf|[from] move: Knock Off|[of] p1a: Weavile
|
|-heal|p2a: Terrakion|87/100|[from] Grassy Terrain
|upkeep
|turn|11
|
|t:|1641841390
|switch|p1a: Pelipper|Pelipper, M|100/100
|-damage|p1a: Pelipper|76/100|[from] Stealth Rock
|-weather|RainDance|[from] ability: Drizzle|[of] p1a: Pelipper
|move|p2a: Terrakion|Iron Head|p1a: Pelipper
|-resisted|p1a: Pelipper
|-damage|p1a: Pelipper|59/100
|
|-weather|RainDance|[upkeep]
|-heal|p2a: Terrakion|93/100|[from] Grassy Terrain
|upkeep
|turn|12
|
|t:|1641841401
|move|p2a: Terrakion|Stone Edge|p1a: Pelipper
|-supereffective|p1a: Pelipper
|-damage|p1a: Pelipper|0 fnt
|faint|p1a: Pelipper
|
|-weather|RainDance|[upkeep]
|-heal|p2a: Terrakion|99/100|[from] Grassy Terrain
|-fieldend|move: Grassy Terrain
|upkeep
|
|t:|1641841404
|switch|p1a: Barraskewda|Barraskewda, F, shiny|100/100
|-damage|p1a: Barraskewda|88/100|[from] Stealth Rock
|turn|13
|
|t:|1641841413
|switch|p2a: Vaporeon|Vaporeon, M|100/100
|-damage|p2a: Vaporeon|88/100|[from] Stealth Rock
|move|p1a: Barraskewda|Liquidation|p2a: Vaporeon
|-heal|p2a: Vaporeon|100/100|[from] ability: Water Absorb|[of] p1a: Barraskewda
|
|-weather|RainDance|[upkeep]
|upkeep
|turn|14
|
|t:|1641841423
|switch|p1a: Zeraora|Zeraora|100/100
|-damage|p1a: Zeraora|88/100|[from] Stealth Rock
|move|p2a: Vaporeon|Scald|p1a: Zeraora
|-damage|p1a: Zeraora|26/100
|
|-weather|RainDance|[upkeep]
|upkeep
|turn|15
|
|t:|1641841435
|switch|p2a: Chansey|Chansey, F|100/100
|-damage|p2a: Chansey|88/100|[from] Stealth Rock
|move|p1a: Zeraora|Plasma Fists|p2a: Chansey
|-damage|p2a: Chansey|65/100
|-fieldactivate|move: Ion Deluge
|-hint|Normal-type moves become Electric-type after using Plasma Fists.
|-damage|p1a: Zeraora|16/100|[from] item: Life Orb
|
|-weather|RainDance|[upkeep]
|upkeep
|turn|16
|
|t:|1641841447
|move|p1a: Zeraora|Close Combat|p2a: Chansey
|-supereffective|p2a: Chansey
|-damage|p2a: Chansey|26/100
|-unboost|p1a: Zeraora|def|1
|-unboost|p1a: Zeraora|spd|1
|-damage|p1a: Zeraora|6/100|[from] item: Life Orb
|move|p2a: Chansey|Seismic Toss|p1a: Zeraora
|-damage|p1a: Zeraora|0 fnt
|faint|p1a: Zeraora
|
|-weather|RainDance|[upkeep]
|-sideend|p2: ICrossI|Reflect
|upkeep
|
|t:|1641841454
|switch|p1a: Barraskewda|Barraskewda, F, shiny|88/100
|-damage|p1a: Barraskewda|76/100|[from] Stealth Rock
|turn|17
|
|t:|1641841465
|move|p1a: Barraskewda|Flip Turn|p2a: Chansey
|-damage|p2a: Chansey|0 fnt
|faint|p2a: Chansey
|
|t:|1641841470
|switch|p1a: Tapu Bulu|Tapu Bulu|77/100|[from]move: Flip Turn
|-damage|p1a: Tapu Bulu|65/100|[from] Stealth Rock
|-fieldstart|move: Grassy Terrain|[from] ability: Grassy Surge|[of] p1a: Tapu Bulu
|
|-weather|RainDance|[upkeep]
|-heal|p1a: Tapu Bulu|71/100|[from] Grassy Terrain
|upkeep
|
|t:|1641841476
|switch|p2a: Heatran|Heatran, F|96/100
|-damage|p2a: Heatran|83/100|[from] Stealth Rock
|turn|18
|
|t:|1641841487
|move|p1a: Tapu Bulu|Superpower|p2a: Heatran
|-supereffective|p2a: Heatran
|-damage|p2a: Heatran|0 fnt
|-unboost|p1a: Tapu Bulu|atk|1
|-unboost|p1a: Tapu Bulu|def|1
|faint|p2a: Heatran
|
|-weather|none
|-heal|p1a: Tapu Bulu|77/100|[from] Grassy Terrain
|upkeep
|
|t:|1641841495
|switch|p2a: Reuniclus|Reuniclus, M|93/100
|-damage|p2a: Reuniclus|81/100|[from] Stealth Rock
|turn|19
|
|t:|1641841502
|switch|p1a: Weavile|Weavile, F|100/100
|-ability|p1a: Weavile|Pressure
|move|p2a: Reuniclus|Reflect|p2a: Reuniclus
|-sidestart|p2: ICrossI|Reflect
|
|-heal|p2a: Reuniclus|87/100|[from] Grassy Terrain
|upkeep
|turn|20
|
|t:|1641841509
|switch|p2a: Terrakion|Terrakion|99/100
|-damage|p2a: Terrakion|93/100|[from] Stealth Rock
|move|p1a: Weavile|Swords Dance|p1a: Weavile
|-boost|p1a: Weavile|atk|2
|
|-heal|p2a: Terrakion|99/100|[from] Grassy Terrain
|upkeep
|turn|21
|
|t:|1641841518
|move|p1a: Weavile|Triple Axel|p2a: Terrakion
|-damage|p2a: Terrakion|88/100
|-damage|p2a: Terrakion|66/100
|-damage|p2a: Terrakion|32/100
|-hitcount|p2a: Terrakion|3
|move|p2a: Terrakion|Sacred Sword|p1a: Weavile
|-supereffective|p1a: Weavile
|-crit|p1a: Weavile
|-damage|p1a: Weavile|0 fnt
|faint|p1a: Weavile
|
|-heal|p2a: Terrakion|38/100|[from] Grassy Terrain
|-fieldend|move: Grassy Terrain
|upkeep
|
|t:|1641841531
|switch|p1a: Tapu Bulu|Tapu Bulu|77/100
|-damage|p1a: Tapu Bulu|64/100|[from] Stealth Rock
|-fieldstart|move: Grassy Terrain|[from] ability: Grassy Surge|[of] p1a: Tapu Bulu
|turn|22
|
|t:|1641841546
|move|p2a: Terrakion|Iron Head|p1a: Tapu Bulu
|-supereffective|p1a: Tapu Bulu
|-damage|p1a: Tapu Bulu|8/100
|move|p1a: Tapu Bulu|Horn Leech|p2a: Terrakion
|-supereffective|p2a: Terrakion
|-damage|p2a: Terrakion|0 fnt
|-heal|p1a: Tapu Bulu|28/100|[from] drain|[of] p2a: Terrakion
|faint|p2a: Terrakion
|
|-heal|p1a: Tapu Bulu|34/100|[from] Grassy Terrain
|upkeep
|
|t:|1641841558
|switch|p2a: Latios|Latios, M|51/100
|-damage|p2a: Latios|39/100|[from] Stealth Rock
|turn|23
|
|t:|1641841567
|move|p2a: Latios|Psyshock|p1a: Tapu Bulu
|-damage|p1a: Tapu Bulu|0 fnt
|faint|p1a: Tapu Bulu
|
|upkeep
|
|t:|1641841570
|switch|p1a: Barraskewda|Barraskewda, F, shiny|76/100
|-damage|p1a: Barraskewda|64/100|[from] Stealth Rock
|turn|24
|
|t:|1641841577
|move|p2a: Latios|Psyshock|p1a: Barraskewda
|-damage|p1a: Barraskewda|0 fnt
|faint|p1a: Barraskewda
|
|win|ICrossI
|raw|ButterySpirit's rating: 1292 &rarr; <strong>1267</strong><br />(-25 for losing)
|raw|ICrossI's rating: 1287 &rarr; <strong>1312</strong><br />(+25 for winning)
|l|☆ButterySpirit
||Ladder isn't responding, score probably updated but might not have (Request timeout).
