|j|☆enternaam
|j|☆SeniumGames
|t:|1641783946
|gametype|singles
|player|p1|enternaam|veteranf|1027
|player|p2|SeniumGames|drayden|1012
|teamsize|p1|6
|teamsize|p2|6
|gen|8
|tier|[Gen 8] OU
|rated|
|rule|Sleep Clause Mod: Limit one foe put to sleep
|rule|Species Clause: Limit one of each Pokémon
|rule|OHKO Clause: OHKO moves are banned
|rule|Evasion Moves Clause: Evasion moves are banned
|rule|Endless Battle Clause: Forcing endless battles is banned
|rule|HP Percentage Mod: HP is shown in percentages
|rule|Dynamax Clause: You cannot dynamax
|clearpoke
|poke|p1|Weezing, M|
|poke|p1|Claydol|
|poke|p1|Lickilicky, M|
|poke|p1|Scizor, M|
|poke|p1|Dragapult, M|
|poke|p1|Mantine, M|
|poke|p2|Conkeldurr, M|
|poke|p2|Scyther, M|
|poke|p2|Slowbro-Galar, M|
|poke|p2|Drampa, M|
|poke|p2|Whimsicott, F|
|poke|p2|Magmortar, M|
|teampreview
|inactive|Battle timer is ON: inactive players will automatically lose when time's up. (requested by SeniumGames)
|
|t:|1641783968
|start
|switch|p1a: Claydol|Claydol|100/100
|switch|p2a: Drampa|Drampa, M|100/100
|turn|1
|
|t:|1641783985
|move|p1a: Claydol|Light Screen|p1a: Claydol
|-sidestart|p1: enternaam|move: Light Screen
|move|p2a: Drampa|Calm Mind|p2a: Drampa
|-boost|p2a: Drampa|spa|1
|-boost|p2a: Drampa|spd|1
|
|upkeep
|turn|2
|
|t:|1641783994
|move|p1a: Claydol|Mud-Slap|p2a: Drampa
|-damage|p2a: Drampa|97/100
|-unboost|p2a: Drampa|accuracy|1
|move|p2a: Drampa|Calm Mind|p2a: Drampa
|-boost|p2a: Drampa|spa|1
|-boost|p2a: Drampa|spd|1
|
|upkeep
|turn|3
|
|t:|1641784019
|move|p1a: Claydol|Mud-Slap|p2a: Drampa
|-damage|p2a: Drampa|94/100
|-unboost|p2a: Drampa|accuracy|1
|move|p2a: Drampa|Hyper Voice|p1a: Claydol
|-damage|p1a: Claydol|52/100
|-damage|p2a: Drampa|84/100|[from] item: Life Orb
|
|upkeep
|turn|4
|inactive|SeniumGames has 120 seconds left.
|
|t:|1641784035
|move|p1a: Claydol|Mud-Slap|p2a: Drampa
|-damage|p2a: Drampa|82/100
|-unboost|p2a: Drampa|accuracy|1
|move|p2a: Drampa|Hyper Voice|p1a: Claydol
|-damage|p1a: Claydol|2/100
|-damage|p2a: Drampa|72/100|[from] item: Life Orb
|
|upkeep
|turn|5
|
|t:|1641784045
|switch|p1a: Mantine|Mantine, M|100/100
|move|p2a: Drampa|Roost|p2a: Drampa
|-heal|p2a: Drampa|100/100
|-singleturn|p2a: Drampa|move: Roost
|
|upkeep
|turn|6
|
|t:|1641784060
|switch|p2a: Conkeldurr|Conkeldurr, M|100/100
|move|p1a: Mantine|Mud-Slap|p2a: Conkeldurr
|-damage|p2a: Conkeldurr|94/100
|-unboost|p2a: Conkeldurr|accuracy|1
|
|-status|p2a: Conkeldurr|brn|[from] item: Flame Orb
|upkeep
|turn|7
|
|t:|1641784069
|switch|p1a: Weezing|Weezing, M|100/100
|move|p2a: Conkeldurr|Facade|p1a: Weezing
|-damage|p1a: Weezing|49/100
|-damage|p2a: Conkeldurr|78/100 brn|[from] item: Rocky Helmet|[of] p1a: Weezing
|
|-damage|p2a: Conkeldurr|72/100 brn|[from] brn
|upkeep
|turn|8
|
|t:|1641784082
|switch|p2a: Magmortar|Magmortar, M|100/100
|move|p1a: Weezing|Smokescreen|p2a: Magmortar
|-unboost|p2a: Magmortar|accuracy|1
|
|-sideend|p1: enternaam|move: Light Screen
|upkeep
|turn|9
|
|t:|1641784092
|switch|p1a: Mantine|Mantine, M|100/100
|move|p2a: Magmortar|Psychic|p1a: Mantine
|-damage|p1a: Mantine|87/100
|
|upkeep
|turn|10
|
|t:|1641784102
|switch|p2a: Scyther|Scyther, M|100/100
|move|p1a: Mantine|Whirlpool|p2a: Scyther
|-damage|p2a: Scyther|92/100
|-activate|p2a: Scyther|move: Whirlpool|[of] p1a: Mantine
|
|-damage|p2a: Scyther|80/100|[from] move: Whirlpool|[partiallytrapped]
|upkeep
|turn|11
|
|t:|1641784114
|move|p2a: Scyther|Toxic|p1a: Mantine|[miss]
|-miss|p2a: Scyther|p1a: Mantine
|move|p1a: Mantine|Air Slash|p2a: Scyther
|-supereffective|p2a: Scyther
|-damage|p2a: Scyther|52/100
|
|-damage|p2a: Scyther|39/100|[from] move: Whirlpool|[partiallytrapped]
|upkeep
|turn|12
|
|t:|1641784129
|move|p2a: Scyther|Toxic|p1a: Mantine
|-status|p1a: Mantine|tox
|move|p1a: Mantine|Air Slash|p2a: Scyther
|-supereffective|p2a: Scyther
|-damage|p2a: Scyther|12/100
|
|-damage|p1a: Mantine|81/100 tox|[from] psn
|-damage|p2a: Scyther|0 fnt|[from] move: Whirlpool|[partiallytrapped]
|faint|p2a: Scyther
|upkeep
|
|t:|1641784142
|switch|p2a: :)|Whimsicott, F|100/100
|turn|13
|
|t:|1641784151
|switch|p1a: Lickilicky|Lickilicky, M|100/100
|move|p2a: :)|Leech Seed|p1a: Lickilicky
|-start|p1a: Lickilicky|move: Leech Seed
|
|-damage|p1a: Lickilicky|88/100|[from] Leech Seed|[of] p2a: :)
|upkeep
|turn|14
|
|t:|1641784166
|move|p2a: :)|Toxic|p1a: Lickilicky
|-status|p1a: Lickilicky|tox
|move|p1a: Lickilicky|Heal Bell|p1a: Lickilicky
|-activate|p1a: Lickilicky|move: Heal Bell
|-curestatus|p1a: Lickilicky|tox|[msg]
|-curestatus|p1: Mantine|tox|[msg]
|
|-heal|p1a: Lickilicky|94/100|[from] item: Leftovers
|-damage|p1a: Lickilicky|82/100|[from] Leech Seed|[of] p2a: :)
|upkeep
|turn|15
|
|t:|1641784178
|move|p2a: :)|Encore|p1a: Lickilicky
|-start|p1a: Lickilicky|Encore
|move|p1a: Lickilicky|Heal Bell||[still]
|-activate|p1a: Lickilicky|move: Heal Bell
|-fail|p1a: Lickilicky
|
|-heal|p1a: Lickilicky|88/100|[from] item: Leftovers
|-damage|p1a: Lickilicky|76/100|[from] Leech Seed|[of] p2a: :)
|upkeep
|turn|16
|
|t:|1641784188
|switch|p1a: Dragapult|Dragapult, M|100/100
|move|p2a: :)|Toxic|p1a: Dragapult
|-status|p1a: Dragapult|tox
|
|-damage|p1a: Dragapult|95/100 tox|[from] psn
|upkeep
|turn|17
|
|t:|1641784203
|move|p2a: :)|Leech Seed|p1a: Dragapult|[miss]
|-miss|p2a: :)|p1a: Dragapult
|move|p1a: Dragapult|Thunder|p2a: :)
|-resisted|p2a: :)
|-damage|p2a: :)|77/100
|-damage|p1a: Dragapult|85/100 tox|[from] item: Life Orb
|
|-heal|p2a: :)|84/100|[from] item: Leftovers
|-damage|p1a: Dragapult|73/100 tox|[from] psn
|upkeep
|turn|18
|
|t:|1641784215
|switch|p1a: Scizor|Scizor, M|100/100
|move|p2a: :)|Encore||[still]
|-fail|p2a: :)
|
|-heal|p2a: :)|90/100|[from] item: Leftovers
|upkeep
|turn|19
|
|t:|1641784227
|switch|p2a: Magmortar|Magmortar, M|100/100
|move|p1a: Scizor|X-Scissor|p2a: Magmortar
|-resisted|p2a: Magmortar
|-damage|p2a: Magmortar|71/100
|
|upkeep
|turn|20
|
|t:|1641784237
|switch|p1a: Mantine|Mantine, M|81/100
|move|p2a: Magmortar|Thunderbolt|p1a: Mantine
|-supereffective|p1a: Mantine
|-damage|p1a: Mantine|27/100
|
|upkeep
|turn|21
|
|t:|1641784254
|switch|p2a: Conkeldurr|Conkeldurr, M|72/100 brn
|switch|p1a: Claydol|Claydol|2/100
|
|-damage|p2a: Conkeldurr|66/100 brn|[from] brn
|upkeep
|turn|22
|
|t:|1641784274
|switch|p1a: Dragapult|Dragapult, M|73/100 tox
|switch|p2a: Drampa|Drampa, M|100/100
|
|-damage|p1a: Dragapult|67/100 tox|[from] psn
|upkeep
|turn|23
|
|t:|1641784296
|switch|p2a: :)|Whimsicott, F|90/100
|move|p1a: Dragapult|Outrage|p2a: :)
|-immune|p2a: :)
|
|-heal|p2a: :)|96/100|[from] item: Leftovers
|-damage|p1a: Dragapult|55/100 tox|[from] psn
|upkeep
|turn|24
|
|t:|1641784307
|switch|p1a: Scizor|Scizor, M|100/100
|move|p2a: :)|Leech Seed|p1a: Scizor
|-start|p1a: Scizor|move: Leech Seed
|
|-heal|p2a: :)|100/100|[from] item: Leftovers
|-damage|p1a: Scizor|88/100|[from] Leech Seed|[of] p2a: :)
|upkeep
|turn|25
|
|t:|1641784315
|move|p2a: :)|Protect|p2a: :)
|-singleturn|p2a: :)|Protect
|move|p1a: Scizor|X-Scissor|p2a: :)
|-activate|p2a: :)|move: Protect
|
|-damage|p1a: Scizor|76/100|[from] Leech Seed|[of] p2a: :)
|upkeep
|turn|26
|
|t:|1641784332
|switch|p2a: Magmortar|Magmortar, M|71/100
|move|p1a: Scizor|X-Scissor|p2a: Magmortar
|-resisted|p2a: Magmortar
|-damage|p2a: Magmortar|42/100
|
|-damage|p1a: Scizor|64/100|[from] Leech Seed|[of] p2a: Magmortar
|-heal|p2a: Magmortar|55/100|[silent]
|upkeep
|turn|27
|
|t:|1641784344
|switch|p1a: Lickilicky|Lickilicky, M|76/100
|move|p2a: Magmortar|Flamethrower|p1a: Lickilicky
|-damage|p1a: Lickilicky|42/100
|
|-heal|p1a: Lickilicky|48/100|[from] item: Leftovers
|upkeep
|turn|28
|
|t:|1641784354
|move|p2a: Magmortar|Flamethrower|p1a: Lickilicky
|-damage|p1a: Lickilicky|16/100
|move|p1a: Lickilicky|Wish|p1a: Lickilicky
|
|-heal|p1a: Lickilicky|22/100|[from] item: Leftovers
|upkeep
|turn|29
|
|t:|1641784363
|switch|p1a: Mantine|Mantine, M|27/100
|move|p2a: Magmortar|Flamethrower|p1a: Mantine
|-resisted|p1a: Mantine
|-damage|p1a: Mantine|18/100
|
|-heal|p1a: Mantine|80/100|[from] move: Wish|[wisher] Lickilicky
|upkeep
|turn|30
|
|t:|1641784374
|switch|p2a: Slowbro|Slowbro-Galar, M|100/100
|move|p1a: Mantine|Whirlpool|p2a: Slowbro
|-damage|p2a: Slowbro|93/100
|-activate|p2a: Slowbro|move: Whirlpool|[of] p1a: Mantine
|
|-damage|p2a: Slowbro|80/100|[from] move: Whirlpool|[partiallytrapped]
|upkeep
|turn|31
|
|t:|1641784388
|move|p1a: Mantine|Mud-Slap|p2a: Slowbro
|-supereffective|p2a: Slowbro
|-damage|p2a: Slowbro|74/100
|-unboost|p2a: Slowbro|accuracy|1
|move|p2a: Slowbro|Shell Side Arm|p1a: Mantine|[anim] Shell Side Arm Physical
|-damage|p1a: Mantine|43/100
|-hint|Physical Shell Side Arm
|
|-damage|p2a: Slowbro|62/100|[from] move: Whirlpool|[partiallytrapped]
|upkeep
|turn|32
|
|t:|1641784410
|move|p1a: Mantine|Body Slam|p2a: Slowbro
|-damage|p2a: Slowbro|56/100
|move|p2a: Slowbro|Shell Side Arm|p1a: Mantine|[anim] Shell Side Arm Physical
|-damage|p1a: Mantine|2/100
|-hint|Physical Shell Side Arm
|-status|p1a: Mantine|psn
|
|-damage|p1a: Mantine|0 fnt|[from] psn
|faint|p1a: Mantine
|-end|p2a: Slowbro|Whirlpool|[partiallytrapped]|[silent]
|upkeep
|
|t:|1641784421
|switch|p1a: Weezing|Weezing, M|49/100
|turn|33
|
|t:|1641784429
|move|p1a: Weezing|Will-O-Wisp|p2a: Slowbro
|-status|p2a: Slowbro|brn
|move|p2a: Slowbro|Zen Headbutt|p1a: Weezing
|-supereffective|p1a: Weezing
|-crit|p1a: Weezing
|-damage|p1a: Weezing|17/100
|-damage|p2a: Slowbro|39/100 brn|[from] item: Rocky Helmet|[of] p1a: Weezing
|
|-damage|p2a: Slowbro|33/100 brn|[from] brn
|upkeep
|turn|34
|
|t:|1641784440
|switch|p2a: Conkeldurr|Conkeldurr, M|66/100 brn
|move|p1a: Weezing|Smokescreen|p2a: Conkeldurr
|-unboost|p2a: Conkeldurr|accuracy|1
|
|-damage|p2a: Conkeldurr|60/100 brn|[from] brn
|upkeep
|turn|35
|
|t:|1641784456
|switch|p2a: :)|Whimsicott, F|100/100
|move|p1a: Weezing|Smokescreen|p2a: :)
|-unboost|p2a: :)|accuracy|1
|
|upkeep
|turn|36
|
|t:|1641784465
|move|p2a: :)|Leech Seed|p1a: Weezing|[miss]
|-miss|p2a: :)|p1a: Weezing
|move|p1a: Weezing|Will-O-Wisp|p2a: :)|[miss]
|-miss|p1a: Weezing|p2a: :)
|
|upkeep
|turn|37
|
|t:|1641784470
|move|p2a: :)|Leech Seed|p1a: Weezing
|-start|p1a: Weezing|move: Leech Seed
|move|p1a: Weezing|Will-O-Wisp|p2a: :)|[miss]
|-miss|p1a: Weezing|p2a: :)
|
|-damage|p1a: Weezing|4/100|[from] Leech Seed|[of] p2a: :)
|upkeep
|turn|38
|
|t:|1641784478
|switch|p1a: Scizor|Scizor, M|64/100
|move|p2a: :)|Protect||[still]
|-fail|p2a: :)
|
|upkeep
|turn|39
|
|t:|1641784485
|switch|p2a: Magmortar|Magmortar, M|55/100
|move|p1a: Scizor|X-Scissor|p2a: Magmortar
|-resisted|p2a: Magmortar
|-damage|p2a: Magmortar|23/100
|-status|p1a: Scizor|brn|[from] ability: Flame Body|[of] p2a: Magmortar
|
|-damage|p1a: Scizor|58/100 brn|[from] brn
|upkeep
|turn|40
|
|t:|1641784500
|switch|p1a: Claydol|Claydol|2/100
|move|p2a: Magmortar|Flamethrower|p1a: Claydol
|-damage|p1a: Claydol|0 fnt
|faint|p1a: Claydol
|
|upkeep
|
|t:|1641784508
|switch|p1a: Dragapult|Dragapult, M|55/100 tox
|turn|41
|
|t:|1641784516
|move|p2a: Magmortar|Flamethrower|p1a: Dragapult
|-resisted|p1a: Dragapult
|-damage|p1a: Dragapult|22/100 tox
|move|p1a: Dragapult|Outrage|p2a: Magmortar
|-damage|p2a: Magmortar|0 fnt
|faint|p2a: Magmortar
|-damage|p1a: Dragapult|12/100 tox|[from] item: Life Orb
|
|-damage|p1a: Dragapult|6/100 tox|[from] psn
|upkeep
|
|t:|1641784526
|switch|p2a: :)|Whimsicott, F|100/100
|turn|42
|
|t:|1641784531
|move|p2a: :)|Leech Seed|p1a: Dragapult
|-start|p1a: Dragapult|move: Leech Seed
|move|p1a: Dragapult|Outrage|p2a: :)|[from]lockedmove
|-immune|p2a: :)
|
|-damage|p1a: Dragapult|0 fnt|[from] Leech Seed|[of] p2a: :)
|faint|p1a: Dragapult
|upkeep
|
|t:|1641784543
|switch|p1a: Lickilicky|Lickilicky, M|22/100
|turn|43
|
|t:|1641784560
|move|p2a: :)|Encore||[still]
|-fail|p2a: :)
|move|p1a: Lickilicky|Wish|p1a: Lickilicky
|
|-heal|p1a: Lickilicky|28/100|[from] item: Leftovers
|upkeep
|turn|44
|
|t:|1641784569
|move|p2a: :)|Toxic|p1a: Lickilicky
|-status|p1a: Lickilicky|tox
|move|p1a: Lickilicky|Mud-Slap|p2a: :)
|-resisted|p2a: :)
|-damage|p2a: :)|99/100
|-unboost|p2a: :)|accuracy|1
|
|-heal|p1a: Lickilicky|78/100 tox|[from] move: Wish|[wisher] Lickilicky
|-heal|p2a: :)|100/100|[from] item: Leftovers
|-heal|p1a: Lickilicky|84/100 tox|[from] item: Leftovers
|-damage|p1a: Lickilicky|78/100 tox|[from] psn
|upkeep
|turn|45
|
|t:|1641784581
|move|p2a: :)|Encore|p1a: Lickilicky
|-start|p1a: Lickilicky|Encore
|move|p1a: Lickilicky|Mud-Slap|p2a: :)
|-resisted|p2a: :)
|-damage|p2a: :)|99/100
|-unboost|p2a: :)|accuracy|1
|
|-heal|p2a: :)|100/100|[from] item: Leftovers
|-heal|p1a: Lickilicky|84/100 tox|[from] item: Leftovers
|-damage|p1a: Lickilicky|72/100 tox|[from] psn
|upkeep
|turn|46
|
|t:|1641784593
|move|p2a: :)|Leech Seed|p1a: Lickilicky|[miss]
|-miss|p2a: :)|p1a: Lickilicky
|move|p1a: Lickilicky|Mud-Slap|p2a: :)
|-resisted|p2a: :)
|-damage|p2a: :)|99/100
|-unboost|p2a: :)|accuracy|1
|
|-heal|p2a: :)|100/100|[from] item: Leftovers
|-heal|p1a: Lickilicky|78/100 tox|[from] item: Leftovers
|-damage|p1a: Lickilicky|59/100 tox|[from] psn
|upkeep
|turn|47
|
|t:|1641784604
|move|p2a: :)|Leech Seed|p1a: Lickilicky|[miss]
|-miss|p2a: :)|p1a: Lickilicky
|move|p1a: Lickilicky|Mud-Slap|p2a: :)
|-resisted|p2a: :)
|-damage|p2a: :)|99/100
|-unboost|p2a: :)|accuracy|1
|
|-heal|p2a: :)|100/100|[from] item: Leftovers
|-heal|p1a: Lickilicky|66/100 tox|[from] item: Leftovers
|-damage|p1a: Lickilicky|41/100 tox|[from] psn
|-end|p1a: Lickilicky|Encore
|upkeep
|turn|48
|
|t:|1641784621
|move|p2a: :)|Encore|p1a: Lickilicky
|-start|p1a: Lickilicky|Encore
|move|p1a: Lickilicky|Mud-Slap|p2a: :)
|-resisted|p2a: :)
|-damage|p2a: :)|99/100
|-unboost|p2a: :)|accuracy|1
|
|-heal|p2a: :)|100/100|[from] item: Leftovers
|-heal|p1a: Lickilicky|47/100 tox|[from] item: Leftovers
|-damage|p1a: Lickilicky|16/100 tox|[from] psn
|upkeep
|turn|49
|
|t:|1641784636
|switch|p1a: Weezing|Weezing, M|4/100
|move|p2a: :)|Protect||[still]
|-fail|p2a: :)
|
|upkeep
|turn|50
|
|t:|1641784643
|switch|p2a: Slowbro|Slowbro-Galar, M|66/100 brn
|switch|p1a: Lickilicky|Lickilicky, M|16/100 tox
|
|-heal|p1a: Lickilicky|22/100 tox|[from] item: Leftovers
|-damage|p1a: Lickilicky|16/100 tox|[from] psn
|-damage|p2a: Slowbro|60/100 brn|[from] brn
|upkeep
|turn|51
|
|t:|1641784653
|move|p1a: Lickilicky|Heal Bell|p1a: Lickilicky
|-activate|p1a: Lickilicky|move: Heal Bell
|-curestatus|p1a: Lickilicky|tox|[msg]
|-curestatus|p1: Scizor|brn|[msg]
|move|p2a: Slowbro|Drain Punch|p1a: Lickilicky
|-supereffective|p1a: Lickilicky
|-damage|p1a: Lickilicky|3/100
|-heal|p2a: Slowbro|66/100 brn|[from] drain|[of] p1a: Lickilicky
|
|-heal|p1a: Lickilicky|9/100|[from] item: Leftovers
|-damage|p2a: Slowbro|60/100 brn|[from] brn
|upkeep
|turn|52
|c|☆SeniumGames|woah
|
|t:|1641784680
|switch|p1a: Weezing|Weezing, M|4/100
|move|p2a: Slowbro|Drain Punch|p1a: Weezing
|-resisted|p1a: Weezing
|-crit|p1a: Weezing
|-damage|p1a: Weezing|0 fnt
|-heal|p2a: Slowbro|62/100 brn|[from] drain|[of] p1a: Weezing
|-damage|p2a: Slowbro|45/100 brn|[from] item: Rocky Helmet|[of] p1a: Weezing
|faint|p1a: Weezing
|
|-damage|p2a: Slowbro|39/100 brn|[from] brn
|upkeep
|
|t:|1641784691
|switch|p1a: Scizor|Scizor, M|58/100
|turn|53
|c|☆SeniumGames|Oh I'm burned I'm dumb lol
|
|t:|1641784706
|move|p1a: Scizor|X-Scissor|p2a: Slowbro
|-damage|p2a: Slowbro|14/100 brn
|move|p2a: Slowbro|Earthquake|p1a: Scizor
|-damage|p1a: Scizor|45/100
|
|-damage|p2a: Slowbro|8/100 brn|[from] brn
|upkeep
|turn|54
|
|t:|1641784717
|move|p1a: Scizor|Bullet Punch|p2a: Slowbro
|-damage|p2a: Slowbro|0 fnt
|faint|p2a: Slowbro
|
|upkeep
|
|t:|1641784725
|switch|p2a: Drampa|Drampa, M|100/100
|turn|55
|
|t:|1641784731
|move|p1a: Scizor|Aerial Ace|p2a: Drampa
|-damage|p2a: Drampa|85/100
|move|p2a: Drampa|Calm Mind|p2a: Drampa
|-boost|p2a: Drampa|spa|1
|-boost|p2a: Drampa|spd|1
|
|upkeep
|turn|56
|
|t:|1641784741
|move|p1a: Scizor|Swords Dance|p1a: Scizor
|-boost|p1a: Scizor|atk|2
|move|p2a: Drampa|Calm Mind|p2a: Drampa
|-boost|p2a: Drampa|spa|1
|-boost|p2a: Drampa|spd|1
|
|upkeep
|turn|57
|
|t:|1641784755
|move|p1a: Scizor|X-Scissor|p2a: Drampa
|-damage|p2a: Drampa|17/100
|-ability|p2a: Drampa|Berserk|boost
|-boost|p2a: Drampa|spa|1
|move|p2a: Drampa|Hyper Voice|p1a: Scizor
|-resisted|p1a: Scizor
|-damage|p1a: Scizor|0 fnt
|faint|p1a: Scizor
|-damage|p2a: Drampa|7/100|[from] item: Life Orb
|
|upkeep
|
|t:|1641784764
|switch|p1a: Lickilicky|Lickilicky, M|9/100
|turn|58
|
|t:|1641784775
|move|p1a: Lickilicky|Body Slam|p2a: Drampa
|-damage|p2a: Drampa|0 fnt
|faint|p2a: Drampa
|
|-heal|p1a: Lickilicky|16/100|[from] item: Leftovers
|upkeep
|
|t:|1641784783
|switch|p2a: Conkeldurr|Conkeldurr, M|60/100 brn
|turn|59
|
|t:|1641784793
|move|p2a: Conkeldurr|Drain Punch|p1a: Lickilicky
|-supereffective|p1a: Lickilicky
|-damage|p1a: Lickilicky|0 fnt
|-heal|p2a: Conkeldurr|69/100 brn|[from] drain|[of] p1a: Lickilicky
|faint|p1a: Lickilicky
|
|win|SeniumGames
|raw|enternaam's rating: 1027 &rarr; <strong>1012</strong><br />(-15 for losing)
|raw|SeniumGames's rating: 1012 &rarr; <strong>1052</strong><br />(+40 for winning)
|c|☆SeniumGames|gg
