|j|☆Ghidx
|j|☆Mathmaqueue83
|t:|1641828467
|gametype|singles
|player|p1|Ghidx|lucas|1439
|player|p2|Mathmaqueue83|red|1437
|teamsize|p1|6
|teamsize|p2|6
|gen|8
|tier|[Gen 8] OU
|rated|
|rule|Sleep Clause Mod: Limit one foe put to sleep
|rule|Species Clause: Limit one of each Pokémon
|rule|OHKO Clause: OHKO moves are banned
|rule|Evasion Moves Clause: Evasion moves are banned
|rule|Endless Battle Clause: Forcing endless battles is banned
|rule|HP Percentage Mod: HP is shown in percentages
|rule|Dynamax Clause: You cannot dynamax
|clearpoke
|poke|p1|Froslass, F|
|poke|p1|Bisharp, F|
|poke|p1|Landorus-Therian, M|
|poke|p1|Zapdos-Galar|
|poke|p1|Dragapult, M|
|poke|p1|Heatran, M|
|poke|p2|Dragapult, F|
|poke|p2|Melmetal|
|poke|p2|Landorus-Therian, M|
|poke|p2|Zapdos|
|poke|p2|Urshifu-*, F|
|poke|p2|Swampert, M|
|teampreview
|inactive|Battle timer is ON: inactive players will automatically lose when time's up. (requested by Ghidx)
|
|t:|1641828484
|start
|switch|p1a: Dragapult|Dragapult, M|100/100
|switch|p2a: Urshifu|Urshifu-Rapid-Strike, F|100/100
|turn|1
|
|t:|1641828490
|switch|p2a: Swampert|Swampert, M|100/100
|move|p1a: Dragapult|Shadow Ball|p2a: Swampert
|-damage|p2a: Swampert|61/100
|-unboost|p2a: Swampert|spd|1
|
|upkeep
|turn|2
|
|t:|1641828493
|move|p1a: Dragapult|Shadow Ball|p2a: Swampert
|-damage|p2a: Swampert|0 fnt
|faint|p2a: Swampert
|
|upkeep
|
|t:|1641828497
|switch|p2a: Dragapult|Dragapult, F|100/100
|turn|3
|
|t:|1641828500
|switch|p1a: Heatran|Heatran, M|100/100
|move|p2a: Dragapult|Dragon Darts|p1a: Heatran
|-resisted|p1a: Heatran
|-damage|p1a: Heatran|91/100
|-anim|p2a: Dragapult|Dragon Darts|p1a: Heatran
|-resisted|p1a: Heatran
|-damage|p1a: Heatran|81/100
|
|-heal|p1a: Heatran|87/100|[from] item: Leftovers
|upkeep
|turn|4
|
|t:|1641828505
|switch|p2a: Landorus|Landorus-Therian, M|100/100
|-ability|p2a: Landorus|Intimidate|boost
|-unboost|p1a: Heatran|atk|1
|move|p1a: Heatran|Stealth Rock|p2a: Landorus
|-sidestart|p2: Mathmaqueue83|move: Stealth Rock
|
|-heal|p1a: Heatran|93/100|[from] item: Leftovers
|upkeep
|turn|5
|
|t:|1641828511
|switch|p1a: Froslass|Froslass, F|100/100
|move|p2a: Landorus|Stealth Rock|p1a: Froslass
|-sidestart|p1: Ghidx|move: Stealth Rock
|
|upkeep
|turn|6
|
|t:|1641828517
|move|p1a: Froslass|Spikes|p2a: Landorus
|-sidestart|p2: Mathmaqueue83|Spikes
|move|p2a: Landorus|U-turn|p1a: Froslass
|-resisted|p1a: Froslass
|-damage|p1a: Froslass|80/100
|-start|p2a: Landorus|Disable|U-turn|[from] ability: Cursed Body|[of] p1a: Froslass
|
|t:|1641828522
|switch|p2a: Urshifu|Urshifu-Rapid-Strike, F|100/100|[from]move: U-turn
|-damage|p2a: Urshifu|88/100|[from] Spikes
|-damage|p2a: Urshifu|82/100|[from] Stealth Rock
|
|upkeep
|turn|7
|
|t:|1641828533
|move|p1a: Froslass|Destiny Bond|p1a: Froslass
|-singlemove|p1a: Froslass|Destiny Bond
|move|p2a: Urshifu|Surging Strikes|p1a: Froslass
|-crit|p1a: Froslass
|-damage|p1a: Froslass|31/100
|-start|p2a: Urshifu|Disable|Surging Strikes|[from] ability: Cursed Body|[of] p1a: Froslass
|-crit|p1a: Froslass
|-damage|p1a: Froslass|0 fnt
|faint|p1a: Froslass
|-activate|p1a: Froslass|move: Destiny Bond
|faint|p2a: Urshifu
|-hitcount|p1: Froslass|2
|
|upkeep
|
|t:|1641828551
|switch|p1a: Zapdos|Zapdos-Galar|100/100
|switch|p2a: Dragapult|Dragapult, F|100/100
|-damage|p2a: Dragapult|88/100|[from] Spikes
|-damage|p2a: Dragapult|76/100|[from] Stealth Rock
|-damage|p1a: Zapdos|88/100|[from] Stealth Rock
|turn|8
|
|t:|1641828556
|move|p2a: Dragapult|Dragon Darts|p1a: Zapdos
|-damage|p1a: Zapdos|61/100
|-anim|p2a: Dragapult|Dragon Darts|p1a: Zapdos
|-damage|p1a: Zapdos|34/100
|move|p1a: Zapdos|Brave Bird|p2a: Dragapult
|-damage|p2a: Dragapult|0 fnt
|faint|p2a: Dragapult
|-damage|p1a: Zapdos|9/100|[from] Recoil
|
|upkeep
|
|t:|1641828566
|switch|p2a: Zapdos|Zapdos|100/100
|turn|9
|
|t:|1641828571
|move|p1a: Zapdos|Brave Bird|p2a: Zapdos
|-resisted|p2a: Zapdos
|-damage|p2a: Zapdos|74/100
|-damage|p1a: Zapdos|0 fnt|[from] Recoil
|faint|p1a: Zapdos
|move|p2a: Zapdos|Toxic|p1: Zapdos|[notarget]
|-fail|p2a: Zapdos
|
|upkeep
|
|t:|1641828582
|switch|p1a: Dragapult|Dragapult, M|100/100
|-damage|p1a: Dragapult|88/100|[from] Stealth Rock
|turn|10
|
|t:|1641828588
|move|p1a: Dragapult|Shadow Ball|p2a: Zapdos
|-damage|p2a: Zapdos|13/100
|move|p2a: Zapdos|Toxic|p1a: Dragapult
|-status|p1a: Dragapult|tox
|
|-damage|p1a: Dragapult|82/100 tox|[from] psn
|upkeep
|turn|11
|
|t:|1641828593
|move|p2a: Zapdos|Protect|p2a: Zapdos
|-singleturn|p2a: Zapdos|Protect
|move|p1a: Dragapult|Shadow Ball|p2a: Zapdos
|-activate|p2a: Zapdos|move: Protect
|
|-damage|p1a: Dragapult|70/100 tox|[from] psn
|upkeep
|turn|12
|
|t:|1641828596
|switch|p2a: Melmetal|Melmetal|100/100
|-damage|p2a: Melmetal|88/100|[from] Spikes
|-damage|p2a: Melmetal|82/100|[from] Stealth Rock
|move|p1a: Dragapult|Shadow Ball|p2a: Melmetal
|-damage|p2a: Melmetal|19/100
|
|-damage|p1a: Dragapult|52/100 tox|[from] psn
|upkeep
|turn|13
|
|t:|1641828599
|move|p2a: Melmetal|Protect|p2a: Melmetal
|-singleturn|p2a: Melmetal|Protect
|move|p1a: Dragapult|Shadow Ball|p2a: Melmetal
|-activate|p2a: Melmetal|move: Protect
|
|-damage|p1a: Dragapult|28/100 tox|[from] psn
|upkeep
|turn|14
|
|t:|1641828607
|switch|p2a: Landorus|Landorus-Therian, M|100/100
|-damage|p2a: Landorus|88/100|[from] Stealth Rock
|-ability|p2a: Landorus|Intimidate|boost
|-unboost|p1a: Dragapult|atk|1
|move|p1a: Dragapult|Shadow Ball|p2a: Landorus
|-damage|p2a: Landorus|25/100
|
|-damage|p1a: Dragapult|0 fnt|[from] psn
|faint|p1a: Dragapult
|upkeep
|
|t:|1641828611
|switch|p1a: Bisharp|Bisharp, F|100/100
|-damage|p1a: Bisharp|95/100|[from] Stealth Rock
|turn|15
|
|t:|1641828617
|move|p1a: Bisharp|Sucker Punch|p2a: Landorus
|-damage|p2a: Landorus|0 fnt
|faint|p2a: Landorus
|
|upkeep
|
|t:|1641828621
|switch|p2a: Melmetal|Melmetal|19/100
|-damage|p2a: Melmetal|7/100|[from] Spikes
|-damage|p2a: Melmetal|1/100|[from] Stealth Rock
|turn|16
|
|t:|1641828625
|move|p1a: Bisharp|Knock Off|p2a: Melmetal
|-damage|p2a: Melmetal|0 fnt
|-damage|p1a: Bisharp|78/100|[from] item: Rocky Helmet|[of] p2a: Melmetal
|-enditem|p2a: Melmetal|Rocky Helmet|[from] move: Knock Off|[of] p1a: Bisharp
|faint|p2a: Melmetal
|
|upkeep
|-message|Mathmaqueue83 forfeited.
|
|win|Ghidx
|raw|Ghidx's rating: 1439 &rarr; <strong>1459</strong><br />(+20 for winning)
|raw|Mathmaqueue83's rating: 1437 &rarr; <strong>1417</strong><br />(-20 for losing)
|l|☆Mathmaqueue83
