|j|☆NullYT
|j|☆lavarina
|t:|1641871367
|gametype|singles
|player|p1|NullYT|teamrocket|1291
|player|p2|lavarina|102|1317
|teamsize|p1|6
|teamsize|p2|6
|gen|8
|tier|[Gen 8] OU
|rated|
|rule|Sleep Clause Mod: Limit one foe put to sleep
|rule|Species Clause: Limit one of each Pokémon
|rule|OHKO Clause: OHKO moves are banned
|rule|Evasion Moves Clause: Evasion moves are banned
|rule|Endless Battle Clause: Forcing endless battles is banned
|rule|HP Percentage Mod: HP is shown in percentages
|rule|Dynamax Clause: You cannot dynamax
|clearpoke
|poke|p1|Kartana|
|poke|p1|Landorus-Therian, M|
|poke|p1|Blissey, F|
|poke|p1|Ferrothorn, M|
|poke|p1|Mew|
|poke|p1|Dragapult, M|
|poke|p2|Cofagrigus, F|
|poke|p2|Landorus-Therian, M|
|poke|p2|Blacephalon|
|poke|p2|Rillaboom, M|
|poke|p2|Corviknight, M|
|poke|p2|Toxapex, M|
|teampreview
|
|t:|1641871386
|start
|switch|p1a: Mew|Mew|100/100
|switch|p2a: Landorus|Landorus-Therian, M|100/100
|-ability|p2a: Landorus|Intimidate|boost
|-unboost|p1a: Mew|atk|1
|turn|1
|
|t:|1641871391
|move|p2a: Landorus|Knock Off|p1a: Mew
|-supereffective|p1a: Mew
|-damage|p1a: Mew|46/100
|-enditem|p1a: Mew|Focus Sash|[from] move: Knock Off|[of] p2a: Landorus
|move|p1a: Mew|Stealth Rock|p2a: Landorus
|-sidestart|p2: lavarina|move: Stealth Rock
|
|upkeep
|turn|2
|
|t:|1641871397
|switch|p2a: Corviknight|Corviknight, M|100/100
|-damage|p2a: Corviknight|88/100|[from] Stealth Rock
|-ability|p2a: Corviknight|Pressure
|move|p1a: Mew|Spikes|p2a: Corviknight
|-sidestart|p2: lavarina|Spikes
|
|-heal|p2a: Corviknight|94/100|[from] item: Leftovers
|upkeep
|turn|3
|
|t:|1641871406
|switch|p1a: Ferrothorn|Ferrothorn, M|100/100
|move|p2a: Corviknight|Defog|p1a: Ferrothorn
|-unboost|p1a: Ferrothorn|evasion|1
|-sideend|p2: lavarina|Spikes|[from] move: Defog|[of] p2a: Corviknight
|-sideend|p2: lavarina|Stealth Rock|[from] move: Defog|[of] p2a: Corviknight
|
|-heal|p2a: Corviknight|100/100|[from] item: Leftovers
|upkeep
|turn|4
|
|t:|1641871411
|move|p2a: Corviknight|Body Press|p1a: Ferrothorn
|-supereffective|p1a: Ferrothorn
|-damage|p1a: Ferrothorn|68/100
|-damage|p2a: Corviknight|88/100|[from] ability: Iron Barbs|[of] p1a: Ferrothorn
|-damage|p2a: Corviknight|71/100|[from] item: Rocky Helmet|[of] p1a: Ferrothorn
|move|p1a: Ferrothorn|Leech Seed|p2a: Corviknight
|-start|p2a: Corviknight|move: Leech Seed
|
|-heal|p2a: Corviknight|78/100|[from] item: Leftovers
|-damage|p2a: Corviknight|65/100|[from] Leech Seed|[of] p1a: Ferrothorn
|-heal|p1a: Ferrothorn|82/100|[silent]
|upkeep
|turn|5
|
|t:|1641871422
|switch|p2a: Blacephalon|Blacephalon|100/100
|move|p1a: Ferrothorn|Protect||[still]
|-fail|p1a: Ferrothorn
|
|upkeep
|turn|6
|
|t:|1641871430
|switch|p1a: Blissey|Blissey, F|100/100
|move|p2a: Blacephalon|Flamethrower|p1a: Blissey
|-damage|p1a: Blissey|72/100
|
|-heal|p1a: Blissey|78/100|[from] item: Leftovers
|upkeep
|turn|7
|
|t:|1641871442
|switch|p2a: Cofagrigus|Cofagrigus, F|100/100
|move|p1a: Blissey|Reflect|p1a: Blissey
|-sidestart|p1: NullYT|Reflect
|
|-heal|p1a: Blissey|84/100|[from] item: Leftovers
|upkeep
|turn|8
|
|t:|1641871447
|move|p1a: Blissey|Toxic|p2a: Cofagrigus
|-status|p2a: Cofagrigus|tox
|move|p2a: Cofagrigus|Toxic Spikes|p1a: Blissey
|-sidestart|p1: NullYT|move: Toxic Spikes
|
|-heal|p1a: Blissey|90/100|[from] item: Leftovers
|-damage|p2a: Cofagrigus|95/100 tox|[from] psn
|upkeep
|turn|9
|
|t:|1641871453
|switch|p1a: Mew|Mew|46/100
|-status|p1a: Mew|psn
|move|p2a: Cofagrigus|Toxic Spikes|p1a: Mew
|-sidestart|p1: NullYT|move: Toxic Spikes
|
|-damage|p1a: Mew|34/100 psn|[from] psn
|-damage|p2a: Cofagrigus|83/100 tox|[from] psn
|upkeep
|turn|10
|
|t:|1641871476
|switch|p2a: Landorus|Landorus-Therian, M|100/100
|-ability|p2a: Landorus|Intimidate|boost
|-unboost|p1a: Mew|atk|1
|move|p1a: Mew|Stealth Rock|p2a: Landorus
|-sidestart|p2: lavarina|move: Stealth Rock
|
|-damage|p1a: Mew|21/100 psn|[from] psn
|upkeep
|turn|11
|
|t:|1641871480
|move|p2a: Landorus|Earthquake|p1a: Mew
|-damage|p1a: Mew|0 fnt
|faint|p1a: Mew
|
|-sideend|p1: NullYT|Reflect
|upkeep
|
|t:|1641871488
|switch|p1a: Ferrothorn|Ferrothorn, M|82/100
|turn|12
|
|t:|1641871493
|move|p2a: Landorus|Earthquake|p1a: Ferrothorn
|-damage|p1a: Ferrothorn|45/100
|move|p1a: Ferrothorn|Leech Seed|p2a: Landorus|[miss]
|-miss|p1a: Ferrothorn|p2a: Landorus
|
|upkeep
|turn|13
|
|t:|1641871506
|move|p2a: Landorus|Earthquake|p1a: Ferrothorn
|-damage|p1a: Ferrothorn|8/100
|move|p1a: Ferrothorn|Leech Seed|p2a: Landorus
|-start|p2a: Landorus|move: Leech Seed
|
|-damage|p2a: Landorus|88/100|[from] Leech Seed|[of] p1a: Ferrothorn
|-heal|p1a: Ferrothorn|19/100|[silent]
|upkeep
|turn|14
|
|t:|1641871513
|switch|p2a: Corviknight|Corviknight, M|65/100
|-damage|p2a: Corviknight|53/100|[from] Stealth Rock
|-ability|p2a: Corviknight|Pressure
|move|p1a: Ferrothorn|Protect||[still]
|-fail|p1a: Ferrothorn
|
|-heal|p2a: Corviknight|59/100|[from] item: Leftovers
|upkeep
|turn|15
|
|t:|1641871520
|move|p1a: Ferrothorn|Protect|p1a: Ferrothorn
|-singleturn|p1a: Ferrothorn|Protect
|move|p2a: Corviknight|Roost|p2a: Corviknight
|-heal|p2a: Corviknight|100/100
|-singleturn|p2a: Corviknight|move: Roost
|
|upkeep
|turn|16
|
|t:|1641871529
|move|p2a: Corviknight|Defog|p1a: Ferrothorn
|-unboost|p1a: Ferrothorn|evasion|1
|-sideend|p1: NullYT|Toxic Spikes|[from] move: Defog|[of] p2a: Corviknight
|-sideend|p2: lavarina|Stealth Rock|[from] move: Defog|[of] p2a: Corviknight
|move|p1a: Ferrothorn|Leech Seed|p2a: Corviknight|[miss]
|-miss|p1a: Ferrothorn|p2a: Corviknight
|
|upkeep
|turn|17
|
|t:|1641871536
|switch|p2a: Rillaboom|Rillaboom, M|100/100
|-fieldstart|move: Grassy Terrain|[from] ability: Grassy Surge|[of] p2a: Rillaboom
|move|p1a: Ferrothorn|Leech Seed|p2a: Rillaboom
|-immune|p2a: Rillaboom
|
|-heal|p1a: Ferrothorn|25/100|[from] Grassy Terrain
|upkeep
|turn|18
|
|t:|1641871545
|move|p2a: Rillaboom|Knock Off|p1a: Ferrothorn
|-damage|p1a: Ferrothorn|0 fnt
|-damage|p2a: Rillaboom|88/100|[from] ability: Iron Barbs|[of] p1a: Ferrothorn
|-damage|p2a: Rillaboom|72/100|[from] item: Rocky Helmet|[of] p1a: Ferrothorn
|-enditem|p1a: Ferrothorn|Rocky Helmet|[from] move: Knock Off|[of] p2a: Rillaboom
|faint|p1a: Ferrothorn
|
|-heal|p2a: Rillaboom|78/100|[from] Grassy Terrain
|upkeep
|
|t:|1641871556
|switch|p1a: Kartana|Kartana|100/100
|turn|19
|
|t:|1641871564
|switch|p2a: Cofagrigus|Cofagrigus, F|83/100 tox
|move|p1a: Kartana|Sacred Sword|p2a: Cofagrigus
|-immune|p2a: Cofagrigus
|
|-heal|p2a: Cofagrigus|89/100 tox|[from] Grassy Terrain
|-damage|p2a: Cofagrigus|83/100 tox|[from] psn
|upkeep
|turn|20
|
|t:|1641871574
|switch|p1a: Dragapult|Dragapult, M|100/100
|move|p2a: Cofagrigus|Toxic Spikes|p1a: Dragapult
|-sidestart|p1: NullYT|move: Toxic Spikes
|
|-heal|p2a: Cofagrigus|89/100 tox|[from] Grassy Terrain
|-damage|p2a: Cofagrigus|77/100 tox|[from] psn
|upkeep
|turn|21
|
|t:|1641871581
|switch|p2a: Toxapex|Toxapex, M|100/100
|move|p1a: Dragapult|Dragon Dance|p1a: Dragapult
|-boost|p1a: Dragapult|atk|1
|-boost|p1a: Dragapult|spe|1
|
|-fieldend|move: Grassy Terrain
|upkeep
|turn|22
|
|t:|1641871587
|move|p1a: Dragapult|Dragon Darts|p2a: Toxapex
|-damage|p2a: Toxapex|69/100
|-anim|p1a: Dragapult|Dragon Darts|p2a: Toxapex
|-damage|p2a: Toxapex|35/100
|-damage|p1a: Dragapult|91/100|[from] item: Life Orb
|move|p2a: Toxapex|Knock Off|p1a: Dragapult
|-supereffective|p1a: Dragapult
|-damage|p1a: Dragapult|54/100
|-enditem|p1a: Dragapult|Life Orb|[from] move: Knock Off|[of] p2a: Toxapex
|
|upkeep
|turn|23
|
|t:|1641871595
|move|p2a: Toxapex|Baneful Bunker|p2a: Toxapex
|-singleturn|p2a: Toxapex|move: Protect
|move|p1a: Dragapult|Dragon Darts|p2a: Toxapex
|-activate|p2a: Toxapex|move: Protect
|
|upkeep
|turn|24
|
|t:|1641871603
|switch|p2a: Corviknight|Corviknight, M|100/100
|-ability|p2a: Corviknight|Pressure
|move|p1a: Dragapult|Dragon Darts|p2a: Corviknight
|-resisted|p2a: Corviknight
|-damage|p2a: Corviknight|86/100
|-anim|p1a: Dragapult|Dragon Darts|p2a: Corviknight
|-resisted|p2a: Corviknight
|-damage|p2a: Corviknight|74/100
|
|-heal|p2a: Corviknight|80/100|[from] item: Leftovers
|upkeep
|turn|25
|
|t:|1641871609
|move|p1a: Dragapult|Phantom Force||[still]
|-prepare|p1a: Dragapult|Phantom Force
|move|p2a: Corviknight|U-turn|p1a: Dragapult|[miss]
|-miss|p2a: Corviknight|p1a: Dragapult
|
|-heal|p2a: Corviknight|87/100|[from] item: Leftovers
|upkeep
|turn|26
|
|t:|1641871612
|move|p1a: Dragapult|Phantom Force|p2a: Corviknight|[from]lockedmove
|-damage|p2a: Corviknight|39/100
|move|p2a: Corviknight|U-turn|p1a: Dragapult
|-resisted|p1a: Dragapult
|-damage|p1a: Dragapult|43/100
|
|t:|1641871618
|switch|p2a: Landorus|Landorus-Therian, M|88/100|[from]move: U-turn
|-ability|p2a: Landorus|Intimidate|boost
|-fail|p1a: Dragapult|unboost|[from] ability: Clear Body|[of] p1a: Dragapult
|
|upkeep
|turn|27
|
|t:|1641871622
|move|p1a: Dragapult|Dragon Darts|p2a: Landorus
|-damage|p2a: Landorus|39/100
|-anim|p1a: Dragapult|Dragon Darts|p2a: Landorus
|-damage|p2a: Landorus|0 fnt
|faint|p2a: Landorus
|
|upkeep
|
|t:|1641871639
|switch|p2a: Toxapex|Toxapex, M|68/100
|turn|28
|
|t:|1641871653
|move|p1a: Dragapult|Dragon Darts|p2a: Toxapex
|-damage|p2a: Toxapex|44/100
|-anim|p1a: Dragapult|Dragon Darts|p2a: Toxapex
|-damage|p2a: Toxapex|21/100
|move|p2a: Toxapex|Recover|p2a: Toxapex
|-heal|p2a: Toxapex|71/100
|
|upkeep
|turn|29
|
|t:|1641871661
|move|p1a: Dragapult|Dragon Dance|p1a: Dragapult
|-boost|p1a: Dragapult|atk|1
|-boost|p1a: Dragapult|spe|1
|move|p2a: Toxapex|Recover|p2a: Toxapex
|-heal|p2a: Toxapex|100/100
|
|upkeep
|turn|30
|
|t:|1641871665
|move|p1a: Dragapult|Dragon Darts|p2a: Toxapex
|-damage|p2a: Toxapex|67/100
|-anim|p1a: Dragapult|Dragon Darts|p2a: Toxapex
|-damage|p2a: Toxapex|32/100
|move|p2a: Toxapex|Scald|p1a: Dragapult
|-resisted|p1a: Dragapult
|-damage|p1a: Dragapult|31/100
|-status|p1a: Dragapult|brn
|
|-damage|p1a: Dragapult|25/100 brn|[from] brn
|upkeep
|turn|31
|
|t:|1641871673
|move|p2a: Toxapex|Baneful Bunker|p2a: Toxapex
|-singleturn|p2a: Toxapex|move: Protect
|move|p1a: Dragapult|Dragon Darts|p2a: Toxapex
|-activate|p2a: Toxapex|move: Protect
|
|-damage|p1a: Dragapult|19/100 brn|[from] brn
|upkeep
|turn|32
|
|t:|1641871682
|switch|p2a: Corviknight|Corviknight, M|39/100
|-ability|p2a: Corviknight|Pressure
|move|p1a: Dragapult|Dragon Darts|p2a: Corviknight
|-resisted|p2a: Corviknight
|-damage|p2a: Corviknight|30/100
|-anim|p1a: Dragapult|Dragon Darts|p2a: Corviknight
|-resisted|p2a: Corviknight
|-damage|p2a: Corviknight|21/100
|
|-heal|p2a: Corviknight|28/100|[from] item: Leftovers
|-damage|p1a: Dragapult|13/100 brn|[from] brn
|upkeep
|turn|33
|
|t:|1641871689
|move|p1a: Dragapult|Phantom Force||[still]
|-prepare|p1a: Dragapult|Phantom Force
|move|p2a: Corviknight|Roost|p2a: Corviknight
|-heal|p2a: Corviknight|78/100
|-singleturn|p2a: Corviknight|move: Roost
|
|-heal|p2a: Corviknight|84/100|[from] item: Leftovers
|-damage|p1a: Dragapult|7/100 brn|[from] brn
|upkeep
|turn|34
|
|t:|1641871695
|move|p1a: Dragapult|Phantom Force|p2a: Corviknight|[from]lockedmove
|-damage|p2a: Corviknight|55/100
|move|p2a: Corviknight|Roost|p2a: Corviknight
|-heal|p2a: Corviknight|100/100
|-singleturn|p2a: Corviknight|move: Roost
|
|-damage|p1a: Dragapult|1/100 brn|[from] brn
|upkeep
|turn|35
|
|t:|1641871706
|move|p1a: Dragapult|Dragon Darts|p2a: Corviknight
|-resisted|p2a: Corviknight
|-damage|p2a: Corviknight|92/100
|-anim|p1a: Dragapult|Dragon Darts|p2a: Corviknight
|-resisted|p2a: Corviknight
|-damage|p2a: Corviknight|83/100
|move|p2a: Corviknight|U-turn|p1a: Dragapult
|-resisted|p1a: Dragapult
|-damage|p1a: Dragapult|0 fnt
|faint|p1a: Dragapult
|
|t:|1641871717
|switch|p2a: Blacephalon|Blacephalon|100/100|[from]move: U-turn
|
|upkeep
|
|t:|1641871744
|switch|p1a: Kartana|Kartana|100/100
|turn|36
|
|t:|1641871759
|switch|p2a: Toxapex|Toxapex, M|65/100
|move|p1a: Kartana|Knock Off|p2a: Toxapex
|-damage|p2a: Toxapex|37/100
|-damage|p1a: Kartana|84/100|[from] item: Rocky Helmet|[of] p2a: Toxapex
|-enditem|p2a: Toxapex|Rocky Helmet|[from] move: Knock Off|[of] p1a: Kartana
|
|upkeep
|turn|37
|
|t:|1641871765
|switch|p1a: Landorus|Landorus-Therian, M|100/100
|-ability|p1a: Landorus|Intimidate|boost
|-unboost|p2a: Toxapex|atk|1
|move|p2a: Toxapex|Baneful Bunker||[still]
|-fail|p2a: Toxapex
|
|upkeep
|turn|38
|
|t:|1641871770
|switch|p2a: Rillaboom|Rillaboom, M|78/100
|-fieldstart|move: Grassy Terrain|[from] ability: Grassy Surge|[of] p2a: Rillaboom
|move|p1a: Landorus|Earthquake|p2a: Rillaboom
|-resisted|p2a: Rillaboom
|-crit|p2a: Rillaboom
|-damage|p2a: Rillaboom|55/100
|
|-heal|p2a: Rillaboom|61/100|[from] Grassy Terrain
|upkeep
|turn|39
|
|t:|1641871779
|move|p2a: Rillaboom|Grassy Glide|p1a: Landorus
|-damage|p1a: Landorus|16/100
|-enditem|p1a: Landorus|Sitrus Berry|[eat]
|-heal|p1a: Landorus|41/100|[from] item: Sitrus Berry
|move|p1a: Landorus|Fly||[still]
|-prepare|p1a: Landorus|Fly
|
|-heal|p2a: Rillaboom|67/100|[from] Grassy Terrain
|upkeep
|turn|40
|
|t:|1641871790
|switch|p2a: Cofagrigus|Cofagrigus, F|77/100 tox
|move|p1a: Landorus|Fly|p2a: Cofagrigus|[from]lockedmove
|-damage|p2a: Cofagrigus|41/100 tox
|-activate|p2a: Cofagrigus|ability: Mummy|Intimidate|[of] p1a: Landorus
|
|-heal|p2a: Cofagrigus|47/100 tox|[from] Grassy Terrain
|-damage|p2a: Cofagrigus|41/100 tox|[from] psn
|upkeep
|turn|41
|
|t:|1641871800
|move|p1a: Landorus|Fly||[still]
|-prepare|p1a: Landorus|Fly
|move|p2a: Cofagrigus|Rest|p2a: Cofagrigus
|-status|p2a: Cofagrigus|slp|[from] move: Rest
|-heal|p2a: Cofagrigus|100/100 slp|[silent]
|-enditem|p2a: Cofagrigus|Chesto Berry|[eat]
|-curestatus|p2a: Cofagrigus|slp|[msg]
|
|upkeep
|turn|42
|
|t:|1641871805
|move|p1a: Landorus|Fly|p2a: Cofagrigus|[from]lockedmove
|-damage|p2a: Cofagrigus|59/100
|move|p2a: Cofagrigus|Iron Defense|p2a: Cofagrigus
|-boost|p2a: Cofagrigus|def|2
|
|-heal|p2a: Cofagrigus|65/100|[from] Grassy Terrain
|-fieldend|move: Grassy Terrain
|upkeep
|turn|43
|
|t:|1641871812
|switch|p1a: Blissey|Blissey, F|90/100
|-status|p1a: Blissey|psn
|move|p2a: Cofagrigus|Iron Defense|p2a: Cofagrigus
|-boost|p2a: Cofagrigus|def|2
|
|-heal|p1a: Blissey|96/100 psn|[from] item: Leftovers
|-damage|p1a: Blissey|84/100 psn|[from] psn
|upkeep
|turn|44
|
|t:|1641871816
|move|p1a: Blissey|Toxic|p2a: Cofagrigus
|-status|p2a: Cofagrigus|tox
|move|p2a: Cofagrigus|Body Press|p1a: Blissey
|-supereffective|p1a: Blissey
|-damage|p1a: Blissey|0 fnt
|faint|p1a: Blissey
|
|-damage|p2a: Cofagrigus|59/100 tox|[from] psn
|upkeep
|
|t:|1641871823
|switch|p1a: Kartana|Kartana|84/100
|turn|45
|
|t:|1641871826
|move|p1a: Kartana|Knock Off|p2a: Cofagrigus
|-supereffective|p2a: Cofagrigus
|-damage|p2a: Cofagrigus|43/100 tox
|-activate|p2a: Cofagrigus|ability: Mummy|Beast Boost|[of] p1a: Kartana
|move|p2a: Cofagrigus|Body Press|p1a: Kartana
|-supereffective|p1a: Kartana
|-damage|p1a: Kartana|0 fnt
|faint|p1a: Kartana
|
|-damage|p2a: Cofagrigus|31/100 tox|[from] psn
|upkeep
|
|t:|1641871833
|switch|p1a: Landorus|Landorus-Therian, M|41/100
|-ability|p1a: Landorus|Intimidate|boost
|-unboost|p2a: Cofagrigus|atk|1
|turn|46
|
|t:|1641871842
|move|p1a: Landorus|Fly||[still]
|-prepare|p1a: Landorus|Fly
|move|p2a: Cofagrigus|Iron Defense|p2a: Cofagrigus
|-boost|p2a: Cofagrigus|def|2
|
|-damage|p2a: Cofagrigus|13/100 tox|[from] psn
|upkeep
|turn|47
|
|t:|1641871846
|move|p1a: Landorus|Fly|p2a: Cofagrigus|[from]lockedmove
|-damage|p2a: Cofagrigus|3/100 tox
|-activate|p2a: Cofagrigus|ability: Mummy|Intimidate|[of] p1a: Landorus
|move|p2a: Cofagrigus|Rest|p2a: Cofagrigus
|-status|p2a: Cofagrigus|slp|[from] move: Rest
|-heal|p2a: Cofagrigus|100/100 slp|[silent]
|
|upkeep
|turn|48
|
|t:|1641871855
|move|p1a: Landorus|Swords Dance|p1a: Landorus
|-boost|p1a: Landorus|atk|2
|cant|p2a: Cofagrigus|slp
|
|upkeep
|turn|49
|
|t:|1641871863
|move|p1a: Landorus|Swords Dance|p1a: Landorus
|-boost|p1a: Landorus|atk|2
|cant|p2a: Cofagrigus|slp
|
|upkeep
|turn|50
|
|t:|1641871866
|move|p1a: Landorus|Fly||[still]
|-prepare|p1a: Landorus|Fly
|-curestatus|p2a: Cofagrigus|slp|[msg]
|move|p2a: Cofagrigus|Body Press|p1a: Landorus|[miss]
|-miss|p2a: Cofagrigus|p1a: Landorus
|
|upkeep
|turn|51
|
|t:|1641871869
|move|p1a: Landorus|Fly|p2a: Cofagrigus|[from]lockedmove
|-damage|p2a: Cofagrigus|68/100
|move|p2a: Cofagrigus|Body Press|p1a: Landorus
|-resisted|p1a: Landorus
|-damage|p1a: Landorus|0 fnt
|faint|p1a: Landorus
|
|win|lavarina
|raw|NullYT's rating: 1291 &rarr; <strong>1269</strong><br />(-22 for losing)
|raw|lavarina's rating: 1333 &rarr; <strong>1351</strong><br />(+18 for winning)
|l|☆lavarina
|j|☆lavarina
|player|p2|lavarina|102
