|j|‽Lolytics1993
|j|☆Bo Jiden
|t:|1641857369
|gametype|singles
|player|p1|Lolytics1993|1|1412
|player|p2|Bo Jiden|unknown|1389
|teamsize|p1|6
|teamsize|p2|6
|gen|8
|tier|[Gen 8] OU
|rated|
|rule|Sleep Clause Mod: Limit one foe put to sleep
|rule|Species Clause: Limit one of each Pokémon
|rule|OHKO Clause: OHKO moves are banned
|rule|Evasion Moves Clause: Evasion moves are banned
|rule|Endless Battle Clause: Forcing endless battles is banned
|rule|HP Percentage Mod: HP is shown in percentages
|rule|Dynamax Clause: You cannot dynamax
|clearpoke
|poke|p1|Tyranitar, M|
|poke|p1|Scizor, M|
|poke|p1|Zapdos|
|poke|p1|Garchomp, F|
|poke|p1|Heatran, M|
|poke|p1|Tapu Fini|
|poke|p2|Landorus-Therian, M|
|poke|p2|Melmetal|
|poke|p2|Buzzwole|
|poke|p2|Salazzle, F|
|poke|p2|Dragonite, M|
|poke|p2|Tapu Fini|
|teampreview
|
|t:|1641857375
|start
|switch|p1a: Garchomp|Garchomp, F|100/100
|switch|p2a: Tapu Fini|Tapu Fini|100/100
|-fieldstart|move: Misty Terrain|[from] ability: Misty Surge|[of] p2a: Tapu Fini
|turn|1
|inactive|Battle timer is ON: inactive players will automatically lose when time's up. (requested by Bo Jiden)
|inactive|Lolytics1993 has 120 seconds left.
|
|t:|1641857424
|move|p1a: Garchomp|Protect|p1a: Garchomp
|-singleturn|p1a: Garchomp|Protect
|move|p2a: Tapu Fini|Trick|p1a: Garchomp
|-activate|p1a: Garchomp|move: Protect
|
|upkeep
|turn|2
|
|t:|1641857445
|switch|p1a: Scizor|Scizor, M, shiny|100/100
|move|p2a: Tapu Fini|Trick|p1a: Scizor
|-activate|p2a: Tapu Fini|move: Trick|[of] p1a: Scizor
|-item|p1a: Scizor|Choice Scarf|[from] move: Trick
|-item|p2a: Tapu Fini|Choice Band|[from] move: Trick
|
|upkeep
|turn|3
|
|t:|1641857455
|switch|p2a: Landorus|Landorus-Therian, M|100/100
|-ability|p2a: Landorus|Intimidate|boost
|-unboost|p1a: Scizor|atk|1
|move|p1a: Scizor|Bullet Punch|p2a: Landorus
|-damage|p2a: Landorus|78/100
|
|-heal|p2a: Landorus|84/100|[from] item: Leftovers
|upkeep
|turn|4
|inactive|Lolytics1993 has 120 seconds left.
|c|☆Bo Jiden|go
|inactive|Lolytics1993 has 90 seconds left.
|
|t:|1641857523
|move|p1a: Scizor|Bullet Punch|p2a: Landorus
|-damage|p2a: Landorus|63/100
|move|p2a: Landorus|Stealth Rock|p1a: Scizor
|-sidestart|p1: Lolytics1993|move: Stealth Rock
|
|-heal|p2a: Landorus|69/100|[from] item: Leftovers
|upkeep
|turn|5
|inactive|Lolytics1993 has 90 seconds left.
|
|t:|1641857533
|switch|p1a: Garchomp|Garchomp, F|100/100
|-damage|p1a: Garchomp|94/100|[from] Stealth Rock
|switch|p2a: Buzzwole|Buzzwole|100/100
|
|-fieldend|Misty Terrain
|upkeep
|turn|6
|inactive|Lolytics1993 has 90 seconds left.
|
|t:|1641857559
|move|p1a: Garchomp|Protect|p1a: Garchomp
|-singleturn|p1a: Garchomp|Protect
|move|p2a: Buzzwole|Ice Punch|p1a: Garchomp
|-activate|p1a: Garchomp|move: Protect
|
|upkeep
|turn|7
|
|t:|1641857587
|move|p2a: Buzzwole|Close Combat|p1a: Garchomp
|-damage|p1a: Garchomp|48/100
|-unboost|p2a: Buzzwole|def|1
|-unboost|p2a: Buzzwole|spd|1
|-damage|p2a: Buzzwole|88/100|[from] ability: Rough Skin|[of] p1a: Garchomp
|-damage|p2a: Buzzwole|71/100|[from] item: Rocky Helmet|[of] p1a: Garchomp
|move|p1a: Garchomp|Toxic|p2a: Buzzwole
|-status|p2a: Buzzwole|tox
|
|-damage|p2a: Buzzwole|65/100 tox|[from] psn
|upkeep
|turn|8
|
|t:|1641857609
|move|p1a: Garchomp|Protect|p1a: Garchomp
|-singleturn|p1a: Garchomp|Protect
|move|p2a: Buzzwole|Roost|p2a: Buzzwole
|-heal|p2a: Buzzwole|100/100 tox
|-singleturn|p2a: Buzzwole|move: Roost
|
|-damage|p2a: Buzzwole|88/100 tox|[from] psn
|upkeep
|turn|9
|
|t:|1641857616
|switch|p1a: Tapu Fini|Tapu Fini|100/100
|-damage|p1a: Tapu Fini|88/100|[from] Stealth Rock
|-fieldstart|move: Misty Terrain|[from] ability: Misty Surge|[of] p1a: Tapu Fini
|move|p2a: Buzzwole|Ice Punch|p1a: Tapu Fini
|-resisted|p1a: Tapu Fini
|-damage|p1a: Tapu Fini|78/100
|
|-heal|p1a: Tapu Fini|84/100|[from] item: Leftovers
|-damage|p2a: Buzzwole|70/100 tox|[from] psn
|upkeep
|turn|10
|
|t:|1641857624
|switch|p2a: Landorus|Landorus-Therian, M|69/100
|-ability|p2a: Landorus|Intimidate|boost
|-unboost|p1a: Tapu Fini|atk|1
|move|p1a: Tapu Fini|Calm Mind|p1a: Tapu Fini
|-boost|p1a: Tapu Fini|spa|1
|-boost|p1a: Tapu Fini|spd|1
|
|-heal|p2a: Landorus|75/100|[from] item: Leftovers
|-heal|p1a: Tapu Fini|90/100|[from] item: Leftovers
|upkeep
|turn|11
|
|t:|1641857628
|move|p2a: Landorus|Earthquake|p1a: Tapu Fini
|-damage|p1a: Tapu Fini|57/100
|move|p1a: Tapu Fini|Surf|p2a: Landorus
|-supereffective|p2a: Landorus
|-damage|p2a: Landorus|0 fnt
|faint|p2a: Landorus
|
|-heal|p1a: Tapu Fini|64/100|[from] item: Leftovers
|upkeep
|
|t:|1641857637
|switch|p2a: Melmetal|Melmetal|100/100
|turn|12
|
|t:|1641857649
|switch|p1a: Garchomp|Garchomp, F|48/100
|-damage|p1a: Garchomp|41/100|[from] Stealth Rock
|move|p2a: Melmetal|Double Iron Bash|p1a: Garchomp
|-damage|p1a: Garchomp|3/100
|-damage|p2a: Melmetal|88/100|[from] ability: Rough Skin|[of] p1a: Garchomp
|-damage|p2a: Melmetal|71/100|[from] item: Rocky Helmet|[of] p1a: Garchomp
|-damage|p1a: Garchomp|0 fnt
|-damage|p2a: Melmetal|59/100|[from] ability: Rough Skin|[of] p1a: Garchomp
|-damage|p2a: Melmetal|42/100|[from] item: Rocky Helmet|[of] p1a: Garchomp
|faint|p1a: Garchomp
|-hitcount|p1: Garchomp|2
|
|upkeep
|inactive|Lolytics1993 has 90 seconds left.
|
|t:|1641857661
|switch|p1a: Zapdos|Zapdos, shiny|100/100
|turn|13
|
|t:|1641857677
|switch|p2a: Tapu Fini|Tapu Fini|100/100
|move|p1a: Zapdos|Defog|p2a: Tapu Fini
|-unboost|p2a: Tapu Fini|evasion|1
|-sideend|p1: Lolytics1993|Stealth Rock|[from] move: Defog|[of] p1a: Zapdos
|-fieldend|Misty Terrain
|
|upkeep
|turn|14
|
|t:|1641857686
|move|p2a: Tapu Fini|Surf|p1a: Zapdos
|-damage|p1a: Zapdos|57/100
|move|p1a: Zapdos|Volt Switch|p2a: Tapu Fini
|-supereffective|p2a: Tapu Fini
|-damage|p2a: Tapu Fini|41/100
|
|t:|1641857703
|switch|p1a: Scizor|Scizor, M, shiny|100/100|[from]move: Volt Switch
|
|upkeep
|turn|15
|
|t:|1641857712
|switch|p2a: Buzzwole|Buzzwole|70/100 tox
|move|p1a: Scizor|Bullet Punch|p2a: Buzzwole
|-damage|p2a: Buzzwole|49/100 tox
|-damage|p1a: Scizor|84/100|[from] item: Rocky Helmet|[of] p2a: Buzzwole
|
|-damage|p2a: Buzzwole|43/100 tox|[from] psn
|upkeep
|turn|16
|
|t:|1641857730
|switch|p1a: Tapu Fini|Tapu Fini|64/100
|-fieldstart|move: Misty Terrain|[from] ability: Misty Surge|[of] p1a: Tapu Fini
|move|p2a: Buzzwole|Ice Punch|p1a: Tapu Fini
|-resisted|p1a: Tapu Fini
|-damage|p1a: Tapu Fini|54/100
|
|-heal|p1a: Tapu Fini|60/100|[from] item: Leftovers
|-damage|p2a: Buzzwole|31/100 tox|[from] psn
|upkeep
|turn|17
|
|t:|1641857743
|move|p2a: Buzzwole|Close Combat|p1a: Tapu Fini
|-resisted|p1a: Tapu Fini
|-damage|p1a: Tapu Fini|37/100
|-unboost|p2a: Buzzwole|def|1
|-unboost|p2a: Buzzwole|spd|1
|move|p1a: Tapu Fini|Calm Mind|p1a: Tapu Fini
|-boost|p1a: Tapu Fini|spa|1
|-boost|p1a: Tapu Fini|spd|1
|
|-heal|p1a: Tapu Fini|43/100|[from] item: Leftovers
|-damage|p2a: Buzzwole|12/100 tox|[from] psn
|upkeep
|turn|18
|
|t:|1641857749
|move|p2a: Buzzwole|Close Combat|p1a: Tapu Fini
|-resisted|p1a: Tapu Fini
|-damage|p1a: Tapu Fini|19/100
|-unboost|p2a: Buzzwole|def|1
|-unboost|p2a: Buzzwole|spd|1
|move|p1a: Tapu Fini|Draining Kiss|p2a: Buzzwole
|-supereffective|p2a: Buzzwole
|-damage|p2a: Buzzwole|0 fnt
|-heal|p1a: Tapu Fini|30/100|[from] drain|[of] p2a: Buzzwole
|-damage|p1a: Tapu Fini|13/100|[from] item: Rocky Helmet|[of] p2a: Buzzwole
|faint|p2a: Buzzwole
|
|-heal|p1a: Tapu Fini|20/100|[from] item: Leftovers
|upkeep
|
|t:|1641857753
|switch|p2a: Tapu Fini|Tapu Fini|41/100
|turn|19
|
|t:|1641857757
|move|p2a: Tapu Fini|Moonblast|p1a: Tapu Fini
|-damage|p1a: Tapu Fini|0 fnt
|faint|p1a: Tapu Fini
|
|upkeep
|
|t:|1641857761
|switch|p1a: Tyranitar|Tyranitar, M|100/100
|-weather|Sandstorm|[from] ability: Sand Stream|[of] p1a: Tyranitar
|turn|20
|
|t:|1641857775
|move|p2a: Tapu Fini|Moonblast|p1a: Tyranitar
|-supereffective|p1a: Tyranitar
|-damage|p1a: Tyranitar|75/100
|move|p1a: Tyranitar|Stone Edge|p2a: Tapu Fini
|-damage|p2a: Tapu Fini|0 fnt
|faint|p2a: Tapu Fini
|
|-weather|Sandstorm|[upkeep]
|-fieldend|Misty Terrain
|upkeep
|
|t:|1641857783
|switch|p2a: Melmetal|Melmetal|42/100
|turn|21
|
|t:|1641857789
|switch|p1a: Scizor|Scizor, M, shiny|84/100
|move|p2a: Melmetal|Double Iron Bash|p1a: Scizor
|-resisted|p1a: Scizor
|-damage|p1a: Scizor|52/100
|-resisted|p1a: Scizor
|-damage|p1a: Scizor|20/100
|-hitcount|p1a: Scizor|2
|
|-weather|Sandstorm|[upkeep]
|upkeep
|turn|22
|
|t:|1641857798
|move|p1a: Scizor|Superpower|p2a: Melmetal
|-supereffective|p2a: Melmetal
|-damage|p2a: Melmetal|0 fnt
|-unboost|p1a: Scizor|atk|1
|-unboost|p1a: Scizor|def|1
|faint|p2a: Melmetal
|
|-weather|Sandstorm|[upkeep]
|upkeep
|
|t:|1641857802
|switch|p2a: Salazzle|Salazzle, F|100/100
|turn|23
|
|t:|1641857808
|switch|p1a: Heatran|Heatran, M, shiny|100/100
|move|p2a: Salazzle|Substitute|p2a: Salazzle
|-start|p2a: Salazzle|Substitute
|-damage|p2a: Salazzle|76/100
|
|-weather|Sandstorm|[upkeep]
|-damage|p2a: Salazzle|69/100|[from] Sandstorm
|-heal|p2a: Salazzle|76/100|[from] item: Black Sludge
|upkeep
|turn|24
|
|t:|1641857812
|move|p2a: Salazzle|Toxic|p1a: Heatran
|-status|p1a: Heatran|tox
|move|p1a: Heatran|Earth Power|p2a: Salazzle
|-supereffective|p2a: Salazzle
|-end|p2a: Salazzle|Substitute
|
|-weather|none
|-heal|p2a: Salazzle|82/100|[from] item: Black Sludge
|-damage|p1a: Heatran|94/100 tox|[from] psn
|upkeep
|turn|25
|
|t:|1641857817
|move|p2a: Salazzle|Protect|p2a: Salazzle
|-singleturn|p2a: Salazzle|Protect
|move|p1a: Heatran|Taunt|p2a: Salazzle
|-activate|p2a: Salazzle|move: Protect
|
|-heal|p2a: Salazzle|88/100|[from] item: Black Sludge
|-heal|p1a: Heatran|100/100 tox|[from] item: Leftovers
|-damage|p1a: Heatran|88/100 tox|[from] psn
|upkeep
|turn|26
|
|t:|1641857831
|move|p2a: Salazzle|Substitute|p2a: Salazzle
|-start|p2a: Salazzle|Substitute
|-damage|p2a: Salazzle|63/100
|move|p1a: Heatran|Taunt|p2a: Salazzle
|-start|p2a: Salazzle|move: Taunt
|
|-heal|p2a: Salazzle|69/100|[from] item: Black Sludge
|-heal|p1a: Heatran|94/100 tox|[from] item: Leftovers
|-damage|p1a: Heatran|76/100 tox|[from] psn
|upkeep
|turn|27
|
|t:|1641857844
|switch|p2a: Dragonite|Dragonite, M|100/100
|move|p1a: Heatran|Earth Power|p2a: Dragonite
|-immune|p2a: Dragonite
|
|-heal|p1a: Heatran|82/100 tox|[from] item: Leftovers
|-damage|p1a: Heatran|58/100 tox|[from] psn
|upkeep
|turn|28
|
|t:|1641857852
|switch|p2a: Salazzle|Salazzle, F|69/100
|switch|p1a: Zapdos|Zapdos, shiny|57/100
|
|-heal|p2a: Salazzle|75/100|[from] item: Black Sludge
|upkeep
|turn|29
|
|t:|1641857860
|move|p2a: Salazzle|Flamethrower|p1a: Zapdos
|-damage|p1a: Zapdos|12/100
|move|p1a: Zapdos|Volt Switch|p2a: Salazzle
|-damage|p2a: Salazzle|12/100
|
|t:|1641857866
|switch|p1a: Scizor|Scizor, M, shiny|20/100|[from]move: Volt Switch
|
|-heal|p2a: Salazzle|19/100|[from] item: Black Sludge
|upkeep
|turn|30
|
|t:|1641857870
|move|p2a: Salazzle|Protect|p2a: Salazzle
|-singleturn|p2a: Salazzle|Protect
|move|p1a: Scizor|Bullet Punch|p2a: Salazzle
|-activate|p2a: Salazzle|move: Protect
|
|-heal|p2a: Salazzle|25/100|[from] item: Black Sludge
|upkeep
|turn|31
|
|t:|1641857879
|move|p2a: Salazzle|Protect|p2a: Salazzle
|-singleturn|p2a: Salazzle|Protect
|move|p1a: Scizor|Bullet Punch|p2a: Salazzle
|-activate|p2a: Salazzle|move: Protect
|
|-heal|p2a: Salazzle|31/100|[from] item: Black Sludge
|upkeep
|turn|32
|
|t:|1641857883
|move|p1a: Scizor|Bullet Punch|p2a: Salazzle
|-resisted|p2a: Salazzle
|-damage|p2a: Salazzle|0 fnt
|faint|p2a: Salazzle
|
|upkeep
|
|t:|1641857887
|switch|p2a: Dragonite|Dragonite, M|100/100
|turn|33
|
|t:|1641857891
|move|p1a: Scizor|Bullet Punch|p2a: Dragonite
|-damage|p2a: Dragonite|82/100
|move|p2a: Dragonite|Dragon Dance|p2a: Dragonite
|-boost|p2a: Dragonite|atk|1
|-boost|p2a: Dragonite|spe|1
|
|upkeep
|turn|34
|
|t:|1641857896
|move|p1a: Scizor|Bullet Punch|p2a: Dragonite
|-damage|p2a: Dragonite|44/100
|move|p2a: Dragonite|Roost|p2a: Dragonite
|-heal|p2a: Dragonite|94/100
|-singleturn|p2a: Dragonite|move: Roost
|
|upkeep
|turn|35
|
|t:|1641857904
|switch|p1a: Heatran|Heatran, M, shiny|58/100 tox
|move|p2a: Dragonite|Roost|p2a: Dragonite
|-heal|p2a: Dragonite|100/100
|-singleturn|p2a: Dragonite|move: Roost
|
|-heal|p1a: Heatran|64/100 tox|[from] item: Leftovers
|-damage|p1a: Heatran|58/100 tox|[from] psn
|upkeep
|turn|36
|
|t:|1641857908
|move|p2a: Dragonite|Dragon Dance|p2a: Dragonite
|-boost|p2a: Dragonite|atk|1
|-boost|p2a: Dragonite|spe|1
|move|p1a: Heatran|Taunt|p2a: Dragonite
|-start|p2a: Dragonite|move: Taunt
|
|-heal|p1a: Heatran|64/100 tox|[from] item: Leftovers
|-damage|p1a: Heatran|51/100 tox|[from] psn
|upkeep
|turn|37
|
|t:|1641857914
|move|p2a: Dragonite|Earthquake|p1a: Heatran
|-supereffective|p1a: Heatran
|-damage|p1a: Heatran|0 fnt
|faint|p1a: Heatran
|
|upkeep
|
|t:|1641857917
|switch|p1a: Tyranitar|Tyranitar, M|75/100
|-weather|Sandstorm|[from] ability: Sand Stream|[of] p1a: Tyranitar
|turn|38
|
|t:|1641857920
|move|p2a: Dragonite|Earthquake|p1a: Tyranitar
|-supereffective|p1a: Tyranitar
|-damage|p1a: Tyranitar|0 fnt
|faint|p1a: Tyranitar
|
|-weather|Sandstorm|[upkeep]
|-damage|p2a: Dragonite|95/100|[from] Sandstorm
|upkeep
|-message|Lolytics1993 forfeited.
|
|win|Bo Jiden
|raw|Lolytics1993's rating: 1429 &rarr; <strong>1407</strong><br />(-22 for losing)
|raw|Bo Jiden's rating: 1389 &rarr; <strong>1411</strong><br />(+22 for winning)
||Ladder isn't responding, score probably updated but might not have (Request timeout).
