|j|☆Banhmipate
|j|☆Dr. Elite
|t:|1641714170
|gametype|singles
|player|p1|Banhmipate|sage|1539
|player|p2|Dr. Elite|#drelite|1710
|teamsize|p1|6
|teamsize|p2|6
|gen|8
|tier|[Gen 8] OU
|rated|
|rule|Sleep Clause Mod: Limit one foe put to sleep
|rule|Species Clause: Limit one of each Pokémon
|rule|OHKO Clause: OHKO moves are banned
|rule|Evasion Moves Clause: Evasion moves are banned
|rule|Endless Battle Clause: Forcing endless battles is banned
|rule|HP Percentage Mod: HP is shown in percentages
|rule|Dynamax Clause: You cannot dynamax
|clearpoke
|poke|p1|Tapu Lele|
|poke|p1|Hawlucha, F|
|poke|p1|Mew|
|poke|p1|Chansey, F|
|poke|p1|Zapdos-Galar|
|poke|p1|Corviknight, M|
|poke|p2|Gardevoir, F|
|poke|p2|Clefable, F|
|poke|p2|Togekiss, M|
|poke|p2|Hatterene, F|
|poke|p2|Klefki, F|
|poke|p2|Primarina, F|
|teampreview
|inactive|Battle timer is ON: inactive players will automatically lose when time's up. (requested by Banhmipate)
|
|t:|1641714184
|start
|switch|p1a: Tapu Lele|Tapu Lele|100/100
|switch|p2a: Love|Gardevoir, F|100/100
|-ability|p2a: Love|Psychic Surge|[from] ability: Trace|[of] p1a: Tapu Lele
|-fieldstart|move: Psychic Terrain|[from] ability: Psychic Surge|[of] p2a: Love
|turn|1
|
|t:|1641714191
|move|p2a: Love|Trick|p1a: Tapu Lele
|-activate|p2a: Love|move: Trick|[of] p1a: Tapu Lele
|-item|p1a: Tapu Lele|Choice Scarf|[from] move: Trick
|-item|p2a: Love|Choice Specs|[from] move: Trick
|move|p1a: Tapu Lele|Moonblast|p2a: Love
|-damage|p2a: Love|44/100
|
|upkeep
|turn|2
|
|t:|1641714196
|switch|p2a: Kindness|Klefki, F|100/100
|move|p1a: Tapu Lele|Moonblast|p2a: Kindness
|-resisted|p2a: Kindness
|-damage|p2a: Kindness|70/100
|-unboost|p2a: Kindness|spa|1
|
|upkeep
|turn|3
|
|t:|1641714206
|move|p2a: Kindness|Light Screen|p2a: Kindness
|-sidestart|p2: Dr. Elite|move: Light Screen
|move|p1a: Tapu Lele|Moonblast|p2a: Kindness
|-resisted|p2a: Kindness
|-damage|p2a: Kindness|56/100
|
|upkeep
|turn|4
|
|t:|1641714212
|switch|p1a: Corviknight|Corviknight, M|100/100
|-ability|p1a: Corviknight|Pressure
|move|p2a: Kindness|Reflect|p2a: Kindness
|-sidestart|p2: Dr. Elite|Reflect
|
|upkeep
|turn|5
|
|t:|1641714215
|switch|p2a: Patience|Hatterene, F|100/100
|move|p1a: Corviknight|Taunt|p2a: Patience
|move|p2a: Patience|Taunt|p1a: Corviknight|[from]ability: Magic Bounce
|-start|p1a: Corviknight|move: Taunt
|
|-fieldend|move: Psychic Terrain
|upkeep
|turn|6
|
|t:|1641714219
|move|p1a: Corviknight|U-turn|p2a: Patience
|-damage|p2a: Patience|95/100
|
|t:|1641714224
|switch|p1a: Chansey|Chansey, F|100/100|[from]move: U-turn
|move|p2a: Patience|Calm Mind|p2a: Patience
|-boost|p2a: Patience|spa|1
|-boost|p2a: Patience|spd|1
|
|upkeep
|turn|7
|
|t:|1641714227
|move|p1a: Chansey|Thunder Wave|p2a: Patience
|move|p2a: Patience|Thunder Wave|p1a: Chansey|[from]ability: Magic Bounce
|-status|p1a: Chansey|par
|move|p2a: Patience|Calm Mind|p2a: Patience
|-boost|p2a: Patience|spa|1
|-boost|p2a: Patience|spd|1
|
|upkeep
|turn|8
|
|t:|1641714231
|-curestatus|p1a: Chansey|par|[from] ability: Natural Cure
|switch|p1a: Corviknight|Corviknight, M|100/100
|-ability|p1a: Corviknight|Pressure
|move|p2a: Patience|Calm Mind|p2a: Patience
|-boost|p2a: Patience|spa|1
|-boost|p2a: Patience|spd|1
|
|upkeep
|turn|9
|
|t:|1641714235
|move|p1a: Corviknight|Defog|p2a: Patience
|move|p2a: Patience|Defog|p1a: Corviknight|[from]ability: Magic Bounce
|-unboost|p1a: Corviknight|evasion|1
|move|p2a: Patience|Calm Mind|p2a: Patience
|-boost|p2a: Patience|spa|1
|-boost|p2a: Patience|spd|1
|
|upkeep
|turn|10
|
|t:|1641714252
|switch|p1a: Mew|Mew|100/100
|move|p2a: Patience|Calm Mind|p2a: Patience
|-boost|p2a: Patience|spa|1
|-boost|p2a: Patience|spd|1
|
|-sideend|p2: Dr. Elite|move: Light Screen
|upkeep
|turn|11
|
|t:|1641714282
|move|p1a: Mew|Cosmic Power|p1a: Mew
|-boost|p1a: Mew|def|1
|-boost|p1a: Mew|spd|1
|move|p2a: Patience|Draining Kiss|p1a: Mew
|-damage|p1a: Mew|57/100
|-heal|p2a: Patience|100/100|[from] drain|[of] p1a: Mew
|
|-sideend|p2: Dr. Elite|Reflect
|upkeep
|turn|12
|
|t:|1641714287
|move|p1a: Mew|Roost|p1a: Mew
|-heal|p1a: Mew|100/100
|-singleturn|p1a: Mew|move: Roost
|move|p2a: Patience|Calm Mind|p2a: Patience
|-boost|p2a: Patience|spa|1
|-boost|p2a: Patience|spd|1
|
|upkeep
|turn|13
|
|t:|1641714292
|move|p1a: Mew|Cosmic Power|p1a: Mew
|-boost|p1a: Mew|def|1
|-boost|p1a: Mew|spd|1
|move|p2a: Patience|Draining Kiss|p1a: Mew
|-damage|p1a: Mew|62/100
|
|upkeep
|turn|14
|
|t:|1641714296
|move|p1a: Mew|Cosmic Power|p1a: Mew
|-boost|p1a: Mew|def|1
|-boost|p1a: Mew|spd|1
|move|p2a: Patience|Draining Kiss|p1a: Mew
|-damage|p1a: Mew|31/100
|
|upkeep
|turn|15
|
|t:|1641714299
|move|p1a: Mew|Roost|p1a: Mew
|-heal|p1a: Mew|81/100
|-singleturn|p1a: Mew|move: Roost
|move|p2a: Patience|Draining Kiss|p1a: Mew
|-damage|p1a: Mew|53/100
|
|upkeep
|turn|16
|
|t:|1641714304
|move|p1a: Mew|Cosmic Power|p1a: Mew
|-boost|p1a: Mew|def|1
|-boost|p1a: Mew|spd|1
|move|p2a: Patience|Mystical Fire|p1a: Mew
|-damage|p1a: Mew|27/100
|-unboost|p1a: Mew|spa|1
|
|upkeep
|turn|17
|
|t:|1641714307
|move|p1a: Mew|Roost|p1a: Mew
|-heal|p1a: Mew|77/100
|-singleturn|p1a: Mew|move: Roost
|move|p2a: Patience|Mystical Fire|p1a: Mew
|-damage|p1a: Mew|52/100
|-unboost|p1a: Mew|spa|1
|
|upkeep
|turn|18
|
|t:|1641714310
|move|p1a: Mew|Roost|p1a: Mew
|-heal|p1a: Mew|100/100
|-singleturn|p1a: Mew|move: Roost
|move|p2a: Patience|Mystical Fire|p1a: Mew
|-damage|p1a: Mew|77/100
|-unboost|p1a: Mew|spa|1
|
|upkeep
|turn|19
|
|t:|1641714314
|move|p1a: Mew|Cosmic Power|p1a: Mew
|-boost|p1a: Mew|def|1
|-boost|p1a: Mew|spd|1
|move|p2a: Patience|Mystical Fire|p1a: Mew
|-damage|p1a: Mew|54/100
|-unboost|p1a: Mew|spa|1
|
|upkeep
|turn|20
|
|t:|1641714317
|move|p1a: Mew|Roost|p1a: Mew
|-heal|p1a: Mew|100/100
|-singleturn|p1a: Mew|move: Roost
|move|p2a: Patience|Mystical Fire|p1a: Mew
|-damage|p1a: Mew|79/100
|-unboost|p1a: Mew|spa|1
|
|upkeep
|turn|21
|
|t:|1641714320
|move|p1a: Mew|Cosmic Power|p1a: Mew
|-boost|p1a: Mew|def|1
|-boost|p1a: Mew|spd|1
|move|p2a: Patience|Mystical Fire|p1a: Mew
|-damage|p1a: Mew|60/100
|-unboost|p1a: Mew|spa|1
|
|upkeep
|turn|22
|
|t:|1641714323
|move|p1a: Mew|Stored Power|p2a: Patience
|-resisted|p2a: Patience
|-damage|p2a: Patience|97/100
|move|p2a: Patience|Mystical Fire|p1a: Mew
|-damage|p1a: Mew|42/100
|
|upkeep
|turn|23
|
|t:|1641714326
|move|p1a: Mew|Roost|p1a: Mew
|-heal|p1a: Mew|92/100
|-singleturn|p1a: Mew|move: Roost
|move|p2a: Patience|Mystical Fire|p1a: Mew
|-damage|p1a: Mew|72/100
|
|upkeep
|turn|24
|
|t:|1641714330
|move|p1a: Mew|Body Press|p2a: Patience
|-resisted|p2a: Patience
|-damage|p2a: Patience|79/100
|move|p2a: Patience|Mystical Fire|p1a: Mew
|-damage|p1a: Mew|52/100
|
|upkeep
|turn|25
|
|t:|1641714334
|move|p1a: Mew|Body Press|p2a: Patience
|-resisted|p2a: Patience
|-damage|p2a: Patience|60/100
|move|p2a: Patience|Draining Kiss|p1a: Mew
|-damage|p1a: Mew|34/100
|-heal|p2a: Patience|77/100|[from] drain|[of] p1a: Mew
|
|upkeep
|turn|26
|
|t:|1641714337
|move|p1a: Mew|Roost|p1a: Mew
|-heal|p1a: Mew|84/100
|-singleturn|p1a: Mew|move: Roost
|move|p2a: Patience|Draining Kiss|p1a: Mew
|-damage|p1a: Mew|65/100
|-heal|p2a: Patience|95/100|[from] drain|[of] p1a: Mew
|
|upkeep
|turn|27
|
|t:|1641714339
|move|p1a: Mew|Body Press|p2a: Patience
|-resisted|p2a: Patience
|-damage|p2a: Patience|74/100
|move|p2a: Patience|Mystical Fire|p1a: Mew
|-damage|p1a: Mew|46/100
|
|upkeep
|turn|28
|
|t:|1641714364
|move|p1a: Mew|Roost|p1a: Mew
|-heal|p1a: Mew|96/100
|-singleturn|p1a: Mew|move: Roost
|move|p2a: Patience|Mystical Fire|p1a: Mew
|-damage|p1a: Mew|75/100
|
|upkeep
|turn|29
|
|t:|1641714368
|move|p1a: Mew|Body Press|p2a: Patience
|-resisted|p2a: Patience
|-damage|p2a: Patience|54/100
|move|p2a: Patience|Draining Kiss|p1a: Mew
|-damage|p1a: Mew|57/100
|-heal|p2a: Patience|71/100|[from] drain|[of] p1a: Mew
|
|upkeep
|turn|30
|
|t:|1641714372
|move|p1a: Mew|Body Press|p2a: Patience
|-resisted|p2a: Patience
|-damage|p2a: Patience|52/100
|move|p2a: Patience|Draining Kiss|p1a: Mew
|-damage|p1a: Mew|39/100
|-heal|p2a: Patience|69/100|[from] drain|[of] p1a: Mew
|
|upkeep
|turn|31
|
|t:|1641714377
|move|p1a: Mew|Body Press|p2a: Patience
|-resisted|p2a: Patience
|-damage|p2a: Patience|49/100
|move|p2a: Patience|Draining Kiss|p1a: Mew
|-damage|p1a: Mew|19/100
|-heal|p2a: Patience|68/100|[from] drain|[of] p1a: Mew
|
|upkeep
|turn|32
|
|t:|1641714393
|move|p1a: Mew|Roost|p1a: Mew
|-heal|p1a: Mew|69/100
|-singleturn|p1a: Mew|move: Roost
|move|p2a: Patience|Draining Kiss|p1a: Mew
|-damage|p1a: Mew|50/100
|-heal|p2a: Patience|85/100|[from] drain|[of] p1a: Mew
|
|upkeep
|turn|33
|
|t:|1641714400
|move|p1a: Mew|Body Press|p2a: Patience
|-resisted|p2a: Patience
|-damage|p2a: Patience|66/100
|move|p2a: Patience|Mystical Fire|p1a: Mew
|-damage|p1a: Mew|32/100
|
|upkeep
|turn|34
|
|t:|1641714406
|move|p1a: Mew|Roost|p1a: Mew
|-heal|p1a: Mew|82/100
|-singleturn|p1a: Mew|move: Roost
|move|p2a: Patience|Mystical Fire|p1a: Mew
|-damage|p1a: Mew|62/100
|
|upkeep
|turn|35
|
|t:|1641714409
|move|p1a: Mew|Roost|p1a: Mew
|-heal|p1a: Mew|100/100
|-singleturn|p1a: Mew|move: Roost
|move|p2a: Patience|Mystical Fire|p1a: Mew
|-damage|p1a: Mew|80/100
|
|upkeep
|turn|36
|
|t:|1641714415
|move|p1a: Mew|Body Press|p2a: Patience
|-resisted|p2a: Patience
|-damage|p2a: Patience|44/100
|move|p2a: Patience|Draining Kiss|p1a: Mew
|-damage|p1a: Mew|60/100
|-heal|p2a: Patience|63/100|[from] drain|[of] p1a: Mew
|
|upkeep
|turn|37
|
|t:|1641714432
|move|p1a: Mew|Body Press|p2a: Patience
|-resisted|p2a: Patience
|-damage|p2a: Patience|44/100
|move|p2a: Patience|Draining Kiss|p1a: Mew
|-damage|p1a: Mew|43/100
|-heal|p2a: Patience|61/100|[from] drain|[of] p1a: Mew
|
|upkeep
|turn|38
|
|t:|1641714439
|move|p1a: Mew|Roost|p1a: Mew
|-heal|p1a: Mew|93/100
|-singleturn|p1a: Mew|move: Roost
|move|p2a: Patience|Draining Kiss|p1a: Mew
|-damage|p1a: Mew|75/100
|-heal|p2a: Patience|78/100|[from] drain|[of] p1a: Mew
|
|upkeep
|turn|39
|
|t:|1641714460
|switch|p2a: Kindness|Klefki, F|56/100
|move|p1a: Mew|Body Press|p2a: Kindness
|-damage|p2a: Kindness|0 fnt
|faint|p2a: Kindness
|
|upkeep
|
|t:|1641714463
|switch|p2a: Love|Gardevoir, F|44/100
|-ability|p2a: Love|Synchronize|[from] ability: Trace|[of] p1a: Mew
|turn|40
|j| CoreyTrevorSmokes
|
|t:|1641714468
|move|p2a: Love|Trick|p1a: Mew
|-activate|p2a: Love|move: Trick|[of] p1a: Mew
|-item|p1a: Mew|Choice Specs|[from] move: Trick
|-item|p2a: Love|Weakness Policy|[from] move: Trick
|move|p1a: Mew|Stored Power|p2a: Love
|-resisted|p2a: Love
|-damage|p2a: Love|27/100
|
|upkeep
|turn|41
|
|t:|1641714479
|switch|p2a: Patience|Hatterene, F|78/100
|move|p1a: Mew|Stored Power|p2a: Patience
|-resisted|p2a: Patience
|-crit|p2a: Patience
|-damage|p2a: Patience|0 fnt
|faint|p2a: Patience
|
|upkeep
|
|t:|1641714488
|switch|p2a: Joy|Clefable, F|100/100
|turn|42
|
|t:|1641714490
|move|p1a: Mew|Stored Power|p2a: Joy
|-damage|p2a: Joy|0 fnt
|faint|p2a: Joy
|
|upkeep
|l| CoreyTrevorSmokes
|c|☆Banhmipate|stupid
|
|t:|1641714508
|switch|p2a: Peace|Togekiss, M, shiny|100/100
|turn|43
|
|t:|1641714512
|move|p2a: Peace|Air Slash|p1a: Mew
|-damage|p1a: Mew|66/100
|cant|p1a: Mew|flinch
|
|upkeep
|turn|44
|
|t:|1641714514
|move|p2a: Peace|Air Slash|p1a: Mew
|-crit|p1a: Mew
|-damage|p1a: Mew|15/100
|move|p1a: Mew|Stored Power|p2a: Peace
|-damage|p2a: Peace|68/100
|
|upkeep
|turn|45
|
|t:|1641714522
|switch|p1a: Chansey|Chansey, F|100/100
|move|p2a: Peace|Air Slash|p1a: Chansey
|-crit|p1a: Chansey
|-damage|p1a: Chansey|83/100
|
|upkeep
|turn|46
|
|t:|1641714525
|move|p2a: Peace|Nasty Plot|p2a: Peace
|-boost|p2a: Peace|spa|2
|move|p1a: Chansey|Thunder Wave|p2a: Peace
|-status|p2a: Peace|par
|
|upkeep
|turn|47
|
|t:|1641714528
|move|p2a: Peace|Aura Sphere|p1a: Chansey
|-supereffective|p1a: Chansey
|-damage|p1a: Chansey|52/100
|move|p1a: Chansey|Seismic Toss|p2a: Peace
|-damage|p2a: Peace|36/100 par
|
|upkeep
|turn|48
|
|t:|1641714531
|move|p2a: Peace|Aura Sphere|p1a: Chansey
|-supereffective|p1a: Chansey
|-damage|p1a: Chansey|21/100
|move|p1a: Chansey|Seismic Toss|p2a: Peace
|-damage|p2a: Peace|4/100 par
|
|upkeep
|turn|49
|
|t:|1641714534
|move|p2a: Peace|Aura Sphere|p1a: Chansey
|-supereffective|p1a: Chansey
|-crit|p1a: Chansey
|-damage|p1a: Chansey|0 fnt
|faint|p1a: Chansey
|
|upkeep
|
|t:|1641714537
|switch|p1a: Tapu Lele|Tapu Lele|100/100
|-fieldstart|move: Psychic Terrain|[from] ability: Psychic Surge|[of] p1a: Tapu Lele
|turn|50
|
|t:|1641714539
|move|p1a: Tapu Lele|Moonblast|p2a: Peace
|-damage|p2a: Peace|0 fnt
|faint|p2a: Peace
|
|upkeep
|
|t:|1641714544
|switch|p2a: Goodness|Primarina, F|100/100
|turn|51
|
|t:|1641714547
|move|p1a: Tapu Lele|Moonblast|p2a: Goodness
|-damage|p2a: Goodness|57/100
|-unboost|p2a: Goodness|spa|1
|move|p2a: Goodness|Calm Mind|p2a: Goodness
|-boost|p2a: Goodness|spa|1
|-boost|p2a: Goodness|spd|1
|
|-heal|p2a: Goodness|63/100|[from] item: Leftovers
|upkeep
|turn|52
|
|t:|1641714553
|move|p1a: Tapu Lele|Moonblast|p2a: Goodness
|-damage|p2a: Goodness|36/100
|move|p2a: Goodness|Draining Kiss|p1a: Tapu Lele
|-damage|p1a: Tapu Lele|77/100
|-heal|p2a: Goodness|50/100|[from] drain|[of] p1a: Tapu Lele
|
|-heal|p2a: Goodness|56/100|[from] item: Leftovers
|upkeep
|turn|53
|
|t:|1641714560
|move|p1a: Tapu Lele|Moonblast|p2a: Goodness
|-damage|p2a: Goodness|30/100
|-unboost|p2a: Goodness|spa|1
|move|p2a: Goodness|Calm Mind|p2a: Goodness
|-boost|p2a: Goodness|spa|1
|-boost|p2a: Goodness|spd|1
|
|-heal|p2a: Goodness|36/100|[from] item: Leftovers
|upkeep
|turn|54
|
|t:|1641714564
|move|p1a: Tapu Lele|Moonblast|p2a: Goodness
|-damage|p2a: Goodness|14/100
|move|p2a: Goodness|Draining Kiss|p1a: Tapu Lele
|-damage|p1a: Tapu Lele|53/100
|-heal|p2a: Goodness|28/100|[from] drain|[of] p1a: Tapu Lele
|
|-heal|p2a: Goodness|34/100|[from] item: Leftovers
|-fieldend|move: Psychic Terrain
|upkeep
|turn|55
|
|t:|1641714567
|move|p1a: Tapu Lele|Moonblast|p2a: Goodness
|-damage|p2a: Goodness|12/100
|move|p2a: Goodness|Draining Kiss|p1a: Tapu Lele
|-damage|p1a: Tapu Lele|28/100
|-heal|p2a: Goodness|27/100|[from] drain|[of] p1a: Tapu Lele
|
|-heal|p2a: Goodness|33/100|[from] item: Leftovers
|upkeep
|turn|56
|
|t:|1641714578
|move|p1a: Tapu Lele|Moonblast|p2a: Goodness
|-damage|p2a: Goodness|11/100
|-unboost|p2a: Goodness|spa|1
|move|p2a: Goodness|Draining Kiss|p1a: Tapu Lele
|-damage|p1a: Tapu Lele|12/100
|-heal|p2a: Goodness|21/100|[from] drain|[of] p1a: Tapu Lele
|
|-heal|p2a: Goodness|27/100|[from] item: Leftovers
|upkeep
|turn|57
|
|t:|1641714581
|move|p1a: Tapu Lele|Moonblast|p2a: Goodness
|-damage|p2a: Goodness|7/100
|move|p2a: Goodness|Draining Kiss|p1a: Tapu Lele
|-damage|p1a: Tapu Lele|0 fnt
|-heal|p2a: Goodness|13/100|[from] drain|[of] p1a: Tapu Lele
|faint|p1a: Tapu Lele
|
|-heal|p2a: Goodness|19/100|[from] item: Leftovers
|upkeep
|
|t:|1641714586
|switch|p1a: Corviknight|Corviknight, M|100/100
|-ability|p1a: Corviknight|Pressure
|turn|58
|
|t:|1641714591
|move|p1a: Corviknight|U-turn|p2a: Goodness
|-resisted|p2a: Goodness
|-damage|p2a: Goodness|14/100
|
|t:|1641714594
|switch|p1a: Mew|Mew|15/100|[from]move: U-turn
|move|p2a: Goodness|Scald|p1a: Mew
|-damage|p1a: Mew|0 fnt
|faint|p1a: Mew
|
|-heal|p2a: Goodness|20/100|[from] item: Leftovers
|upkeep
|
|t:|1641714603
|switch|p1a: Hawlucha|Hawlucha, F|100/100
|turn|59
|
|t:|1641714605
|move|p1a: Hawlucha|Acrobatics|p2a: Goodness
|-damage|p2a: Goodness|0 fnt
|faint|p2a: Goodness
|
|upkeep
|
|t:|1641714608
|switch|p2a: Love|Gardevoir, F|27/100
|-ability|p2a: Love|Unburden|[from] ability: Trace|[of] p1a: Hawlucha
|turn|60
|
|t:|1641714611
|move|p1a: Hawlucha|Acrobatics|p2a: Love
|-damage|p2a: Love|0 fnt
|faint|p2a: Love
|
|win|Banhmipate
|raw|Banhmipate's rating: 1539 &rarr; <strong>1568</strong><br />(+29 for winning)
|raw|Dr. Elite's rating: 1710 &rarr; <strong>1681</strong><br />(-29 for losing)
|l|☆Dr. Elite
