|j|☆insania test v2
|j|☆ColdTaco2
|t:|1641875612
|gametype|singles
|player|p1|insania test v2|pokekid|1157
|player|p2|ColdTaco2|acetrainersnow|1137
|teamsize|p1|4
|teamsize|p2|6
|gen|8
|tier|[Gen 8] OU
|rated|
|rule|Sleep Clause Mod: Limit one foe put to sleep
|rule|Species Clause: Limit one of each Pokémon
|rule|OHKO Clause: OHKO moves are banned
|rule|Evasion Moves Clause: Evasion moves are banned
|rule|Endless Battle Clause: Forcing endless battles is banned
|rule|HP Percentage Mod: HP is shown in percentages
|rule|Dynamax Clause: You cannot dynamax
|clearpoke
|poke|p1|Blacephalon|
|poke|p1|Mew|
|poke|p1|Ditto|
|poke|p1|Clefable, F|
|poke|p2|Hippowdon, F|
|poke|p2|Scizor, F|
|poke|p2|Kartana|
|poke|p2|Zapdos-Galar|
|poke|p2|Landorus-Therian, M|
|poke|p2|Melmetal|
|teampreview
|
|t:|1641875616
|start
|switch|p1a: Clefable|Clefable, F|100/100
|switch|p2a: Landorus|Landorus-Therian, M|100/100
|-ability|p2a: Landorus|Intimidate|boost
|-unboost|p1a: Clefable|atk|1
|turn|1
|
|t:|1641875629
|move|p2a: Landorus|Stealth Rock|p1a: Clefable
|-sidestart|p1: insania test v2|move: Stealth Rock
|move|p1a: Clefable|Trick|p2a: Landorus
|-activate|p1a: Clefable|move: Trick|[of] p2a: Landorus
|-item|p2a: Landorus|Choice Scarf|[from] move: Trick
|-item|p1a: Clefable|Leftovers|[from] move: Trick
|
|upkeep
|turn|2
|
|t:|1641875638
|move|p2a: Landorus|Knock Off|p1a: Clefable
|-resisted|p1a: Clefable
|-damage|p1a: Clefable|86/100
|-enditem|p1a: Clefable|Leftovers|[from] move: Knock Off|[of] p2a: Landorus
|move|p1a: Clefable|Calm Mind|p1a: Clefable
|-boost|p1a: Clefable|spa|1
|-boost|p1a: Clefable|spd|1
|
|upkeep
|turn|3
|
|t:|1641875648
|switch|p2a: Hippowdon|Hippowdon, F|100/100
|-weather|Sandstorm|[from] ability: Sand Stream|[of] p2a: Hippowdon
|move|p1a: Clefable|Moonblast|p2a: Hippowdon
|-damage|p2a: Hippowdon|63/100
|
|-weather|Sandstorm|[upkeep]
|upkeep
|turn|4
|
|t:|1641875659
|move|p1a: Clefable|Moonblast|p2a: Hippowdon
|-damage|p2a: Hippowdon|30/100
|move|p2a: Hippowdon|Earthquake|p1a: Clefable
|-damage|p1a: Clefable|48/100
|
|-weather|Sandstorm|[upkeep]
|upkeep
|turn|5
|
|t:|1641875681
|switch|p2a: Melmetal|Melmetal|100/100
|move|p1a: Clefable|Moonblast|p2a: Melmetal
|-resisted|p2a: Melmetal
|-damage|p2a: Melmetal|86/100
|
|-weather|Sandstorm|[upkeep]
|upkeep
|turn|6
|
|t:|1641875690
|move|p1a: Clefable|Trick|p2a: Melmetal
|-activate|p1a: Clefable|move: Trick|[of] p2a: Melmetal
|-enditem|p2a: Melmetal|Assault Vest|[silent]|[from] move: Trick
|-item|p1a: Clefable|Assault Vest|[from] move: Trick
|move|p2a: Melmetal|Double Iron Bash|p1a: Clefable
|-supereffective|p1a: Clefable
|-damage|p1a: Clefable|0 fnt
|faint|p1a: Clefable
|-hitcount|p1: Clefable|1
|
|-weather|Sandstorm|[upkeep]
|upkeep
|
|t:|1641875697
|switch|p1a: Blacephalon|Blacephalon|100/100
|-damage|p1a: Blacephalon|76/100|[from] Stealth Rock
|turn|7
|
|t:|1641875705
|switch|p2a: Landorus|Landorus-Therian, M|100/100
|-ability|p2a: Landorus|Intimidate|boost
|-unboost|p1a: Blacephalon|atk|1
|move|p1a: Blacephalon|Flamethrower|p2a: Landorus
|-damage|p2a: Landorus|37/100
|
|-weather|none
|upkeep
|turn|8
|
|t:|1641875713
|move|p1a: Blacephalon|Flamethrower|p2a: Landorus
|-damage|p2a: Landorus|0 fnt
|faint|p2a: Landorus
|-ability|p1a: Blacephalon|Beast Boost|boost
|-boost|p1a: Blacephalon|spa|1
|
|upkeep
|
|t:|1641875726
|switch|p2a: Hippowdon|Hippowdon, F|30/100
|-weather|Sandstorm|[from] ability: Sand Stream|[of] p2a: Hippowdon
|turn|9
|
|t:|1641875733
|move|p1a: Blacephalon|Flamethrower|p2a: Hippowdon
|-damage|p2a: Hippowdon|0 fnt
|faint|p2a: Hippowdon
|-ability|p1a: Blacephalon|Beast Boost|boost
|-boost|p1a: Blacephalon|spa|1
|
|-weather|Sandstorm|[upkeep]
|-damage|p1a: Blacephalon|70/100|[from] Sandstorm
|upkeep
|
|t:|1641875747
|switch|p2a: Zapdos|Zapdos-Galar|100/100
|turn|10
|
|t:|1641875754
|move|p1a: Blacephalon|Flamethrower|p2a: Zapdos
|-damage|p2a: Zapdos|0 fnt
|faint|p2a: Zapdos
|-ability|p1a: Blacephalon|Beast Boost|boost
|-boost|p1a: Blacephalon|spa|1
|
|-weather|Sandstorm|[upkeep]
|-damage|p1a: Blacephalon|64/100|[from] Sandstorm
|upkeep
|
|t:|1641875761
|switch|p2a: Kartana|Kartana|100/100
|turn|11
|
|t:|1641875767
|move|p1a: Blacephalon|Flamethrower|p2a: Kartana
|-supereffective|p2a: Kartana
|-enditem|p2a: Kartana|Occa Berry|[eat]
|-enditem|p2a: Kartana|Occa Berry|[weaken]
|-damage|p2a: Kartana|0 fnt
|faint|p2a: Kartana
|-ability|p1a: Blacephalon|Beast Boost|boost
|-boost|p1a: Blacephalon|spa|1
|
|-weather|Sandstorm|[upkeep]
|-damage|p1a: Blacephalon|58/100|[from] Sandstorm
|upkeep
|
|t:|1641875780
|switch|p2a: Melmetal|Melmetal|86/100
|turn|12
|
|t:|1641875785
|move|p1a: Blacephalon|Flamethrower|p2a: Melmetal
|-supereffective|p2a: Melmetal
|-damage|p2a: Melmetal|0 fnt
|faint|p2a: Melmetal
|-ability|p1a: Blacephalon|Beast Boost|boost
|-boost|p1a: Blacephalon|spa|1
|
|-weather|Sandstorm|[upkeep]
|-damage|p1a: Blacephalon|52/100|[from] Sandstorm
|upkeep
|
|t:|1641875793
|switch|p2a: Scizor|Scizor, F, shiny|100/100
|turn|13
|
|t:|1641875796
|move|p2a: Scizor|Bullet Punch|p1a: Blacephalon
|-resisted|p1a: Blacephalon
|-damage|p1a: Blacephalon|9/100
|move|p1a: Blacephalon|Flamethrower|p2a: Scizor
|-supereffective|p2a: Scizor
|-crit|p2a: Scizor
|-damage|p2a: Scizor|0 fnt
|faint|p2a: Scizor
|
|win|insania test v2
|raw|insania test v2's rating: 1131 &rarr; <strong>1156</strong><br />(+25 for winning)
|raw|ColdTaco2's rating: 1137 &rarr; <strong>1112</strong><br />(-25 for losing)
|l|☆ColdTaco2
