|j|☆dospalos
|j|☆Albiongthemagnific
|t:|1641737794
|gametype|singles
|player|p1|dospalos|101|1131
|player|p2|Albiongthemagnific|kimonogirl|1211
|teamsize|p1|6
|teamsize|p2|6
|gen|8
|tier|[Gen 8] OU
|rated|
|rule|Sleep Clause Mod: Limit one foe put to sleep
|rule|Species Clause: Limit one of each Pokémon
|rule|OHKO Clause: OHKO moves are banned
|rule|Evasion Moves Clause: Evasion moves are banned
|rule|Endless Battle Clause: Forcing endless battles is banned
|rule|HP Percentage Mod: HP is shown in percentages
|rule|Dynamax Clause: You cannot dynamax
|clearpoke
|poke|p1|Landorus-Therian, M|
|poke|p1|Melmetal|
|poke|p1|Blissey, F|
|poke|p1|Celesteela|
|poke|p1|Tapu Lele|
|poke|p1|Toxapex, F|
|poke|p2|Milotic, M|
|poke|p2|Dusknoir, M|
|poke|p2|Sigilyph, M|
|poke|p2|Drapion, M|
|poke|p2|Incineroar, M|
|poke|p2|Walrein, M|
|teampreview
|inactive|Battle timer is ON: inactive players will automatically lose when time's up. (requested by Albiongthemagnific)
|
|t:|1641737805
|start
|switch|p1a: Melmetal|Melmetal|100/100
|switch|p2a: Dusknoir|Dusknoir, M|100/100
|-ability|p2a: Dusknoir|Pressure
|turn|1
|
|t:|1641737817
|move|p2a: Dusknoir|Earthquake|p1a: Melmetal
|-supereffective|p1a: Melmetal
|-damage|p1a: Melmetal|73/100
|move|p1a: Melmetal|Double Iron Bash|p2a: Dusknoir
|-crit|p2a: Dusknoir
|-damage|p2a: Dusknoir|41/100
|-crit|p2a: Dusknoir
|-damage|p2a: Dusknoir|0 fnt
|faint|p2a: Dusknoir
|-hitcount|p2: Dusknoir|2
|
|-heal|p1a: Melmetal|79/100|[from] item: Leftovers
|upkeep
|
|t:|1641737825
|switch|p2a: Incineroar|Incineroar, M|100/100
|-ability|p2a: Incineroar|Intimidate|boost
|-unboost|p1a: Melmetal|atk|1
|turn|2
|
|t:|1641737831
|-singleturn|p2a: Incineroar|move: Focus Punch
|switch|p1a: Landorus|Landorus-Therian, M|100/100
|-ability|p1a: Landorus|Intimidate|boost
|-unboost|p2a: Incineroar|atk|1
|move|p2a: Incineroar|Focus Punch|p1a: Landorus
|-resisted|p1a: Landorus
|-damage|p1a: Landorus|82/100
|
|-heal|p1a: Landorus|88/100|[from] item: Leftovers
|upkeep
|turn|3
|
|t:|1641737842
|switch|p2a: Milotic|Milotic, M|100/100
|move|p1a: Landorus|Knock Off|p2a: Milotic
|-damage|p2a: Milotic|65/100
|-enditem|p2a: Milotic|Leftovers|[from] move: Knock Off|[of] p1a: Landorus
|
|-heal|p1a: Landorus|94/100|[from] item: Leftovers
|upkeep
|turn|4
|
|t:|1641737849
|switch|p1a: Blissey|Blissey, F|100/100
|move|p2a: Milotic|Scald|p1a: Blissey
|-damage|p1a: Blissey|89/100
|
|-heal|p1a: Blissey|95/100|[from] item: Leftovers
|upkeep
|turn|5
|
|t:|1641737857
|switch|p2a: Drapion|Drapion, M|100/100
|move|p1a: Blissey|Toxic|p2a: Drapion
|-immune|p2a: Drapion
|
|-heal|p1a: Blissey|100/100|[from] item: Leftovers
|upkeep
|turn|6
|
|t:|1641737864
|switch|p1a: Celesteela|Celesteela|100/100
|move|p2a: Drapion|Swords Dance|p2a: Drapion
|-boost|p2a: Drapion|atk|2
|
|upkeep
|turn|7
|
|t:|1641737870
|move|p2a: Drapion|Night Slash|p1a: Celesteela
|-crit|p1a: Celesteela
|-damage|p1a: Celesteela|0 fnt
|faint|p1a: Celesteela
|
|upkeep
|
|t:|1641737894
|switch|p1a: Melmetal|Melmetal|79/100
|turn|8
|
|t:|1641737898
|move|p2a: Drapion|Night Slash|p1a: Melmetal
|-crit|p1a: Melmetal
|-damage|p1a: Melmetal|3/100
|move|p1a: Melmetal|Earthquake|p2a: Drapion
|-supereffective|p2a: Drapion
|-damage|p2a: Drapion|9/100
|
|-heal|p1a: Melmetal|10/100|[from] item: Leftovers
|upkeep
|turn|9
|
|t:|1641737908
|switch|p1a: Toxapex|Toxapex, F|100/100
|move|p2a: Drapion|Night Slash|p1a: Toxapex
|-damage|p1a: Toxapex|53/100
|
|-heal|p1a: Toxapex|60/100|[from] item: Black Sludge
|upkeep
|turn|10
|
|t:|1641737914
|move|p2a: Drapion|Night Slash|p1a: Toxapex
|-crit|p1a: Toxapex
|-damage|p1a: Toxapex|0 fnt
|faint|p1a: Toxapex
|
|upkeep
|
|t:|1641737920
|switch|p1a: Landorus|Landorus-Therian, M|94/100
|-ability|p1a: Landorus|Intimidate|boost
|-unboost|p2a: Drapion|atk|1
|turn|11
|
|t:|1641737924
|move|p1a: Landorus|U-turn|p2a: Drapion
|-damage|p2a: Drapion|0 fnt
|faint|p2a: Drapion
|
|t:|1641737934
|switch|p1a: Tapu Lele|Tapu Lele|100/100|[from]move: U-turn
|-fieldstart|move: Psychic Terrain|[from] ability: Psychic Surge|[of] p1a: Tapu Lele
|
|upkeep
|
|t:|1641737940
|switch|p2a: Sigilyph|Sigilyph, M|100/100
|turn|12
|
|t:|1641737959
|move|p1a: Tapu Lele|Shadow Ball|p2a: Sigilyph
|-supereffective|p2a: Sigilyph
|-damage|p2a: Sigilyph|18/100
|move|p2a: Sigilyph|Calm Mind|p2a: Sigilyph
|-boost|p2a: Sigilyph|spa|1
|-boost|p2a: Sigilyph|spd|1
|
|-status|p2a: Sigilyph|brn|[from] item: Flame Orb
|upkeep
|turn|13
|
|t:|1641737967
|move|p1a: Tapu Lele|Shadow Ball|p2a: Sigilyph
|-supereffective|p2a: Sigilyph
|-damage|p2a: Sigilyph|0 fnt
|faint|p2a: Sigilyph
|
|upkeep
|
|t:|1641737969
|switch|p2a: Walrein|Walrein, M|100/100
|turn|14
|
|t:|1641737982
|switch|p1a: Blissey|Blissey, F|100/100
|move|p2a: Walrein|Whirlpool|p1a: Blissey|[miss]
|-miss|p2a: Walrein|p1a: Blissey
|
|upkeep
|turn|15
|
|t:|1641737988
|move|p2a: Walrein|Toxic|p1a: Blissey
|-status|p1a: Blissey|tox
|move|p1a: Blissey|Toxic|p2a: Walrein
|-status|p2a: Walrein|tox
|
|-damage|p2a: Walrein|94/100 tox|[from] psn
|-damage|p1a: Blissey|94/100 tox|[from] psn
|-fieldend|move: Psychic Terrain
|upkeep
|turn|16
|
|t:|1641737997
|move|p2a: Walrein|Whirlpool|p1a: Blissey
|-damage|p1a: Blissey|89/100 tox
|-activate|p1a: Blissey|move: Whirlpool|[of] p2a: Walrein
|move|p1a: Blissey|Stealth Rock|p2a: Walrein
|-sidestart|p2: Albiongthemagnific|move: Stealth Rock
|
|-heal|p2a: Walrein|100/100 tox|[from] item: Leftovers
|-heal|p1a: Blissey|95/100 tox|[from] item: Leftovers
|-damage|p2a: Walrein|88/100 tox|[from] psn
|-damage|p1a: Blissey|83/100 tox|[from] psn
|-damage|p1a: Blissey|70/100 tox|[from] move: Whirlpool|[partiallytrapped]
|upkeep
|turn|17
|
|t:|1641738006
|move|p2a: Walrein|Surf|p1a: Blissey
|-damage|p1a: Blissey|57/100 tox
|move|p1a: Blissey|Aromatherapy|p1a: Blissey
|-activate|p1a: Blissey|move: Aromatherapy
|-curestatus|p1a: Blissey|tox|[msg]
|
|-heal|p2a: Walrein|94/100 tox|[from] item: Leftovers
|-heal|p1a: Blissey|63/100|[from] item: Leftovers
|-damage|p2a: Walrein|76/100 tox|[from] psn
|-damage|p1a: Blissey|51/100|[from] move: Whirlpool|[partiallytrapped]
|upkeep
|turn|18
|
|t:|1641738018
|switch|p2a: Incineroar|Incineroar, M|100/100
|-damage|p2a: Incineroar|76/100|[from] Stealth Rock
|-ability|p2a: Incineroar|Intimidate|boost
|-unboost|p1a: Blissey|atk|1
|move|p1a: Blissey|Toxic|p2a: Incineroar|[miss]
|-miss|p1a: Blissey|p2a: Incineroar
|
|-heal|p1a: Blissey|57/100|[from] item: Leftovers
|-end|p1a: Blissey|Whirlpool|[partiallytrapped]|[silent]
|upkeep
|turn|19
|
|t:|1641738030
|switch|p1a: Landorus|Landorus-Therian, M|94/100
|-ability|p1a: Landorus|Intimidate|boost
|-unboost|p2a: Incineroar|atk|1
|move|p2a: Incineroar|Flame Charge|p1a: Landorus
|-damage|p1a: Landorus|75/100
|-boost|p2a: Incineroar|spe|1
|
|-heal|p1a: Landorus|81/100|[from] item: Leftovers
|upkeep
|turn|20
|
|t:|1641738041
|move|p2a: Incineroar|Darkest Lariat|p1a: Landorus
|-damage|p1a: Landorus|46/100
|move|p1a: Landorus|Toxic|p2a: Incineroar
|-status|p2a: Incineroar|tox
|
|-heal|p1a: Landorus|52/100|[from] item: Leftovers
|-damage|p2a: Incineroar|70/100 tox|[from] psn
|upkeep
|turn|21
|
|t:|1641738050
|move|p2a: Incineroar|Darkest Lariat|p1a: Landorus
|-damage|p1a: Landorus|15/100
|move|p1a: Landorus|Knock Off|p2a: Incineroar
|-resisted|p2a: Incineroar
|-damage|p2a: Incineroar|49/100 tox
|-enditem|p2a: Incineroar|Assault Vest|[from] move: Knock Off|[of] p1a: Landorus
|
|-heal|p1a: Landorus|21/100|[from] item: Leftovers
|-damage|p2a: Incineroar|36/100 tox|[from] psn
|upkeep
|turn|22
|
|t:|1641738063
|switch|p1a: Tapu Lele|Tapu Lele|100/100
|-fieldstart|move: Psychic Terrain|[from] ability: Psychic Surge|[of] p1a: Tapu Lele
|move|p2a: Incineroar|Darkest Lariat|p1a: Tapu Lele
|-damage|p1a: Tapu Lele|56/100
|
|-damage|p2a: Incineroar|18/100 tox|[from] psn
|upkeep
|turn|23
|
|t:|1641738071
|move|p1a: Tapu Lele|Moonblast|p2a: Incineroar
|-damage|p2a: Incineroar|0 fnt
|faint|p2a: Incineroar
|
|upkeep
|
|t:|1641738073
|switch|p2a: Milotic|Milotic, M|65/100
|-damage|p2a: Milotic|53/100|[from] Stealth Rock
|turn|24
|-message|Albiongthemagnific forfeited.
|
|win|dospalos
|raw|dospalos's rating: 1131 &rarr; <strong>1162</strong><br />(+31 for winning)
|raw|Albiongthemagnific's rating: 1211 &rarr; <strong>1180</strong><br />(-31 for losing)
|l|☆Albiongthemagnific
