|j|☆mcp3
|j|☆cogonahorse
|inactive|Battle timer is ON: inactive players will automatically lose when time's up.
|t:|1641758517
|gametype|singles
|player|p1|mcp3|marley|
|player|p2|cogonahorse|hilbert-wonderlauncher|
|teamsize|p1|6
|teamsize|p2|6
|gen|8
|tier|[Gen 8] OU
|rated|Tournament battle
|rule|Sleep Clause Mod: Limit one foe put to sleep
|rule|Species Clause: Limit one of each Pokémon
|rule|OHKO Clause: OHKO moves are banned
|rule|Evasion Moves Clause: Evasion moves are banned
|rule|Endless Battle Clause: Forcing endless battles is banned
|rule|HP Percentage Mod: HP is shown in percentages
|rule|Dynamax Clause: You cannot dynamax
|clearpoke
|poke|p1|Reuniclus, M|
|poke|p1|Heatran, M|
|poke|p1|Weavile, F|
|poke|p1|Tornadus-Therian, M|
|poke|p1|Toxapex, M|
|poke|p1|Landorus-Therian, M|
|poke|p2|Buzzwole|
|poke|p2|Dragapult, F|
|poke|p2|Landorus-Therian, M|
|poke|p2|Hydreigon, M|
|poke|p2|Tapu Fini|
|poke|p2|Heatran, F|
|teampreview
|c|☆mcp3|hf
|c|☆cogonahorse|hf
|
|t:|1641758538
|start
|switch|p1a: Tornadus|Tornadus-Therian, M|100/100
|switch|p2a: Tapu Fini|Tapu Fini, shiny|100/100
|-fieldstart|move: Misty Terrain|[from] ability: Misty Surge|[of] p2a: Tapu Fini
|turn|1
|
|t:|1641758547
|switch|p2a: Heatran|Heatran, F|100/100
|move|p1a: Tornadus|Knock Off|p2a: Heatran
|-damage|p2a: Heatran|81/100
|-enditem|p2a: Heatran|Leftovers|[from] move: Knock Off|[of] p1a: Tornadus
|
|upkeep
|turn|2
|
|t:|1641758552
|move|p1a: Tornadus|U-turn|p2a: Heatran
|-resisted|p2a: Heatran
|-damage|p2a: Heatran|78/100
|
|t:|1641758554
|switch|p1a: Landorus|Landorus-Therian, M|100/100|[from]move: U-turn
|-ability|p1a: Landorus|Intimidate|boost
|-unboost|p2a: Heatran|atk|1
|move|p2a: Heatran|Stealth Rock|p1a: Landorus
|-sidestart|p1: mcp3|move: Stealth Rock
|
|upkeep
|turn|3
|
|t:|1641758567
|switch|p2a: Buzzwole|Buzzwole|100/100
|move|p1a: Landorus|Defog|p2a: Buzzwole
|-unboost|p2a: Buzzwole|evasion|1
|-sideend|p1: mcp3|Stealth Rock|[from] move: Defog|[of] p1a: Landorus
|-fieldend|Misty Terrain
|
|upkeep
|turn|4
|
|t:|1641758574
|switch|p1a: Toxapex|Toxapex, M|100/100
|move|p2a: Buzzwole|Thunder Punch|p1a: Toxapex
|-supereffective|p1a: Toxapex
|-damage|p1a: Toxapex|62/100
|-enditem|p1a: Toxapex|Eject Button
|
|t:|1641758581
|switch|p1a: Tornadus|Tornadus-Therian, M|100/100
|
|upkeep
|turn|5
|
|t:|1641758587
|switch|p2a: Heatran|Heatran, F|78/100
|move|p1a: Tornadus|U-turn|p2a: Heatran
|-resisted|p2a: Heatran
|-damage|p2a: Heatran|75/100
|
|t:|1641758592
|switch|p1a: Landorus|Landorus-Therian, M|100/100|[from]move: U-turn
|-ability|p1a: Landorus|Intimidate|boost
|-unboost|p2a: Heatran|atk|1
|
|upkeep
|turn|6
|
|t:|1641758600
|switch|p2a: Tapu Fini|Tapu Fini, shiny|100/100
|-fieldstart|move: Misty Terrain|[from] ability: Misty Surge|[of] p2a: Tapu Fini
|move|p1a: Landorus|Earthquake|p2a: Tapu Fini
|-damage|p2a: Tapu Fini|67/100
|
|-heal|p2a: Tapu Fini|73/100|[from] item: Leftovers
|upkeep
|turn|7
|
|t:|1641758606
|switch|p2a: Buzzwole|Buzzwole|100/100
|switch|p1a: Toxapex|Toxapex, M|95/100
|
|upkeep
|turn|8
|
|t:|1641758615
|switch|p2a: Heatran|Heatran, F|75/100
|move|p1a: Toxapex|Knock Off|p2a: Heatran
|-damage|p2a: Heatran|67/100
|
|upkeep
|turn|9
|
|t:|1641758619
|switch|p1a: Landorus|Landorus-Therian, M|100/100
|-ability|p1a: Landorus|Intimidate|boost
|-unboost|p2a: Heatran|atk|1
|move|p2a: Heatran|Magma Storm|p1a: Landorus
|-damage|p1a: Landorus|68/100
|-activate|p1a: Landorus|move: Magma Storm|[of] p2a: Heatran
|
|-heal|p1a: Landorus|74/100|[from] item: Leftovers
|-damage|p1a: Landorus|62/100|[from] move: Magma Storm|[partiallytrapped]
|upkeep
|turn|10
|
|t:|1641758624
|switch|p2a: Buzzwole|Buzzwole|100/100
|move|p1a: Landorus|U-turn|p2a: Buzzwole
|-resisted|p2a: Buzzwole
|-damage|p2a: Buzzwole|93/100
|-damage|p1a: Landorus|45/100|[from] item: Rocky Helmet|[of] p2a: Buzzwole
|
|t:|1641758630
|switch|p1a: Tornadus|Tornadus-Therian, M|100/100|[from]move: U-turn
|
|-fieldend|Misty Terrain
|upkeep
|turn|11
|
|t:|1641758638
|switch|p2a: Heatran|Heatran, F|67/100
|move|p1a: Tornadus|U-turn|p2a: Heatran
|-resisted|p2a: Heatran
|-damage|p2a: Heatran|63/100
|
|t:|1641758640
|switch|p1a: Landorus|Landorus-Therian, M|45/100|[from]move: U-turn
|-ability|p1a: Landorus|Intimidate|boost
|-unboost|p2a: Heatran|atk|1
|
|-heal|p1a: Landorus|51/100|[from] item: Leftovers
|upkeep
|turn|12
|
|t:|1641758647
|switch|p2a: Buzzwole|Buzzwole|93/100
|move|p1a: Landorus|Earthquake|p2a: Buzzwole
|-resisted|p2a: Buzzwole
|-damage|p2a: Buzzwole|78/100
|
|-heal|p1a: Landorus|57/100|[from] item: Leftovers
|upkeep
|turn|13
|
|t:|1641758661
|switch|p1a: Tornadus|Tornadus-Therian, M|100/100
|move|p2a: Buzzwole|Ice Punch|p1a: Tornadus
|-supereffective|p1a: Tornadus
|-damage|p1a: Tornadus|43/100
|
|upkeep
|turn|14
|
|t:|1641758667
|switch|p2a: Heatran|Heatran, F|63/100
|move|p1a: Tornadus|U-turn|p2a: Heatran
|-resisted|p2a: Heatran
|-damage|p2a: Heatran|60/100
|
|t:|1641758669
|switch|p1a: Landorus|Landorus-Therian, M|57/100|[from]move: U-turn
|-ability|p1a: Landorus|Intimidate|boost
|-unboost|p2a: Heatran|atk|1
|
|-heal|p1a: Landorus|63/100|[from] item: Leftovers
|upkeep
|turn|15
|
|t:|1641758675
|switch|p2a: Buzzwole|Buzzwole|78/100
|move|p1a: Landorus|Earthquake|p2a: Buzzwole
|-resisted|p2a: Buzzwole
|-damage|p2a: Buzzwole|62/100
|
|-heal|p1a: Landorus|70/100|[from] item: Leftovers
|upkeep
|turn|16
|j| xMDH 2
|
|t:|1641758686
|switch|p1a: Toxapex|Toxapex, M|100/100
|move|p2a: Buzzwole|Roost|p2a: Buzzwole
|-heal|p2a: Buzzwole|100/100
|-singleturn|p2a: Buzzwole|move: Roost
|
|upkeep
|turn|17
|
|t:|1641758693
|switch|p2a: Heatran|Heatran, F|60/100
|switch|p1a: Landorus|Landorus-Therian, M|70/100
|-ability|p1a: Landorus|Intimidate|boost
|-unboost|p2a: Heatran|atk|1
|
|-heal|p1a: Landorus|76/100|[from] item: Leftovers
|upkeep
|turn|18
|
|t:|1641758705
|switch|p2a: Hydreigon|Hydreigon, M|100/100
|move|p1a: Landorus|Earthquake|p2a: Hydreigon
|-immune|p2a: Hydreigon|[from] ability: Levitate
|
|-heal|p1a: Landorus|82/100|[from] item: Leftovers
|upkeep
|turn|19
|
|t:|1641758713
|move|p2a: Hydreigon|Dark Pulse|p1a: Landorus
|-damage|p1a: Landorus|40/100
|move|p1a: Landorus|Toxic|p2a: Hydreigon|[miss]
|-miss|p1a: Landorus|p2a: Hydreigon
|
|-heal|p1a: Landorus|46/100|[from] item: Leftovers
|upkeep
|turn|20
|
|t:|1641758725
|switch|p1a: Weavile|Weavile, F|100/100
|-ability|p1a: Weavile|Pressure
|move|p2a: Hydreigon|Dark Pulse|p1a: Weavile
|-resisted|p1a: Weavile
|-damage|p1a: Weavile|57/100
|
|upkeep
|turn|21
|
|t:|1641758731
|switch|p2a: Buzzwole|Buzzwole|100/100
|move|p1a: Weavile|Knock Off|p2a: Buzzwole
|-resisted|p2a: Buzzwole
|-damage|p2a: Buzzwole|85/100
|-damage|p1a: Weavile|40/100|[from] item: Rocky Helmet|[of] p2a: Buzzwole
|-enditem|p2a: Buzzwole|Rocky Helmet|[from] move: Knock Off|[of] p1a: Weavile
|
|upkeep
|turn|22
|
|t:|1641758741
|switch|p1a: Reuniclus|Reuniclus, M|100/100
|move|p2a: Buzzwole|Ice Punch|p1a: Reuniclus
|-damage|p1a: Reuniclus|79/100
|-status|p1a: Reuniclus|frz
|
|upkeep
|turn|23
|c|☆cogonahorse|my bad
|
|t:|1641758751
|switch|p2a: Hydreigon|Hydreigon, M|100/100
|cant|p1a: Reuniclus|frz
|
|upkeep
|turn|24
|
|t:|1641758757
|switch|p1a: Heatran|Heatran, M|100/100
|move|p2a: Hydreigon|Dark Pulse|p1a: Heatran
|-damage|p1a: Heatran|64/100
|
|-heal|p1a: Heatran|70/100|[from] item: Leftovers
|upkeep
|turn|25
|
|t:|1641758761
|switch|p2a: Tapu Fini|Tapu Fini, shiny|73/100
|-fieldstart|move: Misty Terrain|[from] ability: Misty Surge|[of] p2a: Tapu Fini
|switch|p1a: Tornadus|Tornadus-Therian, M|76/100
|
|-heal|p2a: Tapu Fini|79/100|[from] item: Leftovers
|upkeep
|turn|26
|
|t:|1641758768
|switch|p2a: Heatran|Heatran, F|60/100
|move|p1a: Tornadus|U-turn|p2a: Heatran
|-resisted|p2a: Heatran
|-damage|p2a: Heatran|57/100
|
|t:|1641758771
|switch|p1a: Landorus|Landorus-Therian, M|46/100|[from]move: U-turn
|-ability|p1a: Landorus|Intimidate|boost
|-unboost|p2a: Heatran|atk|1
|
|-heal|p1a: Landorus|52/100|[from] item: Leftovers
|upkeep
|turn|27
|
|t:|1641758776
|switch|p2a: Buzzwole|Buzzwole|85/100
|move|p1a: Landorus|U-turn|p2a: Buzzwole
|-resisted|p2a: Buzzwole
|-damage|p2a: Buzzwole|78/100
|
|t:|1641758780
|switch|p1a: Reuniclus|Reuniclus, M|79/100 frz|[from]move: U-turn
|
|upkeep
|turn|28
|
|t:|1641758785
|switch|p2a: Hydreigon|Hydreigon, M|100/100
|cant|p1a: Reuniclus|frz
|
|upkeep
|turn|29
|l| xMDH 2
|
|t:|1641758790
|switch|p1a: Tornadus|Tornadus-Therian, M|100/100
|move|p2a: Hydreigon|Dark Pulse|p1a: Tornadus
|-damage|p1a: Tornadus|43/100
|
|-fieldend|Misty Terrain
|upkeep
|turn|30
|
|t:|1641758797
|switch|p2a: Heatran|Heatran, F|57/100
|move|p1a: Tornadus|U-turn|p2a: Heatran
|-resisted|p2a: Heatran
|-damage|p2a: Heatran|54/100
|
|t:|1641758800
|switch|p1a: Landorus|Landorus-Therian, M|52/100|[from]move: U-turn
|-ability|p1a: Landorus|Intimidate|boost
|-unboost|p2a: Heatran|atk|1
|
|-heal|p1a: Landorus|58/100|[from] item: Leftovers
|upkeep
|turn|31
|j| lonely crowd
|
|t:|1641758806
|switch|p2a: Tapu Fini|Tapu Fini, shiny|79/100
|-fieldstart|move: Misty Terrain|[from] ability: Misty Surge|[of] p2a: Tapu Fini
|move|p1a: Landorus|Toxic|p2a: Tapu Fini|[miss]
|-miss|p1a: Landorus|p2a: Tapu Fini
|
|-heal|p2a: Tapu Fini|85/100|[from] item: Leftovers
|-heal|p1a: Landorus|64/100|[from] item: Leftovers
|upkeep
|turn|32
|j| Politoed
|
|t:|1641758816
|switch|p1a: Toxapex|Toxapex, M|100/100
|move|p2a: Tapu Fini|Scald|p1a: Toxapex
|-resisted|p1a: Toxapex
|-damage|p1a: Toxapex|91/100
|
|-heal|p2a: Tapu Fini|91/100|[from] item: Leftovers
|upkeep
|turn|33
|
|t:|1641758829
|switch|p2a: Heatran|Heatran, F|54/100
|move|p1a: Toxapex|Knock Off|p2a: Heatran
|-damage|p2a: Heatran|45/100
|
|upkeep
|turn|34
|
|t:|1641758834
|switch|p1a: Heatran|Heatran, M|70/100
|move|p2a: Heatran|Magma Storm|p1a: Heatran
|-start|p1a: Heatran|ability: Flash Fire
|
|-heal|p1a: Heatran|76/100|[from] item: Leftovers
|upkeep
|turn|35
|
|t:|1641758841
|switch|p2a: Tapu Fini|Tapu Fini, shiny|91/100
|move|p1a: Heatran|Stealth Rock|p2a: Tapu Fini
|-sidestart|p2: cogonahorse|move: Stealth Rock
|
|-heal|p2a: Tapu Fini|98/100|[from] item: Leftovers
|-heal|p1a: Heatran|83/100|[from] item: Leftovers
|-fieldend|Misty Terrain
|upkeep
|turn|36
|
|t:|1641758848
|move|p2a: Tapu Fini|Nature's Madness|p1a: Heatran
|-damage|p1a: Heatran|42/100
|move|p1a: Heatran|Magma Storm|p2a: Tapu Fini|[miss]
|-miss|p1a: Heatran|p2a: Tapu Fini
|
|-heal|p2a: Tapu Fini|100/100|[from] item: Leftovers
|-heal|p1a: Heatran|48/100|[from] item: Leftovers
|upkeep
|turn|37
|
|t:|1641758854
|-end|p1a: Heatran|ability: Flash Fire|[silent]
|switch|p1a: Tornadus|Tornadus-Therian, M|76/100
|move|p2a: Tapu Fini|Nature's Madness|p1a: Tornadus
|-damage|p1a: Tornadus|38/100
|
|upkeep
|turn|38
|
|t:|1641758860
|move|p1a: Tornadus|Toxic|p2a: Tapu Fini|[miss]
|-miss|p1a: Tornadus|p2a: Tapu Fini
|move|p2a: Tapu Fini|Draining Kiss|p1a: Tornadus
|-damage|p1a: Tornadus|23/100
|
|upkeep
|turn|39
|c|☆cogonahorse|I've been haxxing alot, sorry about that
|
|t:|1641758887
|switch|p2a: Heatran|Heatran, F|45/100
|-damage|p2a: Heatran|33/100|[from] Stealth Rock
|move|p1a: Tornadus|U-turn|p2a: Heatran
|-resisted|p2a: Heatran
|-damage|p2a: Heatran|30/100
|
|t:|1641758896
|switch|p1a: Landorus|Landorus-Therian, M|64/100|[from]move: U-turn
|-ability|p1a: Landorus|Intimidate|boost
|-unboost|p2a: Heatran|atk|1
|
|-heal|p1a: Landorus|70/100|[from] item: Leftovers
|upkeep
|turn|40
|j| TheNewBrends11
|
|t:|1641758902
|switch|p2a: Tapu Fini|Tapu Fini, shiny|100/100
|-damage|p2a: Tapu Fini|88/100|[from] Stealth Rock
|-fieldstart|move: Misty Terrain|[from] ability: Misty Surge|[of] p2a: Tapu Fini
|move|p1a: Landorus|Earthquake|p2a: Tapu Fini
|-damage|p2a: Tapu Fini|52/100
|
|-heal|p2a: Tapu Fini|59/100|[from] item: Leftovers
|-heal|p1a: Landorus|76/100|[from] item: Leftovers
|upkeep
|turn|41
|
|t:|1641758911
|switch|p1a: Toxapex|Toxapex, M|100/100
|move|p2a: Tapu Fini|Scald|p1a: Toxapex
|-resisted|p1a: Toxapex
|-crit|p1a: Toxapex
|-damage|p1a: Toxapex|85/100
|
|-heal|p2a: Tapu Fini|65/100|[from] item: Leftovers
|upkeep
|turn|42
|
|t:|1641758917
|switch|p2a: Landorus|Landorus-Therian, M|100/100
|-damage|p2a: Landorus|88/100|[from] Stealth Rock
|-ability|p2a: Landorus|Intimidate|boost
|-unboost|p1a: Toxapex|atk|1
|move|p1a: Toxapex|Knock Off|p2a: Landorus
|-damage|p2a: Landorus|78/100
|-enditem|p2a: Landorus|Leftovers|[from] move: Knock Off|[of] p1a: Toxapex
|
|upkeep
|turn|43
|
|t:|1641758925
|switch|p1a: Tornadus|Tornadus-Therian, M|56/100
|move|p2a: Landorus|Defog|p1a: Tornadus
|-unboost|p1a: Tornadus|evasion|1
|-sideend|p2: cogonahorse|Stealth Rock|[from] move: Defog|[of] p2a: Landorus
|-fieldend|Misty Terrain
|
|upkeep
|turn|44
|
|t:|1641758941
|move|p1a: Tornadus|Toxic|p2a: Landorus|[miss]
|-miss|p1a: Tornadus|p2a: Landorus
|move|p2a: Landorus|U-turn|p1a: Tornadus
|-resisted|p1a: Tornadus
|-damage|p1a: Tornadus|43/100
|
|t:|1641758945
|switch|p2a: Dragapult|Dragapult, F|100/100|[from]move: U-turn
|
|upkeep
|turn|45
|
|t:|1641758950
|switch|p1a: Toxapex|Toxapex, M|100/100
|move|p2a: Dragapult|Shadow Ball|p1a: Toxapex
|-crit|p1a: Toxapex
|-damage|p1a: Toxapex|46/100
|
|upkeep
|turn|46
|
|t:|1641758972
|switch|p2a: Heatran|Heatran, F|30/100
|switch|p1a: Weavile|Weavile, F|40/100
|-ability|p1a: Weavile|Pressure
|
|upkeep
|turn|47
|
|t:|1641758985
|switch|p2a: Buzzwole|Buzzwole|78/100
|move|p1a: Weavile|Triple Axel|p2a: Buzzwole
|-damage|p2a: Buzzwole|71/100
|-damage|p2a: Buzzwole|58/100
|-damage|p2a: Buzzwole|37/100
|-hitcount|p2a: Buzzwole|3
|
|upkeep
|turn|48
|
|t:|1641759002
|switch|p2a: Tapu Fini|Tapu Fini, shiny|65/100
|-fieldstart|move: Misty Terrain|[from] ability: Misty Surge|[of] p2a: Tapu Fini
|move|p1a: Weavile|Triple Axel|p2a: Tapu Fini|[miss]
|-miss|p1a: Weavile|p2a: Tapu Fini
|
|-heal|p2a: Tapu Fini|71/100|[from] item: Leftovers
|upkeep
|turn|49
|
|t:|1641759011
|switch|p1a: Tornadus|Tornadus-Therian, M|77/100
|move|p2a: Tapu Fini|Nature's Madness|p1a: Tornadus
|-damage|p1a: Tornadus|39/100
|
|-heal|p2a: Tapu Fini|77/100|[from] item: Leftovers
|upkeep
|turn|50
|
|t:|1641759020
|move|p1a: Tornadus|Knock Off|p2a: Tapu Fini
|-resisted|p2a: Tapu Fini
|-damage|p2a: Tapu Fini|68/100
|-enditem|p2a: Tapu Fini|Leftovers|[from] move: Knock Off|[of] p1a: Tornadus
|move|p2a: Tapu Fini|Draining Kiss|p1a: Tornadus
|-crit|p1a: Tornadus
|-damage|p1a: Tornadus|15/100
|-heal|p2a: Tapu Fini|86/100|[from] drain|[of] p1a: Tornadus
|
|upkeep
|turn|51
|
|t:|1641759026
|move|p1a: Tornadus|U-turn|p2a: Tapu Fini
|-resisted|p2a: Tapu Fini
|-damage|p2a: Tapu Fini|80/100
|
|t:|1641759028
|switch|p1a: Toxapex|Toxapex, M|79/100|[from]move: U-turn
|move|p2a: Tapu Fini|Nature's Madness|p1a: Toxapex
|-damage|p1a: Toxapex|40/100
|
|upkeep
|turn|52
|
|t:|1641759036
|switch|p2a: Buzzwole|Buzzwole|37/100
|switch|p1a: Tornadus|Tornadus-Therian, M|49/100
|
|-fieldend|Misty Terrain
|upkeep
|turn|53
|
|t:|1641759043
|switch|p2a: Heatran|Heatran, F|30/100
|move|p1a: Tornadus|Heat Wave|p2a: Heatran
|-start|p2a: Heatran|ability: Flash Fire
|
|upkeep
|turn|54
|
|t:|1641759047
|move|p1a: Tornadus|U-turn|p2a: Heatran
|-resisted|p2a: Heatran
|-damage|p2a: Heatran|27/100
|
|t:|1641759049
|switch|p1a: Landorus|Landorus-Therian, M|76/100|[from]move: U-turn
|-ability|p1a: Landorus|Intimidate|boost
|-unboost|p2a: Heatran|atk|1
|move|p2a: Heatran|Magma Storm|p1a: Landorus
|-damage|p1a: Landorus|31/100
|-activate|p1a: Landorus|move: Magma Storm|[of] p2a: Heatran
|
|-heal|p1a: Landorus|37/100|[from] item: Leftovers
|-damage|p1a: Landorus|25/100|[from] move: Magma Storm|[partiallytrapped]
|upkeep
|turn|55
|
|t:|1641759057
|-end|p2a: Heatran|ability: Flash Fire|[silent]
|switch|p2a: Landorus|Landorus-Therian, M|78/100
|-ability|p2a: Landorus|Intimidate|boost
|-unboost|p1a: Landorus|atk|1
|move|p1a: Landorus|Earthquake|p2a: Landorus
|-immune|p2a: Landorus
|
|-heal|p1a: Landorus|31/100|[from] item: Leftovers
|-end|p1a: Landorus|Magma Storm|[partiallytrapped]|[silent]
|upkeep
|turn|56
|
|t:|1641759069
|move|p1a: Landorus|Toxic|p2a: Landorus
|-status|p2a: Landorus|tox
|move|p2a: Landorus|Knock Off|p1a: Landorus
|-damage|p1a: Landorus|2/100
|-enditem|p1a: Landorus|Leftovers|[from] move: Knock Off|[of] p2a: Landorus
|
|-damage|p2a: Landorus|72/100 tox|[from] psn
|upkeep
|turn|57
|
|t:|1641759074
|move|p1a: Landorus|U-turn|p2a: Landorus
|-resisted|p2a: Landorus
|-damage|p2a: Landorus|65/100 tox
|
|t:|1641759076
|switch|p1a: Tornadus|Tornadus-Therian, M|82/100|[from]move: U-turn
|move|p2a: Landorus|U-turn|p1a: Tornadus
|-resisted|p1a: Tornadus
|-damage|p1a: Tornadus|69/100
|
|t:|1641759085
|switch|p2a: Dragapult|Dragapult, F|100/100|[from]move: U-turn
|
|upkeep
|turn|58
|
|t:|1641759091
|switch|p1a: Landorus|Landorus-Therian, M|2/100
|-ability|p1a: Landorus|Intimidate|boost
|-unboost|p2a: Dragapult|atk|1
|move|p2a: Dragapult|Draco Meteor|p1a: Landorus
|-damage|p1a: Landorus|0 fnt
|-unboost|p2a: Dragapult|spa|2
|faint|p1a: Landorus
|
|upkeep
|
|t:|1641759095
|switch|p1a: Heatran|Heatran, M|48/100
|turn|59
|
|t:|1641759105
|switch|p2a: Tapu Fini|Tapu Fini, shiny|80/100
|-fieldstart|move: Misty Terrain|[from] ability: Misty Surge|[of] p2a: Tapu Fini
|move|p1a: Heatran|Stealth Rock|p2a: Tapu Fini
|-sidestart|p2: cogonahorse|move: Stealth Rock
|
|-heal|p1a: Heatran|54/100|[from] item: Leftovers
|upkeep
|turn|60
|
|t:|1641759116
|switch|p1a: Tornadus|Tornadus-Therian, M|100/100
|move|p2a: Tapu Fini|Scald|p1a: Tornadus
|-damage|p1a: Tornadus|76/100
|-status|p1a: Tornadus|brn
|
|-damage|p1a: Tornadus|69/100 brn|[from] brn
|upkeep
|turn|61
|
|t:|1641759127
|move|p1a: Tornadus|U-turn|p2a: Tapu Fini
|-resisted|p2a: Tapu Fini
|-damage|p2a: Tapu Fini|77/100
|
|t:|1641759130
|switch|p1a: Toxapex|Toxapex, M|73/100|[from]move: U-turn
|move|p2a: Tapu Fini|Draining Kiss|p1a: Toxapex
|-resisted|p1a: Toxapex
|-damage|p1a: Toxapex|66/100
|-heal|p2a: Tapu Fini|82/100|[from] drain|[of] p1a: Toxapex
|
|upkeep
|turn|62
|
|t:|1641759139
|switch|p2a: Landorus|Landorus-Therian, M|65/100 tox
|-damage|p2a: Landorus|53/100 tox|[from] Stealth Rock
|-ability|p2a: Landorus|Intimidate|boost
|-unboost|p1a: Toxapex|atk|1
|switch|p1a: Weavile|Weavile, F|40/100
|-ability|p1a: Weavile|Pressure
|
|-damage|p2a: Landorus|47/100 tox|[from] psn
|upkeep
|turn|63
|
|t:|1641759149
|switch|p2a: Tapu Fini|Tapu Fini, shiny|82/100
|-damage|p2a: Tapu Fini|69/100|[from] Stealth Rock
|move|p1a: Weavile|Triple Axel|p2a: Tapu Fini
|-resisted|p2a: Tapu Fini
|-crit|p2a: Tapu Fini
|-damage|p2a: Tapu Fini|64/100
|-resisted|p2a: Tapu Fini
|-damage|p2a: Tapu Fini|56/100
|-resisted|p2a: Tapu Fini
|-damage|p2a: Tapu Fini|45/100
|-hitcount|p2a: Tapu Fini|3
|
|-fieldend|Misty Terrain
|upkeep
|turn|64
|
|t:|1641759156
|switch|p1a: Tornadus|Tornadus-Therian, M|100/100 brn
|move|p2a: Tapu Fini|Draining Kiss|p1a: Tornadus
|-damage|p1a: Tornadus|84/100 brn
|-heal|p2a: Tapu Fini|58/100|[from] drain|[of] p1a: Tornadus
|
|-damage|p1a: Tornadus|78/100 brn|[from] brn
|upkeep
|turn|65
|
|t:|1641759164
|switch|p2a: Heatran|Heatran, F|27/100
|-damage|p2a: Heatran|14/100|[from] Stealth Rock
|move|p1a: Tornadus|U-turn|p2a: Heatran
|-resisted|p2a: Heatran
|-damage|p2a: Heatran|13/100
|
|t:|1641759169
|switch|p1a: Weavile|Weavile, F|40/100|[from]move: U-turn
|-ability|p1a: Weavile|Pressure
|
|upkeep
|turn|66
|j| Darkness Dragoon
|
|t:|1641759179
|move|p1a: Weavile|Knock Off|p2a: Heatran
|-damage|p2a: Heatran|0 fnt
|faint|p2a: Heatran
|
|upkeep
|
|t:|1641759188
|switch|p2a: Tapu Fini|Tapu Fini, shiny|58/100
|-damage|p2a: Tapu Fini|46/100|[from] Stealth Rock
|-fieldstart|move: Misty Terrain|[from] ability: Misty Surge|[of] p2a: Tapu Fini
|turn|67
|
|t:|1641759201
|switch|p1a: Tornadus|Tornadus-Therian, M|100/100 brn
|move|p2a: Tapu Fini|Nature's Madness|p1a: Tornadus
|-damage|p1a: Tornadus|51/100 brn
|
|-damage|p1a: Tornadus|45/100 brn|[from] brn
|upkeep
|turn|68
|
|t:|1641759207
|move|p1a: Tornadus|U-turn|p2a: Tapu Fini
|-resisted|p2a: Tapu Fini
|-damage|p2a: Tapu Fini|42/100
|
|t:|1641759208
|switch|p1a: Toxapex|Toxapex, M|99/100|[from]move: U-turn
|move|p2a: Tapu Fini|Draining Kiss|p1a: Toxapex
|-resisted|p1a: Toxapex
|-damage|p1a: Toxapex|93/100
|-heal|p2a: Tapu Fini|47/100|[from] drain|[of] p1a: Toxapex
|
|upkeep
|turn|69
|
|t:|1641759218
|switch|p2a: Buzzwole|Buzzwole|37/100
|-damage|p2a: Buzzwole|24/100|[from] Stealth Rock
|move|p1a: Toxapex|Poison Jab|p2a: Buzzwole
|-damage|p2a: Buzzwole|11/100
|
|upkeep
|turn|70
|
|t:|1641759224
|switch|p1a: Tornadus|Tornadus-Therian, M|78/100 brn
|move|p2a: Buzzwole|Roost|p2a: Buzzwole
|-heal|p2a: Buzzwole|62/100
|-singleturn|p2a: Buzzwole|move: Roost
|
|-damage|p1a: Tornadus|72/100 brn|[from] brn
|upkeep
|turn|71
|
|t:|1641759235
|switch|p2a: Hydreigon|Hydreigon, M|100/100
|-damage|p2a: Hydreigon|88/100|[from] Stealth Rock
|move|p1a: Tornadus|Heat Wave|p2a: Hydreigon|[miss]
|-miss|p1a: Tornadus|p2a: Hydreigon
|
|-damage|p1a: Tornadus|66/100 brn|[from] brn
|-fieldend|Misty Terrain
|upkeep
|turn|72
|
|t:|1641759245
|move|p1a: Tornadus|U-turn|p2a: Hydreigon
|-supereffective|p2a: Hydreigon
|-damage|p2a: Hydreigon|69/100
|
|t:|1641759249
|switch|p1a: Reuniclus|Reuniclus, M|79/100 frz|[from]move: U-turn
|move|p2a: Hydreigon|Dark Pulse|p1a: Reuniclus
|-supereffective|p1a: Reuniclus
|-enditem|p1a: Reuniclus|Colbur Berry|[eat]
|-enditem|p1a: Reuniclus|Colbur Berry|[weaken]
|-damage|p1a: Reuniclus|23/100 frz
|
|upkeep
|turn|73
|
|t:|1641759260
|move|p2a: Hydreigon|Dark Pulse|p1a: Reuniclus
|-supereffective|p1a: Reuniclus
|-damage|p1a: Reuniclus|0 fnt
|faint|p1a: Reuniclus
|
|upkeep
|
|t:|1641759261
|switch|p1a: Tornadus|Tornadus-Therian, M|99/100 brn
|turn|74
|
|t:|1641759267
|move|p1a: Tornadus|Toxic|p2a: Hydreigon
|-status|p2a: Hydreigon|tox
|move|p2a: Hydreigon|Dark Pulse|p1a: Tornadus
|-damage|p1a: Tornadus|44/100 brn
|
|-damage|p2a: Hydreigon|63/100 tox|[from] psn
|-damage|p1a: Tornadus|38/100 brn|[from] brn
|upkeep
|turn|75
|
|t:|1641759275
|move|p1a: Tornadus|U-turn|p2a: Hydreigon
|-supereffective|p2a: Hydreigon
|-damage|p2a: Hydreigon|45/100 tox
|
|t:|1641759277
|switch|p1a: Heatran|Heatran, M|54/100|[from]move: U-turn
|move|p2a: Hydreigon|Dark Pulse|p1a: Heatran
|-crit|p1a: Heatran
|-damage|p1a: Heatran|0 fnt
|faint|p1a: Heatran
|
|-damage|p2a: Hydreigon|32/100 tox|[from] psn
|upkeep
|
|t:|1641759281
|switch|p1a: Weavile|Weavile, F|40/100
|-ability|p1a: Weavile|Pressure
|turn|76
|
|t:|1641759286
|switch|p2a: Landorus|Landorus-Therian, M|47/100 tox
|-damage|p2a: Landorus|34/100 tox|[from] Stealth Rock
|-ability|p2a: Landorus|Intimidate|boost
|-unboost|p1a: Weavile|atk|1
|move|p1a: Weavile|Triple Axel|p2a: Landorus
|-supereffective|p2a: Landorus
|-damage|p2a: Landorus|6/100 tox
|-supereffective|p2a: Landorus
|-damage|p2a: Landorus|0 fnt
|faint|p2a: Landorus
|-hitcount|p2: Landorus|2
|
|upkeep
|
|t:|1641759291
|switch|p2a: Buzzwole|Buzzwole|62/100
|-damage|p2a: Buzzwole|49/100|[from] Stealth Rock
|turn|77
|
|t:|1641759302
|switch|p1a: Toxapex|Toxapex, M|100/100
|move|p2a: Buzzwole|Roost|p2a: Buzzwole
|-heal|p2a: Buzzwole|99/100
|-singleturn|p2a: Buzzwole|move: Roost
|
|upkeep
|turn|78
|
|t:|1641759306
|switch|p2a: Tapu Fini|Tapu Fini, shiny|47/100
|-damage|p2a: Tapu Fini|34/100|[from] Stealth Rock
|-fieldstart|move: Misty Terrain|[from] ability: Misty Surge|[of] p2a: Tapu Fini
|move|p1a: Toxapex|Poison Jab|p2a: Tapu Fini
|-supereffective|p2a: Tapu Fini
|-damage|p2a: Tapu Fini|6/100
|
|upkeep
|turn|79
|
|t:|1641759311
|move|p2a: Tapu Fini|Nature's Madness|p1a: Toxapex
|-damage|p1a: Toxapex|51/100
|move|p1a: Toxapex|Poison Jab|p2a: Tapu Fini
|-supereffective|p2a: Tapu Fini
|-damage|p2a: Tapu Fini|0 fnt
|faint|p2a: Tapu Fini
|
|upkeep
|
|t:|1641759319
|switch|p2a: Hydreigon|Hydreigon, M|32/100 tox
|-damage|p2a: Hydreigon|20/100 tox|[from] Stealth Rock
|turn|80
|
|t:|1641759327
|switch|p1a: Weavile|Weavile, F|40/100
|-ability|p1a: Weavile|Pressure
|move|p2a: Hydreigon|Dark Pulse|p1a: Weavile
|-resisted|p1a: Weavile
|-damage|p1a: Weavile|0 fnt
|faint|p1a: Weavile
|
|-damage|p2a: Hydreigon|14/100 tox|[from] psn
|upkeep
|
|t:|1641759330
|switch|p1a: Tornadus|Tornadus-Therian, M|71/100 brn
|turn|81
|
|t:|1641759336
|move|p1a: Tornadus|U-turn|p2a: Hydreigon
|-supereffective|p2a: Hydreigon
|-damage|p2a: Hydreigon|0 fnt
|faint|p2a: Hydreigon
|
|t:|1641759337
|switch|p1a: Toxapex|Toxapex, M|84/100|[from]move: U-turn
|
|upkeep
|
|t:|1641759339
|switch|p2a: Dragapult|Dragapult, F|100/100
|-damage|p2a: Dragapult|88/100|[from] Stealth Rock
|turn|82
|
|t:|1641759343
|move|p2a: Dragapult|Shadow Ball|p1a: Toxapex
|-damage|p1a: Toxapex|43/100
|move|p1a: Toxapex|Knock Off|p2a: Dragapult
|-supereffective|p2a: Dragapult
|-damage|p2a: Dragapult|49/100
|-enditem|p2a: Dragapult|Choice Specs|[from] move: Knock Off|[of] p1a: Toxapex
|
|-fieldend|Misty Terrain
|upkeep
|turn|83
|
|t:|1641759349
|switch|p1a: Tornadus|Tornadus-Therian, M|100/100 brn
|move|p2a: Dragapult|Draco Meteor|p1a: Tornadus
|-damage|p1a: Tornadus|43/100 brn
|-unboost|p2a: Dragapult|spa|2
|
|-damage|p1a: Tornadus|37/100 brn|[from] brn
|upkeep
|turn|84
|
|t:|1641759354
|switch|p1a: Toxapex|Toxapex, M|76/100
|move|p2a: Dragapult|Draco Meteor|p1a: Toxapex
|-damage|p1a: Toxapex|56/100
|-unboost|p2a: Dragapult|spa|2
|
|upkeep
|turn|85
|
|t:|1641759360
|switch|p2a: Buzzwole|Buzzwole|99/100
|-damage|p2a: Buzzwole|87/100|[from] Stealth Rock
|switch|p1a: Tornadus|Tornadus-Therian, M|70/100 brn
|
|-damage|p1a: Tornadus|64/100 brn|[from] brn
|upkeep
|turn|86
|
|t:|1641759367
|move|p1a: Tornadus|Toxic|p2a: Buzzwole
|-status|p2a: Buzzwole|tox
|move|p2a: Buzzwole|Thunder Punch|p1a: Tornadus
|-supereffective|p1a: Tornadus
|-damage|p1a: Tornadus|0 fnt
|faint|p1a: Tornadus
|-ability|p2a: Buzzwole|Beast Boost|boost
|-boost|p2a: Buzzwole|atk|1
|
|-damage|p2a: Buzzwole|81/100 tox|[from] psn
|upkeep
|
|t:|1641759369
|switch|p1a: Toxapex|Toxapex, M|89/100
|turn|87
|
|t:|1641759373
|move|p2a: Buzzwole|Thunder Punch|p1a: Toxapex
|-supereffective|p1a: Toxapex
|-damage|p1a: Toxapex|30/100
|move|p1a: Toxapex|Recover|p1a: Toxapex
|-heal|p1a: Toxapex|80/100
|
|-damage|p2a: Buzzwole|68/100 tox|[from] psn
|upkeep
|turn|88
|
|t:|1641759380
|move|p2a: Buzzwole|Thunder Punch|p1a: Toxapex
|-supereffective|p1a: Toxapex
|-damage|p1a: Toxapex|27/100
|move|p1a: Toxapex|Recover|p1a: Toxapex
|-heal|p1a: Toxapex|77/100
|
|-damage|p2a: Buzzwole|50/100 tox|[from] psn
|upkeep
|turn|89
|
|t:|1641759386
|move|p2a: Buzzwole|Roost|p2a: Buzzwole
|-heal|p2a: Buzzwole|99/100 tox
|-singleturn|p2a: Buzzwole|move: Roost
|move|p1a: Toxapex|Recover|p1a: Toxapex
|-heal|p1a: Toxapex|100/100
|
|-damage|p2a: Buzzwole|76/100 tox|[from] psn
|upkeep
|turn|90
|
|t:|1641759392
|move|p2a: Buzzwole|Thunder Punch|p1a: Toxapex
|-supereffective|p1a: Toxapex
|-damage|p1a: Toxapex|43/100
|move|p1a: Toxapex|Recover|p1a: Toxapex
|-heal|p1a: Toxapex|93/100
|
|-damage|p2a: Buzzwole|45/100 tox|[from] psn
|upkeep
|turn|91
|
|t:|1641759396
|move|p2a: Buzzwole|Thunder Punch|p1a: Toxapex
|-supereffective|p1a: Toxapex
|-damage|p1a: Toxapex|39/100
|move|p1a: Toxapex|Recover|p1a: Toxapex
|-heal|p1a: Toxapex|89/100
|
|-damage|p2a: Buzzwole|9/100 tox|[from] psn
|upkeep
|turn|92
|
|t:|1641759400
|move|p2a: Buzzwole|Thunder Punch|p1a: Toxapex
|-supereffective|p1a: Toxapex
|-damage|p1a: Toxapex|33/100
|move|p1a: Toxapex|Recover|p1a: Toxapex
|-heal|p1a: Toxapex|83/100
|
|-damage|p2a: Buzzwole|0 fnt|[from] psn
|faint|p2a: Buzzwole
|upkeep
|
|t:|1641759405
|switch|p2a: Dragapult|Dragapult, F|49/100
|-damage|p2a: Dragapult|37/100|[from] Stealth Rock
|turn|93
|
|t:|1641759407
|move|p2a: Dragapult|Draco Meteor|p1a: Toxapex
|-damage|p1a: Toxapex|41/100
|-unboost|p2a: Dragapult|spa|2
|move|p1a: Toxapex|Knock Off|p2a: Dragapult
|-supereffective|p2a: Dragapult
|-damage|p2a: Dragapult|8/100
|
|upkeep
|turn|94
|j|+airfare
|
|t:|1641759410
|move|p2a: Dragapult|Draco Meteor|p1a: Toxapex
|-damage|p1a: Toxapex|21/100
|-unboost|p2a: Dragapult|spa|2
|move|p1a: Toxapex|Knock Off|p2a: Dragapult
|-supereffective|p2a: Dragapult
|-damage|p2a: Dragapult|0 fnt
|faint|p2a: Dragapult
|
|win|mcp3
|n|☆mcp3|mcp3
|n|☆cogonahorse|cogonahorse
|n| lonely crowd|lonelycrowd
|n| Politoed|politoed
|n| TheNewBrends11|thenewbrends11
|n| Darkness Dragoon|darknessdragoon
|n|+airfare|airfare
|l|☆mcp3
|c|☆cogonahorse|gg
|l| lonely crowd
|l| Darkness Dragoon
|l|☆cogonahorse
|l|+airfare
|l| Politoed
