|j|☆3MoreMinutes
|j|☆Slappe
|t:|1641863328
|gametype|singles
|player|p1|3MoreMinutes|youngster-gen1|
|player|p2|Slappe|flannery|
|teamsize|p1|6
|teamsize|p2|6
|gen|8
|tier|[Gen 8] OU
|rule|Sleep Clause Mod: Limit one foe put to sleep
|rule|Species Clause: Limit one of each Pokémon
|rule|OHKO Clause: OHKO moves are banned
|rule|Evasion Moves Clause: Evasion moves are banned
|rule|Endless Battle Clause: Forcing endless battles is banned
|rule|HP Percentage Mod: HP is shown in percentages
|rule|Dynamax Clause: You cannot dynamax
|clearpoke
|poke|p1|Dragapult, M|
|poke|p1|Celesteela|
|poke|p1|Togekiss, F|
|poke|p1|Amoonguss, M|
|poke|p1|Miltank, F|
|poke|p1|Drapion, M|
|poke|p2|Pangoro, M|
|poke|p2|Salamence, M|
|poke|p2|Tapu Fini|
|poke|p2|Porygon2|
|poke|p2|Garchomp, M|
|poke|p2|Slowking-Galar, F|
|teampreview
|
|t:|1641863431
|start
|switch|p1a: Celesteela|Celesteela|100/100
|switch|p2a: Garchomp|Garchomp, M|100/100
|turn|1
|
|t:|1641863451
|switch|p1a: Dragapult|Dragapult, M|100/100
|move|p2a: Garchomp|Swords Dance|p2a: Garchomp
|-boost|p2a: Garchomp|atk|2
|
|upkeep
|turn|2
|
|t:|1641863456
|switch|p2a: Porygon2|Porygon2|100/100
|-ability|p2a: Porygon2|Infiltrator|[from] ability: Trace|[of] p1a: Dragapult
|move|p1a: Dragapult|U-turn|p2a: Porygon2
|-damage|p2a: Porygon2|88/100
|
|t:|1641863462
|switch|p1a: Miltank|Miltank, F|100/100|[from]move: U-turn
|
|upkeep
|turn|3
|
|t:|1641863473
|move|p1a: Miltank|Stealth Rock|p2a: Porygon2
|-sidestart|p2: Slappe|move: Stealth Rock
|move|p2a: Porygon2|Toxic|p1a: Miltank
|-status|p1a: Miltank|tox
|
|-damage|p1a: Miltank|94/100 tox|[from] psn
|upkeep
|turn|4
|
|t:|1641863478
|switch|p2a: Tapu Fini|Tapu Fini|100/100
|-damage|p2a: Tapu Fini|88/100|[from] Stealth Rock
|-fieldstart|move: Misty Terrain|[from] ability: Misty Surge|[of] p2a: Tapu Fini
|move|p1a: Miltank|Toxic|p2a: Tapu Fini|[miss]
|-miss|p1a: Miltank|p2a: Tapu Fini
|
|-heal|p1a: Miltank|100/100 tox|[from] item: Leftovers
|-heal|p2a: Tapu Fini|94/100|[from] item: Leftovers
|-damage|p1a: Miltank|88/100 tox|[from] psn
|upkeep
|turn|5
|
|t:|1641863484
|switch|p1a: Drapion|Drapion, M|100/100
|move|p2a: Tapu Fini|Calm Mind|p2a: Tapu Fini
|-boost|p2a: Tapu Fini|spa|1
|-boost|p2a: Tapu Fini|spd|1
|
|-heal|p2a: Tapu Fini|99/100|[from] item: Leftovers
|upkeep
|turn|6
|
|t:|1641863494
|move|p1a: Drapion|Poison Jab|p2a: Tapu Fini
|-supereffective|p2a: Tapu Fini
|-damage|p2a: Tapu Fini|47/100
|move|p2a: Tapu Fini|Draining Kiss|p1a: Drapion
|-damage|p1a: Drapion|54/100
|-heal|p2a: Tapu Fini|76/100|[from] drain|[of] p1a: Drapion
|
|-heal|p1a: Drapion|60/100|[from] item: Black Sludge
|-heal|p2a: Tapu Fini|82/100|[from] item: Leftovers
|upkeep
|turn|7
|
|t:|1641863499
|move|p1a: Drapion|Poison Jab|p2a: Tapu Fini
|-supereffective|p2a: Tapu Fini
|-damage|p2a: Tapu Fini|24/100
|move|p2a: Tapu Fini|Draining Kiss|p1a: Drapion
|-damage|p1a: Drapion|17/100
|-heal|p2a: Tapu Fini|51/100|[from] drain|[of] p1a: Drapion
|
|-heal|p1a: Drapion|23/100|[from] item: Black Sludge
|-heal|p2a: Tapu Fini|57/100|[from] item: Leftovers
|upkeep
|turn|8
|
|t:|1641863508
|move|p1a: Drapion|Poison Jab|p2a: Tapu Fini
|-supereffective|p2a: Tapu Fini
|-damage|p2a: Tapu Fini|1/100
|move|p2a: Tapu Fini|Draining Kiss|p1a: Drapion
|-damage|p1a: Drapion|0 fnt
|-heal|p2a: Tapu Fini|15/100|[from] drain|[of] p1a: Drapion
|faint|p1a: Drapion
|
|-heal|p2a: Tapu Fini|21/100|[from] item: Leftovers
|-fieldend|Misty Terrain
|upkeep
|
|t:|1641863520
|switch|p1a: Dragapult|Dragapult, M|100/100
|turn|9
|
|t:|1641863531
|switch|p2a: Porygon2|Porygon2|88/100
|-damage|p2a: Porygon2|76/100|[from] Stealth Rock
|-ability|p2a: Porygon2|Infiltrator|[from] ability: Trace|[of] p1a: Dragapult
|move|p1a: Dragapult|Thunderbolt|p2a: Porygon2
|-damage|p2a: Porygon2|63/100
|
|upkeep
|turn|10
|
|t:|1641863535
|move|p1a: Dragapult|U-turn|p2a: Porygon2
|-damage|p2a: Porygon2|53/100
|
|t:|1641863552
|switch|p1a: Amoonguss|Amoonguss, M|100/100|[from]move: U-turn
|move|p2a: Porygon2|Recover|p2a: Porygon2
|-heal|p2a: Porygon2|100/100
|
|upkeep
|turn|11
|
|t:|1641863569
|switch|p2a: Tapu Fini|Tapu Fini|21/100
|-damage|p2a: Tapu Fini|9/100|[from] Stealth Rock
|-fieldstart|move: Misty Terrain|[from] ability: Misty Surge|[of] p2a: Tapu Fini
|move|p1a: Amoonguss|Toxic|p2a: Tapu Fini
|-activate|p2a: Tapu Fini|move: Misty Terrain
|
|-heal|p2a: Tapu Fini|15/100|[from] item: Leftovers
|upkeep
|turn|12
|
|t:|1641863579
|switch|p2a: Porygon2|Porygon2|100/100
|-damage|p2a: Porygon2|88/100|[from] Stealth Rock
|-ability|p2a: Porygon2|Regenerator|[from] ability: Trace|[of] p1a: Amoonguss
|move|p1a: Amoonguss|Giga Drain|p2a: Porygon2
|-damage|p2a: Porygon2|78/100
|
|upkeep
|turn|13
|
|t:|1641863584
|move|p2a: Porygon2|Ice Beam|p1a: Amoonguss
|-supereffective|p1a: Amoonguss
|-damage|p1a: Amoonguss|75/100
|move|p1a: Amoonguss|Giga Drain|p2a: Porygon2
|-damage|p2a: Porygon2|67/100
|-heal|p1a: Amoonguss|79/100|[from] drain|[of] p2a: Porygon2
|
|-heal|p1a: Amoonguss|85/100|[from] item: Leftovers
|upkeep
|turn|14
|
|t:|1641863588
|move|p2a: Porygon2|Ice Beam|p1a: Amoonguss
|-supereffective|p1a: Amoonguss
|-damage|p1a: Amoonguss|56/100
|move|p1a: Amoonguss|Giga Drain|p2a: Porygon2
|-damage|p2a: Porygon2|56/100
|-heal|p1a: Amoonguss|61/100|[from] drain|[of] p2a: Porygon2
|
|-heal|p1a: Amoonguss|67/100|[from] item: Leftovers
|upkeep
|turn|15
|
|t:|1641863599
|move|p2a: Porygon2|Ice Beam|p1a: Amoonguss
|-supereffective|p1a: Amoonguss
|-damage|p1a: Amoonguss|38/100
|move|p1a: Amoonguss|Giga Drain|p2a: Porygon2
|-damage|p2a: Porygon2|45/100
|-heal|p1a: Amoonguss|43/100|[from] drain|[of] p2a: Porygon2
|
|-heal|p1a: Amoonguss|49/100|[from] item: Leftovers
|-fieldend|Misty Terrain
|upkeep
|turn|16
|
|t:|1641863611
|switch|p2a: Pangoro|Pangoro, M|100/100
|-damage|p2a: Pangoro|94/100|[from] Stealth Rock
|move|p1a: Amoonguss|Spore|p2a: Pangoro
|-activate|p2a: Pangoro|item: Safety Goggles|Spore
|
|-heal|p1a: Amoonguss|55/100|[from] item: Leftovers
|upkeep
|turn|17
|
|t:|1641863621
|switch|p1a: Togekiss|Togekiss, F|100/100
|move|p2a: Pangoro|Swords Dance|p2a: Pangoro
|-boost|p2a: Pangoro|atk|2
|
|upkeep
|turn|18
|
|t:|1641863626
|move|p2a: Pangoro|Bullet Punch|p1a: Togekiss
|-supereffective|p1a: Togekiss
|-damage|p1a: Togekiss|58/100
|move|p1a: Togekiss|Dazzling Gleam|p2a: Pangoro
|-supereffective|p2a: Pangoro
|-damage|p2a: Pangoro|0 fnt
|faint|p2a: Pangoro
|
|upkeep
|
|t:|1641863637
|switch|p2a: Slowking|Slowking-Galar, F|100/100
|-damage|p2a: Slowking|88/100|[from] Stealth Rock
|turn|19
|
|t:|1641863653
|switch|p1a: Celesteela|Celesteela|100/100
|move|p2a: Slowking|Ice Beam|p1a: Celesteela
|-damage|p1a: Celesteela|82/100
|
|-heal|p1a: Celesteela|88/100|[from] item: Leftovers
|upkeep
|turn|20
|
|t:|1641863657
|move|p1a: Celesteela|Leech Seed|p2a: Slowking
|-start|p2a: Slowking|move: Leech Seed
|move|p2a: Slowking|Flamethrower|p1a: Celesteela
|-supereffective|p1a: Celesteela
|-damage|p1a: Celesteela|51/100
|
|-heal|p1a: Celesteela|57/100|[from] item: Leftovers
|-damage|p2a: Slowking|76/100|[from] Leech Seed|[of] p1a: Celesteela
|-heal|p1a: Celesteela|70/100|[silent]
|upkeep
|turn|21
|
|t:|1641863666
|switch|p2a: Porygon2|Porygon2|79/100
|-damage|p2a: Porygon2|66/100|[from] Stealth Rock
|-ability|p2a: Porygon2|Beast Boost|[from] ability: Trace|[of] p1a: Celesteela
|move|p1a: Celesteela|Earthquake|p2a: Porygon2
|-damage|p2a: Porygon2|52/100
|
|-heal|p1a: Celesteela|76/100|[from] item: Leftovers
|upkeep
|turn|22
|
|t:|1641863674
|move|p2a: Porygon2|Thunder Wave|p1a: Celesteela
|-status|p1a: Celesteela|par
|move|p1a: Celesteela|Leech Seed|p2a: Porygon2|[miss]
|-miss|p1a: Celesteela|p2a: Porygon2
|
|-heal|p1a: Celesteela|82/100 par|[from] item: Leftovers
|upkeep
|turn|23
|
|t:|1641863678
|move|p2a: Porygon2|Recover|p2a: Porygon2
|-heal|p2a: Porygon2|100/100
|move|p1a: Celesteela|Leech Seed|p2a: Porygon2
|-start|p2a: Porygon2|move: Leech Seed
|
|-heal|p1a: Celesteela|88/100 par|[from] item: Leftovers
|-damage|p2a: Porygon2|88/100|[from] Leech Seed|[of] p1a: Celesteela
|-heal|p1a: Celesteela|99/100 par|[silent]
|upkeep
|turn|24
|
|t:|1641863683
|switch|p2a: Slowking|Slowking-Galar, F|100/100
|-damage|p2a: Slowking|88/100|[from] Stealth Rock
|cant|p1a: Celesteela|par
|
|-heal|p1a: Celesteela|100/100 par|[from] item: Leftovers
|upkeep
|turn|25
|
|t:|1641863693
|move|p2a: Slowking|Flamethrower|p1a: Celesteela
|-supereffective|p1a: Celesteela
|-damage|p1a: Celesteela|64/100 par
|move|p1a: Celesteela|Leech Seed|p2a: Slowking
|-start|p2a: Slowking|move: Leech Seed
|
|-heal|p1a: Celesteela|70/100 par|[from] item: Leftovers
|-damage|p2a: Slowking|76/100|[from] Leech Seed|[of] p1a: Celesteela
|-heal|p1a: Celesteela|82/100 par|[silent]
|upkeep
|turn|26
|
|t:|1641863704
|switch|p2a: Porygon2|Porygon2|88/100
|-damage|p2a: Porygon2|76/100|[from] Stealth Rock
|-ability|p2a: Porygon2|Beast Boost|[from] ability: Trace|[of] p1a: Celesteela
|move|p1a: Celesteela|Leech Seed|p2a: Porygon2
|-start|p2a: Porygon2|move: Leech Seed
|
|-heal|p1a: Celesteela|88/100 par|[from] item: Leftovers
|-damage|p2a: Porygon2|64/100|[from] Leech Seed|[of] p1a: Celesteela
|-heal|p1a: Celesteela|99/100 par|[silent]
|upkeep
|turn|27
|
|t:|1641863711
|move|p2a: Porygon2|Recover|p2a: Porygon2
|-heal|p2a: Porygon2|100/100
|move|p1a: Celesteela|Air Slash|p2a: Porygon2
|-damage|p2a: Porygon2|87/100
|
|-heal|p1a: Celesteela|100/100 par|[from] item: Leftovers
|-damage|p2a: Porygon2|75/100|[from] Leech Seed|[of] p1a: Celesteela
|upkeep
|turn|28
|
|t:|1641863717
|move|p2a: Porygon2|Ice Beam|p1a: Celesteela
|-damage|p1a: Celesteela|88/100 par
|cant|p1a: Celesteela|par
|
|-heal|p1a: Celesteela|94/100 par|[from] item: Leftovers
|-damage|p2a: Porygon2|63/100|[from] Leech Seed|[of] p1a: Celesteela
|-heal|p1a: Celesteela|100/100 par|[silent]
|upkeep
|turn|29
|
|t:|1641863719
|move|p2a: Porygon2|Recover|p2a: Porygon2
|-heal|p2a: Porygon2|100/100
|cant|p1a: Celesteela|par
|
|-damage|p2a: Porygon2|88/100|[from] Leech Seed|[of] p1a: Celesteela
|upkeep
|turn|30
|
|t:|1641863726
|switch|p2a: Garchomp|Garchomp, M|100/100
|-damage|p2a: Garchomp|94/100|[from] Stealth Rock
|move|p1a: Celesteela|Air Slash|p2a: Garchomp
|-damage|p2a: Garchomp|64/100
|
|upkeep
|turn|31
|
|t:|1641863732
|switch|p1a: Dragapult|Dragapult, M|100/100
|move|p2a: Garchomp|Swords Dance|p2a: Garchomp
|-boost|p2a: Garchomp|atk|2
|
|upkeep
|turn|32
|
|t:|1641863738
|switch|p2a: Porygon2|Porygon2|88/100
|-damage|p2a: Porygon2|76/100|[from] Stealth Rock
|-ability|p2a: Porygon2|Infiltrator|[from] ability: Trace|[of] p1a: Dragapult
|move|p1a: Dragapult|Draco Meteor|p2a: Porygon2
|-damage|p2a: Porygon2|51/100
|-unboost|p1a: Dragapult|spa|2
|
|upkeep
|turn|33
|
|t:|1641863741
|move|p1a: Dragapult|U-turn|p2a: Porygon2
|-damage|p2a: Porygon2|40/100
|
|t:|1641863748
|switch|p1a: Miltank|Miltank, F|88/100 tox|[from]move: U-turn
|move|p2a: Porygon2|Recover|p2a: Porygon2
|-heal|p2a: Porygon2|90/100
|
|-heal|p1a: Miltank|94/100 tox|[from] item: Leftovers
|-damage|p1a: Miltank|88/100 tox|[from] psn
|upkeep
|turn|34
|
|t:|1641863754
|switch|p2a: Garchomp|Garchomp, M|64/100
|-damage|p2a: Garchomp|58/100|[from] Stealth Rock
|move|p1a: Miltank|Toxic|p2a: Garchomp
|-status|p2a: Garchomp|tox
|
|-heal|p1a: Miltank|94/100 tox|[from] item: Leftovers
|-damage|p2a: Garchomp|52/100 tox|[from] psn
|-damage|p1a: Miltank|82/100 tox|[from] psn
|upkeep
|turn|35
|
|t:|1641863769
|switch|p1a: Dragapult|Dragapult, M|100/100
|move|p2a: Garchomp|Scale Shot|p1a: Dragapult
|-supereffective|p1a: Dragapult
|-enditem|p1a: Dragapult|Haban Berry|[eat]
|-enditem|p1a: Dragapult|Haban Berry|[weaken]
|-damage|p1a: Dragapult|81/100
|-supereffective|p1a: Dragapult
|-damage|p1a: Dragapult|47/100
|-supereffective|p1a: Dragapult
|-damage|p1a: Dragapult|8/100
|-supereffective|p1a: Dragapult
|-damage|p1a: Dragapult|0 fnt
|faint|p1a: Dragapult
|-hitcount|p1: Dragapult|4
|-unboost|p2a: Garchomp|def|1
|-boost|p2a: Garchomp|spe|1
|
|-damage|p2a: Garchomp|39/100 tox|[from] psn
|upkeep
|
|t:|1641863778
|switch|p1a: Togekiss|Togekiss, F|58/100
|turn|36
|
|t:|1641863784
|move|p2a: Garchomp|Stone Edge|p1a: Togekiss
|-supereffective|p1a: Togekiss
|-damage|p1a: Togekiss|12/100
|move|p1a: Togekiss|Roost|p1a: Togekiss
|-heal|p1a: Togekiss|62/100
|-singleturn|p1a: Togekiss|move: Roost
|
|-damage|p2a: Garchomp|21/100 tox|[from] psn
|upkeep
|turn|37
|
|t:|1641863789
|move|p2a: Garchomp|Stone Edge|p1a: Togekiss
|-supereffective|p1a: Togekiss
|-damage|p1a: Togekiss|11/100
|move|p1a: Togekiss|Roost|p1a: Togekiss
|-heal|p1a: Togekiss|61/100
|-singleturn|p1a: Togekiss|move: Roost
|
|-damage|p2a: Garchomp|0 fnt|[from] psn
|faint|p2a: Garchomp
|upkeep
|
|t:|1641863795
|switch|p2a: Tapu Fini|Tapu Fini|15/100
|-damage|p2a: Tapu Fini|2/100|[from] Stealth Rock
|-fieldstart|move: Misty Terrain|[from] ability: Misty Surge|[of] p2a: Tapu Fini
|turn|38
|
|t:|1641863810
|switch|p1a: Amoonguss|Amoonguss, M|89/100
|move|p2a: Tapu Fini|Defog|p1a: Amoonguss
|-unboost|p1a: Amoonguss|evasion|1
|-sideend|p2: Slappe|Stealth Rock|[from] move: Defog|[of] p2a: Tapu Fini
|-fieldend|Misty Terrain
|
|-heal|p2a: Tapu Fini|8/100|[from] item: Leftovers
|-heal|p1a: Amoonguss|95/100|[from] item: Leftovers
|upkeep
|turn|39
|
|t:|1641863820
|move|p2a: Tapu Fini|Scald|p1a: Amoonguss
|-resisted|p1a: Amoonguss
|-damage|p1a: Amoonguss|85/100
|move|p1a: Amoonguss|Spore|p2a: Tapu Fini
|-status|p2a: Tapu Fini|slp|[from] move: Spore
|
|-heal|p2a: Tapu Fini|14/100 slp|[from] item: Leftovers
|-heal|p1a: Amoonguss|91/100|[from] item: Leftovers
|upkeep
|turn|40
|
|t:|1641863824
|switch|p2a: Slowking|Slowking-Galar, F|100/100
|move|p1a: Amoonguss|Toxic|p2a: Slowking
|-immune|p2a: Slowking
|
|-heal|p1a: Amoonguss|97/100|[from] item: Leftovers
|upkeep
|turn|41
|
|t:|1641863833
|move|p2a: Slowking|Flamethrower|p1a: Amoonguss
|-supereffective|p1a: Amoonguss
|-damage|p1a: Amoonguss|54/100
|-status|p1a: Amoonguss|brn
|move|p1a: Amoonguss|Foul Play|p2a: Slowking
|-supereffective|p2a: Slowking
|-damage|p2a: Slowking|88/100
|
|-heal|p1a: Amoonguss|60/100 brn|[from] item: Leftovers
|-damage|p1a: Amoonguss|54/100 brn|[from] brn
|upkeep
|turn|42
|
|t:|1641863842
|switch|p1a: Miltank|Miltank, F|82/100 tox
|move|p2a: Slowking|Ice Beam|p1a: Miltank
|-damage|p1a: Miltank|64/100 tox
|
|-heal|p1a: Miltank|71/100 tox|[from] item: Leftovers
|-damage|p1a: Miltank|64/100 tox|[from] psn
|upkeep
|turn|43
|
|t:|1641863848
|move|p1a: Miltank|Earthquake|p2a: Slowking
|-supereffective|p2a: Slowking
|-damage|p2a: Slowking|35/100
|move|p2a: Slowking|Scald|p1a: Miltank
|-damage|p1a: Miltank|32/100 tox
|
|-heal|p1a: Miltank|38/100 tox|[from] item: Leftovers
|-damage|p1a: Miltank|26/100 tox|[from] psn
|upkeep
|turn|44
|
|t:|1641863852
|switch|p2a: Porygon2|Porygon2|90/100
|-ability|p2a: Porygon2|Thick Fat|[from] ability: Trace|[of] p1a: Miltank
|move|p1a: Miltank|Stealth Rock|p2a: Porygon2
|-sidestart|p2: Slappe|move: Stealth Rock
|
|-heal|p1a: Miltank|32/100 tox|[from] item: Leftovers
|-damage|p1a: Miltank|14/100 tox|[from] psn
|upkeep
|turn|45
|
|t:|1641863860
|switch|p1a: Celesteela|Celesteela|100/100 par
|switch|p2a: Tapu Fini|Tapu Fini|14/100 slp
|-damage|p2a: Tapu Fini|2/100 slp|[from] Stealth Rock
|-fieldstart|move: Misty Terrain|[from] ability: Misty Surge|[of] p2a: Tapu Fini
|
|-heal|p2a: Tapu Fini|8/100 slp|[from] item: Leftovers
|upkeep
|turn|46
|
|t:|1641863867
|cant|p2a: Tapu Fini|slp
|move|p1a: Celesteela|Air Slash|p2a: Tapu Fini
|-damage|p2a: Tapu Fini|0 fnt
|faint|p2a: Tapu Fini
|-ability|p1a: Celesteela|Beast Boost|boost
|-boost|p1a: Celesteela|spd|1
|
|upkeep
|
|t:|1641863873
|switch|p2a: Salamence|Salamence, M|100/100
|-damage|p2a: Salamence|76/100|[from] Stealth Rock
|turn|47
|
|t:|1641863878
|move|p2a: Salamence|Fire Blast|p1a: Celesteela
|-supereffective|p1a: Celesteela
|-damage|p1a: Celesteela|72/100 par
|-damage|p2a: Salamence|66/100|[from] item: Life Orb
|cant|p1a: Celesteela|par
|
|-heal|p1a: Celesteela|78/100 par|[from] item: Leftovers
|upkeep
|turn|48
|
|t:|1641863884
|move|p2a: Salamence|Dragon Dance|p2a: Salamence
|-boost|p2a: Salamence|atk|1
|-boost|p2a: Salamence|spe|1
|move|p1a: Celesteela|Air Slash|p2a: Salamence
|-damage|p2a: Salamence|33/100
|
|-heal|p1a: Celesteela|84/100 par|[from] item: Leftovers
|upkeep
|turn|49
|
|t:|1641863887
|move|p2a: Salamence|Stone Edge|p1a: Celesteela
|-damage|p1a: Celesteela|24/100 par
|-damage|p2a: Salamence|23/100|[from] item: Life Orb
|cant|p1a: Celesteela|par
|
|-heal|p1a: Celesteela|30/100 par|[from] item: Leftovers
|-fieldend|Misty Terrain
|upkeep
|turn|50
|
|t:|1641863902
|switch|p1a: Amoonguss|Amoonguss, M|87/100 brn
|move|p2a: Salamence|Stone Edge|p1a: Amoonguss
|-damage|p1a: Amoonguss|0 fnt
|faint|p1a: Amoonguss
|-ability|p2a: Salamence|Moxie|boost
|-boost|p2a: Salamence|atk|1
|-damage|p2a: Salamence|13/100|[from] item: Life Orb
|
|upkeep
|
|t:|1641863935
|switch|p1a: Miltank|Miltank, F|14/100 tox
|turn|51
|
|t:|1641863941
|move|p2a: Salamence|Dual Wingbeat|p1a: Miltank
|-damage|p1a: Miltank|0 fnt
|faint|p1a: Miltank
|-ability|p2a: Salamence|Moxie|boost
|-boost|p2a: Salamence|atk|1
|-hitcount|p1: Miltank|1
|-damage|p2a: Salamence|3/100|[from] item: Life Orb
|
|upkeep
|
|t:|1641863946
|switch|p1a: Togekiss|Togekiss, F|61/100
|turn|52
|
|t:|1641863950
|move|p2a: Salamence|Dual Wingbeat|p1a: Togekiss
|-damage|p1a: Togekiss|3/100
|-damage|p1a: Togekiss|0 fnt
|faint|p1a: Togekiss
|-ability|p2a: Salamence|Moxie|boost
|-boost|p2a: Salamence|atk|1
|-hitcount|p1: Togekiss|2
|-damage|p2a: Salamence|0 fnt|[from] item: Life Orb
|faint|p2a: Salamence
|
|upkeep
|
|t:|1641863956
|switch|p2a: Slowking|Slowking-Galar, F|68/100
|switch|p1a: Celesteela|Celesteela|30/100 par
|-damage|p2a: Slowking|56/100|[from] Stealth Rock
|turn|53
|inactive|Battle timer is ON: inactive players will automatically lose when time's up. (requested by Slappe)
|c|☆Slappe|L
|c|☆Slappe|L
|c|☆Slappe|L
|c|☆Slappe|l
|c|☆Slappe|L
|
|t:|1641863974
|move|p1a: Celesteela|Protect|p1a: Celesteela
|-singleturn|p1a: Celesteela|Protect
|move|p2a: Slowking|Flamethrower|p1a: Celesteela
|-activate|p1a: Celesteela|move: Protect
|
|-heal|p1a: Celesteela|36/100 par|[from] item: Leftovers
|upkeep
|turn|54
|c|☆Slappe|L
|
|t:|1641863992
|move|p2a: Slowking|Flamethrower|p1a: Celesteela
|-supereffective|p1a: Celesteela
|-damage|p1a: Celesteela|0 fnt
|faint|p1a: Celesteela
|
|win|Slappe
|c|☆Slappe|!showset 6
|c| Slappe|/raw <div class="infobox">Slowking (Slowking-Galar) @ Assault Vest  <br />Ability: Regenerator  <br />EVs: 252 HP &#x2f; 252 SpA &#x2f; 4 SpD  <br />Modest Nature  <br />IVs: 0 Atk  <br />- Grass Knot  <br />- Ice Beam  <br />- Flamethrower  <br />- Scald  <br /><br /></div>
|c|☆Slappe|!showset 5
|c| Slappe|/raw <div class="infobox">Garchomp @ Safety Goggles  <br />Ability: Rough Skin  <br />EVs: 52 HP &#x2f; 252 Atk &#x2f; 4 Def &#x2f; 200 Spe  <br />Jolly Nature  <br />- Stone Edge  <br />- Swords Dance  <br />- Earthquake  <br />- Scale Shot  <br /><br /></div>
|c|☆Slappe|!showteam
|c| Slappe|/raw <div class="infobox"><details><summary>View team</summary>Pangoro @ Safety Goggles  <br />Ability: Scrappy  <br />EVs: 224 HP &#x2f; 252 Atk &#x2f; 32 Spe  <br />Adamant Nature  <br />- Aerial Ace  <br />- Swords Dance  <br />- Bullet Punch  <br />- Close Combat  <br /><br />Salamence @ Life Orb  <br />Ability: Moxie  <br />EVs: 252 Atk &#x2f; 60 SpA &#x2f; 196 Spe  <br />Lonely Nature  <br />- Stone Edge  <br />- Fire Blast  <br />- Dragon Dance  <br />- Dual Wingbeat  <br /><br />Tapu Fini @ Leftovers  <br />Ability: Misty Surge  <br />EVs: 252 HP &#x2f; 96 SpA &#x2f; 160 SpD  <br />Modest Nature  <br />IVs: 0 Atk  <br />- Draining Kiss  <br />- Calm Mind  <br />- Defog  <br />- Scald  <br /><br />Porygon2 @ Eviolite  <br />Ability: Trace  <br />EVs: 252 HP &#x2f; 4 SpA &#x2f; 252 SpD  <br />Calm Nature  <br />IVs: 0 Atk  <br />- Ice Beam  <br />- Toxic  <br />- Thunder Wave  <br />- Recover  <br /><br />Garchomp @ Safety Goggles  <br />Ability: Rough Skin  <br />EVs: 52 HP &#x2f; 252 Atk &#x2f; 4 Def &#x2f; 200 Spe  <br />Jolly Nature  <br />- Stone Edge  <br />- Swords Dance  <br />- Earthquake  <br />- Scale Shot  <br /><br />Slowking (Slowking-Galar) @ Assault Vest  <br />Ability: Regenerator  <br />EVs: 252 HP &#x2f; 252 SpA &#x2f; 4 SpD  <br />Modest Nature  <br />IVs: 0 Atk  <br />- Grass Knot  <br />- Ice Beam  <br />- Flamethrower  <br />- Scald  <br /><br /></details></div>
