|j|☆imantipoetic
|j|☆Blancow
|t:|1641744961
|gametype|singles
|player|p1|imantipoetic|volkner|1323
|player|p2|Blancow|101|1340
|teamsize|p1|6
|teamsize|p2|6
|gen|8
|tier|[Gen 8] OU
|rated|
|rule|Sleep Clause Mod: Limit one foe put to sleep
|rule|Species Clause: Limit one of each Pokémon
|rule|OHKO Clause: OHKO moves are banned
|rule|Evasion Moves Clause: Evasion moves are banned
|rule|Endless Battle Clause: Forcing endless battles is banned
|rule|HP Percentage Mod: HP is shown in percentages
|rule|Dynamax Clause: You cannot dynamax
|clearpoke
|poke|p1|Chansey, F|
|poke|p1|Dragapult, M|
|poke|p1|Urshifu-*, M|
|poke|p1|Landorus-Therian, M|
|poke|p1|Slowbro, M|
|poke|p1|Skarmory, M|
|poke|p2|Hatterene, F|
|poke|p2|Cresselia, F|
|poke|p2|Marowak-Alola, M|
|poke|p2|Melmetal|
|poke|p2|Porygon2|
|poke|p2|Clawitzer, F|
|teampreview
|inactive|Battle timer is ON: inactive players will automatically lose when time's up. (requested by Blancow)
|inactive|imantipoetic also wants the timer to be on.
|
|t:|1641744968
|start
|switch|p1a: Landorus|Landorus-Therian, M, shiny|100/100
|switch|p2a: Hatterene|Hatterene, F|100/100
|-ability|p1a: Landorus|Intimidate|boost
|-unboost|p2a: Hatterene|atk|1
|turn|1
|
|t:|1641744978
|move|p1a: Landorus|Earthquake|p2a: Hatterene
|-enditem|p2a: Hatterene|Focus Sash
|-damage|p2a: Hatterene|1/100
|move|p2a: Hatterene|Trick Room|p2a: Hatterene
|-fieldstart|move: Trick Room|[of] p2a: Hatterene
|
|upkeep
|turn|2
|
|t:|1641744985
|move|p2a: Hatterene|Mystical Fire|p1a: Landorus
|-damage|p1a: Landorus|60/100
|-unboost|p1a: Landorus|spa|1
|move|p1a: Landorus|Earthquake|p2a: Hatterene
|-damage|p2a: Hatterene|0 fnt
|faint|p2a: Hatterene
|
|upkeep
|
|t:|1641744993
|switch|p2a: Clawitzer|Clawitzer, F|100/100
|turn|3
|
|t:|1641745000
|switch|p2a: Marowak|Marowak-Alola, M|100/100
|switch|p1a: Chansey|Chansey, F, shiny|100/100
|
|upkeep
|turn|4
|
|t:|1641745007
|move|p2a: Marowak|Poltergeist|p1a: Chansey
|-immune|p1a: Chansey
|move|p1a: Chansey|Teleport|p1a: Chansey
|
|t:|1641745013
|switch|p1a: Urshifu|Urshifu-Rapid-Strike, M|100/100|[from]move: Teleport
|
|upkeep
|turn|5
|
|t:|1641745018
|move|p2a: Marowak|Poltergeist|p1a: Urshifu
|-activate|p1a: Urshifu|move: Poltergeist|Choice Band
|-damage|p1a: Urshifu|10/100
|move|p1a: Urshifu|Surging Strikes|p2a: Marowak
|-supereffective|p2a: Marowak
|-crit|p2a: Marowak
|-damage|p2a: Marowak|34/100
|-supereffective|p2a: Marowak
|-crit|p2a: Marowak
|-damage|p2a: Marowak|0 fnt
|faint|p2a: Marowak
|-hitcount|p2: Marowak|2
|
|-fieldend|move: Trick Room
|upkeep
|-message|Blancow forfeited.
|
|win|imantipoetic
|raw|imantipoetic's rating: 1323 &rarr; <strong>1344</strong><br />(+21 for winning)
|raw|Blancow's rating: 1340 &rarr; <strong>1319</strong><br />(-21 for losing)
|l|☆Blancow
