|j|☆cmhjl
|j|☆Primexa04
|t:|1641724313
|gametype|singles
|player|p1|cmhjl|265|1257
|player|p2|Primexa04|colress|1287
|teamsize|p1|6
|teamsize|p2|6
|gen|8
|tier|[Gen 8] OU
|rated|
|rule|Sleep Clause Mod: Limit one foe put to sleep
|rule|Species Clause: Limit one of each Pokémon
|rule|OHKO Clause: OHKO moves are banned
|rule|Evasion Moves Clause: Evasion moves are banned
|rule|Endless Battle Clause: Forcing endless battles is banned
|rule|HP Percentage Mod: HP is shown in percentages
|rule|Dynamax Clause: You cannot dynamax
|clearpoke
|poke|p1|Barraskewda, F|
|poke|p1|Ferrothorn, M|
|poke|p1|Pelipper, F|
|poke|p1|Volcanion|
|poke|p1|Thundurus-Therian, M|
|poke|p1|Blastoise, F|
|poke|p2|Aerodactyl, F|
|poke|p2|Kartana|
|poke|p2|Zapdos-Galar|
|poke|p2|Garchomp, M|
|poke|p2|Weavile, M|
|poke|p2|Latios, M|
|teampreview
|
|t:|1641724353
|start
|switch|p1a: Pelipper|Pelipper, F|100/100
|switch|p2a: Aerodactyl|Aerodactyl, F|100/100
|-ability|p2a: Aerodactyl|Pressure
|-weather|RainDance|[from] ability: Drizzle|[of] p1a: Pelipper
|turn|1
|
|t:|1641724365
|switch|p1a: Ferrothorn|Ferrothorn, M|100/100
|move|p2a: Aerodactyl|Rock Tomb|p1a: Ferrothorn
|-resisted|p1a: Ferrothorn
|-damage|p1a: Ferrothorn|93/100
|-unboost|p1a: Ferrothorn|spe|1
|
|-weather|RainDance|[upkeep]
|-heal|p1a: Ferrothorn|99/100|[from] item: Leftovers
|upkeep
|turn|2
|
|t:|1641724380
|move|p2a: Aerodactyl|Taunt|p1a: Ferrothorn
|-start|p1a: Ferrothorn|move: Taunt
|cant|p1a: Ferrothorn|move: Taunt|Stealth Rock
|
|-weather|RainDance|[upkeep]
|-heal|p1a: Ferrothorn|100/100|[from] item: Leftovers
|upkeep
|turn|3
|
|t:|1641724386
|move|p2a: Aerodactyl|Stealth Rock|p1a: Ferrothorn
|-sidestart|p1: cmhjl|move: Stealth Rock
|move|p1a: Ferrothorn|Gyro Ball|p2a: Aerodactyl
|-supereffective|p2a: Aerodactyl
|-enditem|p2a: Aerodactyl|Focus Sash
|-damage|p2a: Aerodactyl|1/100
|
|-weather|RainDance|[upkeep]
|upkeep
|turn|4
|
|t:|1641724400
|move|p2a: Aerodactyl|Rock Tomb|p1a: Ferrothorn
|-resisted|p1a: Ferrothorn
|-damage|p1a: Ferrothorn|93/100
|-unboost|p1a: Ferrothorn|spe|1
|move|p1a: Ferrothorn|Body Press|p2a: Aerodactyl
|-damage|p2a: Aerodactyl|0 fnt
|faint|p2a: Aerodactyl
|
|-weather|RainDance|[upkeep]
|-heal|p1a: Ferrothorn|99/100|[from] item: Leftovers
|-end|p1a: Ferrothorn|move: Taunt
|upkeep
|l|☆Primexa04
|player|p2|
|j|☆Primexa04
|player|p2|Primexa04|colress
|
|t:|1641724450
|switch|p2a: Zapdos|Zapdos-Galar|100/100
|turn|5
|l|☆Primexa04
|player|p2|
|j|☆Primexa04
|player|p2|Primexa04|colress
|
|t:|1641724475
|switch|p1a: Thundurus|Thundurus-Therian, M|100/100
|move|p2a: Zapdos|Thunderous Kick|p1a: Thundurus
|-resisted|p1a: Thundurus
|-damage|p1a: Thundurus|51/100
|-unboost|p1a: Thundurus|def|1
|
|-weather|RainDance|[upkeep]
|upkeep
|turn|6
|
|t:|1641724490
|switch|p2a: Garchomp|Garchomp, M|100/100
|move|p1a: Thundurus|Thunder|p2a: Garchomp
|-immune|p2a: Garchomp
|
|-weather|RainDance|[upkeep]
|upkeep
|turn|7
|
|t:|1641724497
|move|p2a: Garchomp|Scale Shot|p1a: Thundurus
|-damage|p1a: Thundurus|21/100
|-damage|p1a: Thundurus|0 fnt
|faint|p1a: Thundurus
|-hitcount|p1: Thundurus|2
|-unboost|p2a: Garchomp|def|1
|-boost|p2a: Garchomp|spe|1
|
|-weather|RainDance|[upkeep]
|upkeep
|
|t:|1641724511
|switch|p1a: Barraskewda|Barraskewda, F|100/100
|-damage|p1a: Barraskewda|88/100|[from] Stealth Rock
|turn|8
|
|t:|1641724529
|switch|p2a: Kartana|Kartana|100/100
|move|p1a: Barraskewda|Flip Turn|p2a: Kartana
|-resisted|p2a: Kartana
|-damage|p2a: Kartana|78/100
|
|t:|1641724547
|switch|p1a: Volcanion|Volcanion|100/100|[from]move: Flip Turn
|-damage|p1a: Volcanion|76/100|[from] Stealth Rock
|
|-weather|none
|upkeep
|turn|9
|inactive|Battle timer is ON: inactive players will automatically lose when time's up. (requested by Primexa04)
|
|t:|1641724563
|switch|p2a: Latios|Latios, M|100/100
|move|p1a: Volcanion|Flamethrower|p2a: Latios
|-resisted|p2a: Latios
|-damage|p2a: Latios|62/100
|
|upkeep
|turn|10
|
|t:|1641724582
|switch|p1a: Pelipper|Pelipper, F|100/100
|-damage|p1a: Pelipper|75/100|[from] Stealth Rock
|-weather|RainDance|[from] ability: Drizzle|[of] p1a: Pelipper
|move|p2a: Latios|Aura Sphere|p1a: Pelipper
|-resisted|p1a: Pelipper
|-damage|p1a: Pelipper|47/100
|
|-weather|RainDance|[upkeep]
|upkeep
|turn|11
|
|t:|1641724598
|switch|p2a: Weavile|Weavile, M|100/100
|-ability|p2a: Weavile|Pressure
|move|p1a: Pelipper|Defog|p2a: Weavile
|-unboost|p2a: Weavile|evasion|1
|-sideend|p1: cmhjl|Stealth Rock|[from] move: Defog|[of] p1a: Pelipper
|
|-weather|RainDance|[upkeep]
|upkeep
|turn|12
|
|t:|1641724607
|switch|p1a: Ferrothorn|Ferrothorn, M|99/100
|move|p2a: Weavile|Knock Off|p1a: Ferrothorn
|-damage|p1a: Ferrothorn|71/100
|-damage|p2a: Weavile|88/100|[from] ability: Iron Barbs|[of] p1a: Ferrothorn
|-enditem|p1a: Ferrothorn|Leftovers|[from] move: Knock Off|[of] p2a: Weavile
|
|-weather|RainDance|[upkeep]
|upkeep
|turn|13
|
|t:|1641724619
|move|p2a: Weavile|Low Kick|p1a: Ferrothorn
|-supereffective|p1a: Ferrothorn
|-crit|p1a: Ferrothorn
|-damage|p1a: Ferrothorn|18/100
|-damage|p2a: Weavile|76/100|[from] ability: Iron Barbs|[of] p1a: Ferrothorn
|move|p1a: Ferrothorn|Body Press|p2a: Weavile
|-supereffective|p2a: Weavile
|-damage|p2a: Weavile|0 fnt
|faint|p2a: Weavile
|
|-weather|RainDance|[upkeep]
|upkeep
|
|t:|1641724635
|switch|p2a: Zapdos|Zapdos-Galar|100/100
|turn|14
|
|t:|1641724651
|switch|p1a: Pelipper|Pelipper, F|47/100
|move|p2a: Zapdos|Close Combat|p1a: Pelipper
|-resisted|p1a: Pelipper
|-damage|p1a: Pelipper|12/100
|-unboost|p2a: Zapdos|def|1
|-unboost|p2a: Zapdos|spd|1
|
|-weather|RainDance|[upkeep]
|upkeep
|turn|15
|
|t:|1641724658
|move|p2a: Zapdos|Close Combat|p1a: Pelipper
|-resisted|p1a: Pelipper
|-damage|p1a: Pelipper|0 fnt
|-unboost|p2a: Zapdos|def|1
|-unboost|p2a: Zapdos|spd|1
|faint|p1a: Pelipper
|
|-weather|RainDance|[upkeep]
|upkeep
|
|t:|1641724665
|switch|p1a: Blastoise|Blastoise, F|100/100
|turn|16
|
|t:|1641724671
|move|p2a: Zapdos|Close Combat|p1a: Blastoise
|-crit|p1a: Blastoise
|-damage|p1a: Blastoise|0 fnt
|-unboost|p2a: Zapdos|def|1
|-unboost|p2a: Zapdos|spd|1
|faint|p1a: Blastoise
|
|-weather|RainDance|[upkeep]
|upkeep
|inactive|cmhjl has 120 seconds left.
|
|t:|1641724705
|switch|p1a: Volcanion|Volcanion|76/100
|turn|17
|
|t:|1641724711
|move|p2a: Zapdos|Close Combat|p1a: Volcanion
|-damage|p1a: Volcanion|0 fnt
|-unboost|p2a: Zapdos|def|1
|-unboost|p2a: Zapdos|spd|1
|faint|p1a: Volcanion
|
|-weather|none
|upkeep
|
|t:|1641724715
|switch|p1a: Barraskewda|Barraskewda, F|88/100
|turn|18
|
|t:|1641724728
|move|p1a: Barraskewda|Psychic Fangs|p2a: Zapdos
|-supereffective|p2a: Zapdos
|-damage|p2a: Zapdos|0 fnt
|faint|p2a: Zapdos
|
|upkeep
|
|t:|1641724737
|switch|p2a: Latios|Latios, M|62/100
|turn|19
|
|t:|1641724746
|move|p1a: Barraskewda|Crunch|p2a: Latios
|-supereffective|p2a: Latios
|-crit|p2a: Latios
|-damage|p2a: Latios|0 fnt
|faint|p2a: Latios
|
|upkeep
|
|t:|1641724756
|switch|p2a: Garchomp|Garchomp, M|100/100
|turn|20
|
|t:|1641724760
|move|p1a: Barraskewda|Flip Turn|p2a: Garchomp
|-damage|p2a: Garchomp|70/100
|-activate|p2a: Garchomp|ability: Rough Skin
|-activate|p1a: Barraskewda|item: Protective Pads
|
|t:|1641724765
|switch|p1a: Ferrothorn|Ferrothorn, M|18/100|[from]move: Flip Turn
|move|p2a: Garchomp|Earthquake|p1a: Ferrothorn
|-damage|p1a: Ferrothorn|0 fnt
|faint|p1a: Ferrothorn
|
|upkeep
|
|t:|1641724772
|switch|p1a: Barraskewda|Barraskewda, F|88/100
|turn|21
|
|t:|1641724779
|move|p1a: Barraskewda|Flip Turn|p2a: Garchomp
|-damage|p2a: Garchomp|40/100
|-activate|p2a: Garchomp|ability: Rough Skin
|-activate|p1a: Barraskewda|item: Protective Pads
|move|p2a: Garchomp|Earthquake|p1a: Barraskewda
|-damage|p1a: Barraskewda|0 fnt
|faint|p1a: Barraskewda
|
|win|Primexa04
|raw|cmhjl's rating: 1257 &rarr; <strong>1234</strong><br />(-23 for losing)
|raw|Primexa04's rating: 1287 &rarr; <strong>1310</strong><br />(+23 for winning)
