|j|☆Rex25604
|j|☆ZekoPlayzR6
|t:|1641840648
|gametype|singles
|player|p1|Rex25604|1|1000
|player|p2|ZekoPlayzR6|riley|1057
|teamsize|p1|6
|teamsize|p2|6
|gen|8
|tier|[Gen 8] OU
|rated|
|rule|Sleep Clause Mod: Limit one foe put to sleep
|rule|Species Clause: Limit one of each Pokémon
|rule|OHKO Clause: OHKO moves are banned
|rule|Evasion Moves Clause: Evasion moves are banned
|rule|Endless Battle Clause: Forcing endless battles is banned
|rule|HP Percentage Mod: HP is shown in percentages
|rule|Dynamax Clause: You cannot dynamax
|clearpoke
|poke|p1|Gallade, M|
|poke|p1|Heracross, M|
|poke|p1|Tyranitar, F|
|poke|p1|Excadrill, M|
|poke|p1|Obstagoon, M|
|poke|p1|Venusaur, M|
|poke|p2|Lanturn, F|
|poke|p2|Regirock|
|poke|p2|Pelipper, M|
|poke|p2|Barraskewda, F|
|poke|p2|Gastrodon, F|
|poke|p2|Urshifu-*, M|
|teampreview
|
|t:|1641840658
|start
|switch|p1a: What|Obstagoon, M, shiny|100/100
|switch|p2a: Urshifu|Urshifu-Rapid-Strike, M|100/100
|turn|1
|
|t:|1641840664
|move|p2a: Urshifu|U-turn|p1a: What
|-supereffective|p1a: What
|-damage|p1a: What|46/100
|-damage|p2a: Urshifu|91/100|[from] item: Life Orb
|
|t:|1641840670
|switch|p2a: Pelipper|Pelipper, M|100/100|[from]move: U-turn
|-weather|RainDance|[from] ability: Drizzle|[of] p2a: Pelipper
|move|p1a: What|Cross Chop|p2a: Pelipper
|-resisted|p2a: Pelipper
|-damage|p2a: Pelipper|90/100
|
|-weather|RainDance|[upkeep]
|upkeep
|turn|2
|
|t:|1641840679
|move|p1a: What|Hyper Voice|p2a: Pelipper
|-damage|p2a: Pelipper|63/100
|move|p2a: Pelipper|Tailwind|p2a: Pelipper
|-sidestart|p2: ZekoPlayzR6|move: Tailwind
|
|-weather|RainDance|[upkeep]
|upkeep
|turn|3
|
|t:|1641840686
|switch|p2a: Gastrodon|Gastrodon, F|100/100
|move|p1a: What|Hyper Voice|p2a: Gastrodon
|-damage|p2a: Gastrodon|81/100
|
|-weather|RainDance|[upkeep]
|-heal|p2a: Gastrodon|87/100|[from] item: Leftovers
|upkeep
|turn|4
|
|t:|1641840697
|move|p2a: Gastrodon|Toxic|p1a: What
|-status|p1a: What|tox
|move|p1a: What|Close Combat|p2a: Gastrodon
|-damage|p2a: Gastrodon|62/100
|-unboost|p1a: What|def|1
|-unboost|p1a: What|spd|1
|
|-weather|RainDance|[upkeep]
|-heal|p2a: Gastrodon|68/100|[from] item: Leftovers
|-damage|p1a: What|40/100 tox|[from] psn
|upkeep
|turn|5
|-message|Rex25604 forfeited.
|
|win|ZekoPlayzR6
|raw|Rex25604's rating: 1000 &rarr; <strong>1000</strong><br />(+0 for losing)
|raw|ZekoPlayzR6's rating: 1057 &rarr; <strong>1083</strong><br />(+26 for winning)
|l|☆Rex25604
||Ladder isn't responding, score probably updated but might not have (Request timeout).
