|j|☆Dhoninitesh
|j|☆cattoungue2681
|t:|1641722833
|gametype|singles
|player|p1|Dhoninitesh|169|1271
|player|p2|cattoungue2681|hilbert|1217
|teamsize|p1|6
|teamsize|p2|6
|gen|8
|tier|[Gen 8] OU
|rated|
|rule|Sleep Clause Mod: Limit one foe put to sleep
|rule|Species Clause: Limit one of each Pokémon
|rule|OHKO Clause: OHKO moves are banned
|rule|Evasion Moves Clause: Evasion moves are banned
|rule|Endless Battle Clause: Forcing endless battles is banned
|rule|HP Percentage Mod: HP is shown in percentages
|rule|Dynamax Clause: You cannot dynamax
|clearpoke
|poke|p1|Tapu Lele|
|poke|p1|Nihilego|
|poke|p1|Landorus-Therian, M|
|poke|p1|Kartana|
|poke|p1|Melmetal|
|poke|p1|Dragapult, F|
|poke|p2|Salamence, M|
|poke|p2|Nidoking, M|
|poke|p2|Dragapult, F|
|poke|p2|Rillaboom, F|
|poke|p2|Tapu Koko|
|poke|p2|Heatran, F|
|teampreview
|
|t:|1641722843
|start
|switch|p1a: Landorus|Landorus-Therian, M|100/100
|switch|p2a: Salamence|Salamence, M|100/100
|-ability|p2a: Salamence|Intimidate|boost
|-unboost|p1a: Landorus|atk|1
|-ability|p1a: Landorus|Intimidate|boost
|-unboost|p2a: Salamence|atk|1
|turn|1
|
|t:|1641722847
|move|p2a: Salamence|Hydro Pump|p1a: Landorus
|-supereffective|p1a: Landorus
|-damage|p1a: Landorus|29/100
|move|p1a: Landorus|Stealth Rock|p2a: Salamence
|-sidestart|p2: cattoungue2681|move: Stealth Rock
|
|upkeep
|turn|2
|
|t:|1641722853
|switch|p1a: Dragapult|Dragapult, F|100/100
|move|p2a: Salamence|Hydro Pump|p1a: Dragapult|[miss]
|-miss|p2a: Salamence|p1a: Dragapult
|
|upkeep
|turn|3
|
|t:|1641722863
|switch|p2a: Tapu Koko|Tapu Koko|100/100
|-fieldstart|move: Electric Terrain|[from] ability: Electric Surge|[of] p2a: Tapu Koko
|move|p1a: Dragapult|Draco Meteor|p2a: Tapu Koko
|-immune|p2a: Tapu Koko
|
|upkeep
|turn|4
|
|t:|1641722872
|switch|p1a: Kartana|Kartana|100/100
|move|p2a: Tapu Koko|Dazzling Gleam|p1a: Kartana
|-resisted|p1a: Kartana
|-damage|p1a: Kartana|49/100
|
|upkeep
|turn|5
|
|t:|1641722878
|switch|p1a: Melmetal|Melmetal|100/100
|move|p2a: Tapu Koko|Thunderbolt|p1a: Melmetal
|-damage|p1a: Melmetal|67/100
|
|upkeep
|turn|6
|
|t:|1641722885
|move|p2a: Tapu Koko|U-turn|p1a: Melmetal
|-resisted|p1a: Melmetal
|-damage|p1a: Melmetal|63/100
|
|t:|1641722890
|switch|p2a: Salamence|Salamence, M|100/100|[from]move: U-turn
|-ability|p2a: Salamence|Intimidate|boost
|-unboost|p1a: Melmetal|atk|1
|move|p1a: Melmetal|Earthquake|p2a: Salamence
|-immune|p2a: Salamence
|
|upkeep
|turn|7
|
|t:|1641722894
|move|p2a: Salamence|Fire Blast|p1a: Melmetal
|-supereffective|p1a: Melmetal
|-damage|p1a: Melmetal|16/100
|move|p1a: Melmetal|Ice Punch|p2a: Salamence
|-supereffective|p2a: Salamence
|-damage|p2a: Salamence|0 fnt
|faint|p2a: Salamence
|
|-fieldend|move: Electric Terrain
|upkeep
|
|t:|1641722902
|switch|p2a: Tapu Koko|Tapu Koko|100/100
|-fieldstart|move: Electric Terrain|[from] ability: Electric Surge|[of] p2a: Tapu Koko
|turn|8
|
|t:|1641722906
|move|p2a: Tapu Koko|Thunderbolt|p1a: Melmetal
|-damage|p1a: Melmetal|0 fnt
|faint|p1a: Melmetal
|
|upkeep
|
|t:|1641722910
|switch|p1a: Nihilego|Nihilego|100/100
|turn|9
|
|t:|1641722917
|switch|p2a: Nidoking|Nidoking, M, shiny|100/100
|-damage|p2a: Nidoking|95/100|[from] Stealth Rock
|move|p1a: Nihilego|Meteor Beam||[still]
|-prepare|p1a: Nihilego|Meteor Beam
|-boost|p1a: Nihilego|spa|1
|-enditem|p1a: Nihilego|Power Herb
|-anim|p1a: Nihilego|Meteor Beam|p2a: Nidoking
|-resisted|p2a: Nidoking
|-damage|p2a: Nidoking|32/100
|
|upkeep
|turn|10
|
|t:|1641722922
|move|p1a: Nihilego|Grass Knot|p2a: Nidoking
|-damage|p2a: Nidoking|0 fnt
|faint|p2a: Nidoking
|-ability|p1a: Nihilego|Beast Boost|boost
|-boost|p1a: Nihilego|spe|1
|
|upkeep
|
|t:|1641722925
|switch|p2a: Heatran|Heatran, F|100/100
|-damage|p2a: Heatran|88/100|[from] Stealth Rock
|turn|11
|
|t:|1641722929
|move|p1a: Nihilego|Power Gem|p2a: Heatran
|-damage|p2a: Heatran|41/100
|move|p2a: Heatran|Earth Power|p1a: Nihilego
|-supereffective|p1a: Nihilego
|-damage|p1a: Nihilego|15/100
|
|-heal|p2a: Heatran|47/100|[from] item: Leftovers
|upkeep
|turn|12
|
|t:|1641722936
|move|p1a: Nihilego|Power Gem|p2a: Heatran
|-damage|p2a: Heatran|0 fnt
|faint|p2a: Heatran
|-ability|p1a: Nihilego|Beast Boost|boost
|-boost|p1a: Nihilego|spe|1
|
|-fieldend|move: Electric Terrain
|upkeep
|
|t:|1641722941
|switch|p2a: Rillaboom|Rillaboom, F|100/100
|-damage|p2a: Rillaboom|88/100|[from] Stealth Rock
|-fieldstart|move: Grassy Terrain|[from] ability: Grassy Surge|[of] p2a: Rillaboom
|turn|13
|
|t:|1641722944
|move|p2a: Rillaboom|Grassy Glide|p1a: Nihilego
|-damage|p1a: Nihilego|0 fnt
|faint|p1a: Nihilego
|-damage|p2a: Rillaboom|78/100|[from] item: Life Orb
|
|-heal|p2a: Rillaboom|84/100|[from] Grassy Terrain
|upkeep
|
|t:|1641722948
|switch|p1a: Dragapult|Dragapult, F|100/100
|turn|14
|
|t:|1641722953
|move|p1a: Dragapult|Flamethrower|p2a: Rillaboom
|-supereffective|p2a: Rillaboom
|-damage|p2a: Rillaboom|0 fnt
|faint|p2a: Rillaboom
|
|upkeep
|
|t:|1641722956
|switch|p2a: Dragapult|Dragapult, F|100/100
|-damage|p2a: Dragapult|88/100|[from] Stealth Rock
|turn|15
|
|t:|1641722960
|switch|p1a: Tapu Lele|Tapu Lele|100/100
|-fieldstart|move: Psychic Terrain|[from] ability: Psychic Surge|[of] p1a: Tapu Lele
|move|p2a: Dragapult|Substitute|p2a: Dragapult
|-start|p2a: Dragapult|Substitute
|-damage|p2a: Dragapult|63/100
|
|-heal|p2a: Dragapult|69/100|[from] item: Leftovers
|upkeep
|turn|16
|
|t:|1641722966
|move|p2a: Dragapult|Phantom Force||[still]
|-prepare|p2a: Dragapult|Phantom Force
|move|p1a: Tapu Lele|Psychic|p2a: Dragapult|[miss]
|-miss|p1a: Tapu Lele|p2a: Dragapult
|
|-heal|p2a: Dragapult|75/100|[from] item: Leftovers
|upkeep
|turn|17
|
|t:|1641722969
|move|p2a: Dragapult|Phantom Force|p1a: Tapu Lele|[from]lockedmove
|-supereffective|p1a: Tapu Lele
|-damage|p1a: Tapu Lele|0 fnt
|faint|p1a: Tapu Lele
|
|-heal|p2a: Dragapult|81/100|[from] item: Leftovers
|upkeep
|
|t:|1641722973
|switch|p1a: Kartana|Kartana|49/100
|turn|18
|
|t:|1641722977
|move|p1a: Kartana|Knock Off|p2a: Dragapult
|-supereffective|p2a: Dragapult
|-end|p2a: Dragapult|Substitute
|move|p2a: Dragapult|Dragon Dance|p2a: Dragapult
|-boost|p2a: Dragapult|atk|1
|-boost|p2a: Dragapult|spe|1
|
|-heal|p2a: Dragapult|87/100|[from] item: Leftovers
|upkeep
|turn|19
|
|t:|1641722984
|move|p2a: Dragapult|Phantom Force||[still]
|-prepare|p2a: Dragapult|Phantom Force
|move|p1a: Kartana|Knock Off|p2a: Dragapult|[miss]
|-miss|p1a: Kartana|p2a: Dragapult
|
|-heal|p2a: Dragapult|93/100|[from] item: Leftovers
|-fieldend|move: Psychic Terrain
|upkeep
|turn|20
|
|t:|1641722986
|move|p2a: Dragapult|Phantom Force|p1a: Kartana|[from]lockedmove
|-damage|p1a: Kartana|0 fnt
|faint|p1a: Kartana
|
|-heal|p2a: Dragapult|99/100|[from] item: Leftovers
|upkeep
|
|t:|1641722990
|switch|p1a: Dragapult|Dragapult, F|100/100
|turn|21
|
|t:|1641722995
|move|p2a: Dragapult|Phantom Force||[still]
|-prepare|p2a: Dragapult|Phantom Force
|move|p1a: Dragapult|Shadow Ball|p2a: Dragapult|[miss]
|-miss|p1a: Dragapult|p2a: Dragapult
|
|-heal|p2a: Dragapult|100/100|[from] item: Leftovers
|upkeep
|turn|22
|
|t:|1641723000
|move|p2a: Dragapult|Phantom Force|p1a: Dragapult|[from]lockedmove
|-supereffective|p1a: Dragapult
|-crit|p1a: Dragapult
|-damage|p1a: Dragapult|0 fnt
|faint|p1a: Dragapult
|
|upkeep
|
|t:|1641723003
|switch|p1a: Landorus|Landorus-Therian, M|29/100
|-ability|p1a: Landorus|Intimidate|boost
|-fail|p2a: Dragapult|unboost|[from] ability: Clear Body|[of] p2a: Dragapult
|turn|23
|
|t:|1641723007
|move|p2a: Dragapult|Dragon Darts|p1a: Landorus
|-damage|p1a: Landorus|0 fnt
|faint|p1a: Landorus
|
|win|cattoungue2681
|raw|Dhoninitesh's rating: 1271 &rarr; <strong>1242</strong><br />(-29 for losing)
|raw|cattoungue2681's rating: 1217 &rarr; <strong>1246</strong><br />(+29 for winning)
|l|☆Dhoninitesh
