|j|☆alkazoth
|j|☆yungbattosai
|t:|1641790148
|gametype|singles
|player|p1|alkazoth|266|1586
|player|p2|yungbattosai|265|1582
|teamsize|p1|6
|teamsize|p2|6
|gen|8
|tier|[Gen 8] OU
|rated|
|rule|Sleep Clause Mod: Limit one foe put to sleep
|rule|Species Clause: Limit one of each Pokémon
|rule|OHKO Clause: OHKO moves are banned
|rule|Evasion Moves Clause: Evasion moves are banned
|rule|Endless Battle Clause: Forcing endless battles is banned
|rule|HP Percentage Mod: HP is shown in percentages
|rule|Dynamax Clause: You cannot dynamax
|clearpoke
|poke|p1|Dragapult, M|
|poke|p1|Blacephalon|
|poke|p1|Corviknight, F|
|poke|p1|Zarude|
|poke|p1|Toxapex, M|
|poke|p1|Landorus-Therian, M|
|poke|p2|Tyranitar, M|
|poke|p2|Gyarados, M|
|poke|p2|Volcarona, M|
|poke|p2|Rillaboom, F|
|poke|p2|Blacephalon|
|poke|p2|Excadrill, M|
|teampreview
|
|t:|1641790156
|start
|switch|p1a: Dragapult|Dragapult, M|100/100
|switch|p2a: Volcarona|Volcarona, M|100/100
|turn|1
|
|t:|1641790164
|switch|p2a: Tyranitar|Tyranitar, M|100/100
|-weather|Sandstorm|[from] ability: Sand Stream|[of] p2a: Tyranitar
|move|p1a: Dragapult|Hydro Pump|p2a: Tyranitar
|-supereffective|p2a: Tyranitar
|-damage|p2a: Tyranitar|34/100
|-enditem|p2a: Tyranitar|Weakness Policy
|-boost|p2a: Tyranitar|atk|2|[from] item: Weakness Policy
|-boost|p2a: Tyranitar|spa|2|[from] item: Weakness Policy
|
|-weather|Sandstorm|[upkeep]
|-damage|p1a: Dragapult|94/100|[from] Sandstorm
|upkeep
|turn|2
|
|t:|1641790174
|move|p1a: Dragapult|Hydro Pump|p2a: Tyranitar
|-supereffective|p2a: Tyranitar
|-damage|p2a: Tyranitar|0 fnt
|faint|p2a: Tyranitar
|
|-weather|Sandstorm|[upkeep]
|-damage|p1a: Dragapult|88/100|[from] Sandstorm
|upkeep
|
|t:|1641790180
|switch|p2a: Blacephalon|Blacephalon|100/100
|turn|3
|
|t:|1641790185
|switch|p1a: Toxapex|Toxapex, M|100/100
|move|p2a: Blacephalon|Trick|p1a: Toxapex
|-activate|p2a: Blacephalon|move: Trick|[of] p1a: Toxapex
|-item|p1a: Toxapex|Choice Scarf|[from] move: Trick
|-item|p2a: Blacephalon|Shed Shell|[from] move: Trick
|
|-weather|Sandstorm|[upkeep]
|-damage|p2a: Blacephalon|94/100|[from] Sandstorm
|-damage|p1a: Toxapex|95/100|[from] Sandstorm
|upkeep
|turn|4
|
|t:|1641790194
|switch|p2a: Gyarados|Gyarados, M|100/100
|-ability|p2a: Gyarados|Intimidate|boost
|-unboost|p1a: Toxapex|atk|1
|move|p1a: Toxapex|Knock Off|p2a: Gyarados
|-damage|p2a: Gyarados|91/100
|-enditem|p2a: Gyarados|Leftovers|[from] move: Knock Off|[of] p1a: Toxapex
|
|-weather|Sandstorm|[upkeep]
|-damage|p2a: Gyarados|85/100|[from] Sandstorm
|-damage|p1a: Toxapex|89/100|[from] Sandstorm
|upkeep
|turn|5
|j| youhuanbingshi
|
|t:|1641790218
|switch|p1a: Zarude|Zarude|100/100
|move|p2a: Gyarados|Substitute|p2a: Gyarados
|-start|p2a: Gyarados|Substitute
|-damage|p2a: Gyarados|60/100
|
|-weather|none
|upkeep
|turn|6
|
|t:|1641790224
|move|p1a: Zarude|Darkest Lariat|p2a: Gyarados
|-end|p2a: Gyarados|Substitute
|move|p2a: Gyarados|Toxic|p1a: Zarude
|-status|p1a: Zarude|tox
|
|-damage|p1a: Zarude|94/100 tox|[from] psn
|upkeep
|turn|7
|
|t:|1641790236
|move|p1a: Zarude|Bulk Up|p1a: Zarude
|-boost|p1a: Zarude|atk|1
|-boost|p1a: Zarude|def|1
|move|p2a: Gyarados|Taunt|p1a: Zarude
|-start|p1a: Zarude|move: Taunt
|
|-heal|p1a: Zarude|100/100 tox|[from] item: Leftovers
|-damage|p1a: Zarude|88/100 tox|[from] psn
|upkeep
|turn|8
|
|t:|1641790249
|move|p1a: Zarude|Darkest Lariat|p2a: Gyarados
|-damage|p2a: Gyarados|0 fnt
|faint|p2a: Gyarados
|
|-heal|p1a: Zarude|94/100 tox|[from] item: Leftovers
|-damage|p1a: Zarude|75/100 tox|[from] psn
|upkeep
|
|t:|1641790255
|switch|p2a: Blacephalon|Blacephalon|94/100
|turn|9
|l| youhuanbingshi
|
|t:|1641790262
|switch|p1a: Toxapex|Toxapex, M|100/100
|move|p2a: Blacephalon|Flamethrower|p1a: Toxapex
|-resisted|p1a: Toxapex
|-damage|p1a: Toxapex|80/100
|-status|p1a: Toxapex|brn
|
|-damage|p1a: Toxapex|74/100 brn|[from] brn
|upkeep
|turn|10
|
|t:|1641790270
|move|p2a: Blacephalon|Shadow Ball|p1a: Toxapex
|-damage|p1a: Toxapex|41/100 brn
|move|p1a: Toxapex|Knock Off|p2a: Blacephalon
|-supereffective|p2a: Blacephalon
|-damage|p2a: Blacephalon|62/100
|-enditem|p2a: Blacephalon|Shed Shell|[from] move: Knock Off|[of] p1a: Toxapex
|
|-damage|p1a: Toxapex|35/100 brn|[from] brn
|upkeep
|turn|11
|
|t:|1641790279
|switch|p1a: Landorus|Landorus-Therian, M|100/100
|-ability|p1a: Landorus|Intimidate|boost
|-unboost|p2a: Blacephalon|atk|1
|move|p2a: Blacephalon|Shadow Ball|p1a: Landorus
|-damage|p1a: Landorus|63/100
|-unboost|p1a: Landorus|spd|1
|
|-heal|p1a: Landorus|69/100|[from] item: Leftovers
|upkeep
|turn|12
|
|t:|1641790288
|move|p2a: Blacephalon|Flamethrower|p1a: Landorus
|-damage|p1a: Landorus|5/100
|-status|p1a: Landorus|brn
|move|p1a: Landorus|Earthquake|p2a: Blacephalon
|-supereffective|p2a: Blacephalon
|-damage|p2a: Blacephalon|0 fnt
|faint|p2a: Blacephalon
|
|-heal|p1a: Landorus|11/100 brn|[from] item: Leftovers
|-damage|p1a: Landorus|5/100 brn|[from] brn
|upkeep
|
|t:|1641790296
|switch|p2a: Volcarona|Volcarona, M|100/100
|turn|13
|
|t:|1641790300
|move|p2a: Volcarona|Quiver Dance|p2a: Volcarona
|-boost|p2a: Volcarona|spa|1
|-boost|p2a: Volcarona|spd|1
|-boost|p2a: Volcarona|spe|1
|move|p1a: Landorus|Toxic|p2a: Volcarona
|-status|p2a: Volcarona|tox
|
|-heal|p1a: Landorus|11/100 brn|[from] item: Leftovers
|-damage|p2a: Volcarona|94/100 tox|[from] psn
|-damage|p1a: Landorus|5/100 brn|[from] brn
|upkeep
|turn|14
|
|t:|1641790310
|move|p2a: Volcarona|Quiver Dance|p2a: Volcarona
|-boost|p2a: Volcarona|spa|1
|-boost|p2a: Volcarona|spd|1
|-boost|p2a: Volcarona|spe|1
|move|p1a: Landorus|Stealth Rock|p2a: Volcarona
|-sidestart|p2: yungbattosai|move: Stealth Rock
|
|-heal|p1a: Landorus|11/100 brn|[from] item: Leftovers
|-damage|p2a: Volcarona|82/100 tox|[from] psn
|-damage|p1a: Landorus|5/100 brn|[from] brn
|upkeep
|turn|15
|j| Kyurem
|
|t:|1641790318
|move|p2a: Volcarona|Quiver Dance|p2a: Volcarona
|-boost|p2a: Volcarona|spa|1
|-boost|p2a: Volcarona|spd|1
|-boost|p2a: Volcarona|spe|1
|move|p1a: Landorus|U-turn|p2a: Volcarona
|-resisted|p2a: Volcarona
|-damage|p2a: Volcarona|75/100 tox
|
|t:|1641790324
|switch|p1a: Toxapex|Toxapex, M|68/100 brn|[from]move: U-turn
|
|-damage|p2a: Volcarona|56/100 tox|[from] psn
|-damage|p1a: Toxapex|62/100 brn|[from] brn
|upkeep
|turn|16
|j| YousuckIampro
|
|t:|1641790329
|move|p2a: Volcarona|Psychic|p1a: Toxapex
|-supereffective|p1a: Toxapex
|-damage|p1a: Toxapex|0 fnt
|faint|p1a: Toxapex
|
|-damage|p2a: Volcarona|32/100 tox|[from] psn
|upkeep
|
|t:|1641790335
|switch|p1a: Landorus|Landorus-Therian, M|5/100 brn
|-ability|p1a: Landorus|Intimidate|boost
|-unboost|p2a: Volcarona|atk|1
|turn|17
|l| YousuckIampro
|
|t:|1641790344
|move|p2a: Volcarona|Fiery Dance|p1a: Landorus
|-damage|p1a: Landorus|0 fnt
|-boost|p2a: Volcarona|spa|1
|faint|p1a: Landorus
|
|-damage|p2a: Volcarona|1/100 tox|[from] psn
|upkeep
|
|t:|1641790367
|switch|p1a: Zarude|Zarude|75/100 tox
|turn|18
|
|t:|1641790375
|move|p2a: Volcarona|Fiery Dance|p1a: Zarude
|-supereffective|p1a: Zarude
|-damage|p1a: Zarude|0 fnt
|-boost|p2a: Volcarona|spa|1
|faint|p1a: Zarude
|
|-damage|p2a: Volcarona|0 fnt|[from] psn
|faint|p2a: Volcarona
|upkeep
|
|t:|1641790395
|switch|p1a: Dragapult|Dragapult, M|88/100
|switch|p2a: Rillaboom|Rillaboom, F|100/100
|-damage|p2a: Rillaboom|88/100|[from] Stealth Rock
|-fieldstart|move: Grassy Terrain|[from] ability: Grassy Surge|[of] p2a: Rillaboom
|turn|19
|
|t:|1641790404
|move|p1a: Dragapult|U-turn|p2a: Rillaboom
|-supereffective|p2a: Rillaboom
|-damage|p2a: Rillaboom|54/100
|
|t:|1641790406
|switch|p1a: Corviknight|Corviknight, F|100/100|[from]move: U-turn
|-ability|p1a: Corviknight|Pressure
|move|p2a: Rillaboom|U-turn|p1a: Corviknight
|-resisted|p1a: Corviknight
|-damage|p1a: Corviknight|94/100
|-damage|p2a: Rillaboom|38/100|[from] item: Rocky Helmet|[of] p1a: Corviknight
|
|t:|1641790410
|switch|p2a: Excadrill|Excadrill, M|100/100|[from]move: U-turn
|-damage|p2a: Excadrill|97/100|[from] Stealth Rock
|-item|p2a: Excadrill|Air Balloon
|
|upkeep
|turn|20
|
|t:|1641790418
|move|p2a: Excadrill|Rapid Spin|p1a: Corviknight
|-resisted|p1a: Corviknight
|-damage|p1a: Corviknight|88/100
|-boost|p2a: Excadrill|spe|1
|-damage|p2a: Excadrill|81/100|[from] item: Rocky Helmet|[of] p1a: Corviknight
|-sideend|p2: yungbattosai|Stealth Rock|[from] move: Rapid Spin|[of] p2a: Excadrill
|move|p1a: Corviknight|Body Press|p2a: Excadrill
|-supereffective|p2a: Excadrill
|-damage|p2a: Excadrill|9/100
|-enditem|p2a: Excadrill|Air Balloon
|
|-heal|p2a: Excadrill|15/100|[from] Grassy Terrain
|upkeep
|turn|21
|-message|yungbattosai forfeited.
|
|win|alkazoth
|raw|alkazoth's rating: 1586 &rarr; <strong>1606</strong><br />(+20 for winning)
|raw|yungbattosai's rating: 1582 &rarr; <strong>1562</strong><br />(-20 for losing)
|l|☆yungbattosai
