|j|☆Barthamiah
|j|☆marco8
|t:|1641778598
|gametype|singles
|player|p1|Barthamiah|acetrainer-gen4dp|1289
|player|p2|marco8|lucas|1304
|teamsize|p1|6
|teamsize|p2|6
|gen|8
|tier|[Gen 8] OU
|rated|
|rule|Sleep Clause Mod: Limit one foe put to sleep
|rule|Species Clause: Limit one of each Pokémon
|rule|OHKO Clause: OHKO moves are banned
|rule|Evasion Moves Clause: Evasion moves are banned
|rule|Endless Battle Clause: Forcing endless battles is banned
|rule|HP Percentage Mod: HP is shown in percentages
|rule|Dynamax Clause: You cannot dynamax
|clearpoke
|poke|p1|Landorus-Therian, M|
|poke|p1|Kartana|
|poke|p1|Tapu Koko|
|poke|p1|Regieleki|
|poke|p1|Dragapult, F|
|poke|p1|Zapdos-Galar|
|poke|p2|Rillaboom, M|
|poke|p2|Mandibuzz, F|
|poke|p2|Slowking-Galar, M|
|poke|p2|Thundurus-Therian, M|
|poke|p2|Urshifu-*, M|
|poke|p2|Heatran, M|
|teampreview
|inactive|Battle timer is ON: inactive players will automatically lose when time's up. (requested by marco8)
|
|t:|1641778655
|start
|switch|p1a: Gus|Landorus-Therian, M|100/100
|switch|p2a: Kung-Fu Panda|Urshifu-Rapid-Strike, M|100/100
|-ability|p1a: Gus|Intimidate|boost
|-unboost|p2a: Kung-Fu Panda|atk|1
|turn|1
|inactive|marco8 has 120 seconds left.
|
|t:|1641778685
|switch|p1a: Anah|Kartana|100/100
|move|p2a: Kung-Fu Panda|Ice Punch|p1a: Anah
|-damage|p1a: Anah|81/100
|
|upkeep
|turn|2
|inactive|marco8 has 120 seconds left.
|inactive|Barthamiah has 120 seconds left.
|
|t:|1641778719
|switch|p2a: La Huesuda|Mandibuzz, F|100/100
|move|p1a: Anah|Sacred Sword|p2a: La Huesuda
|-damage|p2a: La Huesuda|76/100
|-damage|p1a: Anah|65/100|[from] item: Rocky Helmet|[of] p2a: La Huesuda
|
|upkeep
|turn|3
|
|t:|1641778727
|switch|p1a: Zapdos|Zapdos-Galar|100/100
|move|p2a: La Huesuda|Knock Off|p1a: Zapdos
|-resisted|p1a: Zapdos
|-damage|p1a: Zapdos|88/100
|-enditem|p1a: Zapdos|Choice Band|[from] move: Knock Off|[of] p2a: La Huesuda
|
|upkeep
|turn|4
|inactive|Barthamiah has 120 seconds left.
|
|t:|1641778735
|move|p1a: Zapdos|Brave Bird|p2a: La Huesuda
|-damage|p2a: La Huesuda|43/100
|-damage|p1a: Zapdos|71/100|[from] item: Rocky Helmet|[of] p2a: La Huesuda
|-damage|p1a: Zapdos|57/100|[from] Recoil
|move|p2a: La Huesuda|Roost|p2a: La Huesuda
|-heal|p2a: La Huesuda|93/100
|-singleturn|p2a: La Huesuda|move: Roost
|
|upkeep
|turn|5
|
|t:|1641778747
|move|p1a: Zapdos|U-turn|p2a: La Huesuda
|-damage|p2a: La Huesuda|80/100
|-damage|p1a: Zapdos|40/100|[from] item: Rocky Helmet|[of] p2a: La Huesuda
|
|t:|1641778751
|switch|p1a: Chan|Tapu Koko|100/100|[from]move: U-turn
|-fieldstart|move: Electric Terrain|[from] ability: Electric Surge|[of] p1a: Chan
|move|p2a: La Huesuda|Knock Off|p1a: Chan
|-resisted|p1a: Chan
|-damage|p1a: Chan|84/100
|-enditem|p1a: Chan|Heavy-Duty Boots|[from] move: Knock Off|[of] p2a: La Huesuda
|
|upkeep
|turn|6
|inactive|marco8 has 120 seconds left.
|
|t:|1641778760
|switch|p2a: Eternal|Slowking-Galar, M, shiny|100/100
|move|p1a: Chan|Dazzling Gleam|p2a: Eternal
|-resisted|p2a: Eternal
|-damage|p2a: Eternal|93/100
|
|upkeep
|turn|7
|
|t:|1641778767
|move|p1a: Chan|U-turn|p2a: Eternal
|-damage|p2a: Eternal|76/100
|
|t:|1641778774
|switch|p1a: Gus|Landorus-Therian, M|100/100|[from]move: U-turn
|-ability|p1a: Gus|Intimidate|boost
|-unboost|p2a: Eternal|atk|1
|move|p2a: Eternal|Future Sight|p1a: Gus
|-start|p2a: Eternal|move: Future Sight
|
|upkeep
|turn|8
|
|t:|1641778779
|switch|p2a: La Huesuda|Mandibuzz, F|80/100
|move|p1a: Gus|Stealth Rock|p2a: La Huesuda
|-sidestart|p2: marco8|move: Stealth Rock
|
|upkeep
|turn|9
|
|t:|1641778785
|move|p1a: Gus|U-turn|p2a: La Huesuda
|-damage|p2a: La Huesuda|66/100
|-damage|p1a: Gus|84/100|[from] item: Rocky Helmet|[of] p2a: La Huesuda
|
|t:|1641778788
|switch|p1a: Dart|Dragapult, F|100/100|[from]move: U-turn
|move|p2a: La Huesuda|Toxic|p1a: Dart
|-status|p1a: Dart|tox
|
|-end|p1a: Dart|move: Future Sight
|-damage|p1a: Dart|37/100 tox
|-damage|p1a: Dart|31/100 tox|[from] psn
|-fieldend|move: Electric Terrain
|upkeep
|turn|10
|
|t:|1641778795
|move|p1a: Dart|U-turn|p2a: La Huesuda
|-damage|p2a: La Huesuda|56/100
|-damage|p1a: Dart|15/100 tox|[from] item: Rocky Helmet|[of] p2a: La Huesuda
|
|t:|1641778818
|switch|p1a: Chan|Tapu Koko|84/100|[from]move: U-turn
|-fieldstart|move: Electric Terrain|[from] ability: Electric Surge|[of] p1a: Chan
|move|p2a: La Huesuda|Roost|p2a: La Huesuda
|-heal|p2a: La Huesuda|100/100
|-singleturn|p2a: La Huesuda|move: Roost
|
|upkeep
|turn|11
|
|t:|1641778826
|switch|p2a: Zeus|Thundurus-Therian, M|100/100
|move|p1a: Chan|Thunderbolt|p2a: Zeus
|-immune|p2a: Zeus|[from] ability: Volt Absorb
|
|upkeep
|turn|12
|
|t:|1641778833
|move|p1a: Chan|U-turn|p2a: Zeus
|-resisted|p2a: Zeus
|-damage|p2a: Zeus|88/100
|
|t:|1641778845
|switch|p1a: Anah|Kartana|65/100|[from]move: U-turn
|move|p2a: Zeus|Nasty Plot|p2a: Zeus
|-boost|p2a: Zeus|spa|2
|
|upkeep
|turn|13
|
|t:|1641778854
|move|p1a: Anah|Knock Off|p2a: Zeus
|-damage|p2a: Zeus|12/100
|-enditem|p2a: Zeus|Heavy-Duty Boots|[from] move: Knock Off|[of] p1a: Anah
|move|p2a: Zeus|Thunderbolt|p1a: Anah
|-resisted|p1a: Anah
|-damage|p1a: Anah|0 fnt
|faint|p1a: Anah
|
|upkeep
|
|t:|1641778863
|switch|p1a: Chan|Tapu Koko|84/100
|turn|14
|
|t:|1641778866
|move|p1a: Chan|Dazzling Gleam|p2a: Zeus
|-damage|p2a: Zeus|0 fnt
|faint|p2a: Zeus
|
|-fieldend|move: Electric Terrain
|upkeep
|
|t:|1641778871
|switch|p2a: Autoclave|Heatran, M, shiny|100/100
|-damage|p2a: Autoclave|88/100|[from] Stealth Rock
|turn|15
|
|t:|1641778876
|switch|p1a: Gus|Landorus-Therian, M|84/100
|-ability|p1a: Gus|Intimidate|boost
|-unboost|p2a: Autoclave|atk|1
|move|p2a: Autoclave|Stealth Rock|p1a: Gus
|-sidestart|p1: Barthamiah|move: Stealth Rock
|
|-heal|p1a: Gus|90/100|[from] item: Leftovers
|-heal|p2a: Autoclave|94/100|[from] item: Leftovers
|upkeep
|turn|16
|
|t:|1641778885
|switch|p2a: La Huesuda|Mandibuzz, F|100/100
|-damage|p2a: La Huesuda|76/100|[from] Stealth Rock
|move|p1a: Gus|Earthquake|p2a: La Huesuda
|-immune|p2a: La Huesuda
|
|-heal|p1a: Gus|96/100|[from] item: Leftovers
|upkeep
|turn|17
|
|t:|1641778895
|move|p1a: Gus|Toxic|p2a: La Huesuda
|-status|p2a: La Huesuda|tox
|move|p2a: La Huesuda|Knock Off|p1a: Gus
|-damage|p1a: Gus|76/100
|-enditem|p1a: Gus|Leftovers|[from] move: Knock Off|[of] p2a: La Huesuda
|
|-damage|p2a: La Huesuda|70/100 tox|[from] psn
|upkeep
|turn|18
|
|t:|1641778904
|move|p1a: Gus|U-turn|p2a: La Huesuda
|-crit|p2a: La Huesuda
|-damage|p2a: La Huesuda|50/100 tox
|-damage|p1a: Gus|60/100|[from] item: Rocky Helmet|[of] p2a: La Huesuda
|
|t:|1641778907
|switch|p1a: Chan|Tapu Koko|84/100|[from]move: U-turn
|-damage|p1a: Chan|72/100|[from] Stealth Rock
|-fieldstart|move: Electric Terrain|[from] ability: Electric Surge|[of] p1a: Chan
|move|p2a: La Huesuda|Toxic|p1a: Chan
|-status|p1a: Chan|tox
|
|-damage|p1a: Chan|66/100 tox|[from] psn
|-damage|p2a: La Huesuda|37/100 tox|[from] psn
|upkeep
|turn|19
|
|t:|1641778920
|switch|p2a: Eternal|Slowking-Galar, M, shiny|100/100
|-damage|p2a: Eternal|88/100|[from] Stealth Rock
|move|p1a: Chan|Thunderbolt|p2a: Eternal
|-damage|p2a: Eternal|65/100
|
|-damage|p1a: Chan|54/100 tox|[from] psn
|upkeep
|turn|20
|
|t:|1641778928
|move|p1a: Chan|U-turn|p2a: Eternal
|-damage|p2a: Eternal|48/100
|
|t:|1641778933
|switch|p1a: Dart|Dragapult, F|15/100 tox|[from]move: U-turn
|-damage|p1a: Dart|2/100 tox|[from] Stealth Rock
|move|p2a: Eternal|Future Sight|p1a: Dart
|-start|p2a: Eternal|move: Future Sight
|
|-damage|p1a: Dart|0 fnt|[from] psn
|faint|p1a: Dart
|upkeep
|
|t:|1641778941
|switch|p1a: Zapdos|Zapdos-Galar|40/100
|-damage|p1a: Zapdos|28/100|[from] Stealth Rock
|turn|21
|
|t:|1641778947
|switch|p2a: La Huesuda|Mandibuzz, F|37/100 tox
|-damage|p2a: La Huesuda|13/100 tox|[from] Stealth Rock
|move|p1a: Zapdos|Brave Bird|p2a: La Huesuda
|-damage|p2a: La Huesuda|0 fnt
|-damage|p1a: Zapdos|11/100|[from] item: Rocky Helmet|[of] p2a: La Huesuda
|faint|p2a: La Huesuda
|-damage|p1a: Zapdos|6/100|[from] Recoil
|
|upkeep
|
|t:|1641778960
|switch|p2a: Aguacate|Rillaboom, M, shiny|100/100
|-damage|p2a: Aguacate|88/100|[from] Stealth Rock
|-fieldstart|move: Grassy Terrain|[from] ability: Grassy Surge|[of] p2a: Aguacate
|turn|22
|
|t:|1641778964
|move|p2a: Aguacate|Grassy Glide|p1a: Zapdos
|-resisted|p1a: Zapdos
|-damage|p1a: Zapdos|0 fnt
|faint|p1a: Zapdos
|
|-hint|Future Sight did not hit because the target is fainted.
|-heal|p2a: Aguacate|94/100|[from] Grassy Terrain
|upkeep
|
|t:|1641778978
|switch|p1a: Chan|Tapu Koko|54/100 tox
|-damage|p1a: Chan|41/100 tox|[from] Stealth Rock
|-fieldstart|move: Electric Terrain|[from] ability: Electric Surge|[of] p1a: Chan
|turn|23
|
|t:|1641778983
|switch|p2a: Eternal|Slowking-Galar, M, shiny|81/100
|-damage|p2a: Eternal|68/100|[from] Stealth Rock
|move|p1a: Chan|U-turn|p2a: Eternal
|-damage|p2a: Eternal|51/100
|
|t:|1641778986
|switch|p1a: Gus|Landorus-Therian, M|60/100|[from]move: U-turn
|-damage|p1a: Gus|48/100|[from] Stealth Rock
|-ability|p1a: Gus|Intimidate|boost
|-unboost|p2a: Eternal|atk|1
|
|upkeep
|turn|24
|
|t:|1641778996
|move|p1a: Gus|U-turn|p2a: Eternal
|-damage|p2a: Eternal|28/100
|
|t:|1641779002
|switch|p1a: Chan|Tapu Koko|41/100 tox|[from]move: U-turn
|-damage|p1a: Chan|29/100 tox|[from] Stealth Rock
|move|p2a: Eternal|Scald|p1a: Chan
|-damage|p1a: Chan|0 fnt
|faint|p1a: Chan
|
|upkeep
|
|t:|1641779009
|switch|p1a: Regieleki|Regieleki|100/100
|-damage|p1a: Regieleki|88/100|[from] Stealth Rock
|turn|25
|
|t:|1641779016
|move|p1a: Regieleki|Rising Voltage|p2a: Eternal
|-damage|p2a: Eternal|0 fnt
|faint|p2a: Eternal
|
|upkeep
|
|t:|1641779019
|switch|p2a: Aguacate|Rillaboom, M, shiny|94/100
|-damage|p2a: Aguacate|82/100|[from] Stealth Rock
|-fieldstart|move: Grassy Terrain|[from] ability: Grassy Surge|[of] p2a: Aguacate
|turn|26
|
|t:|1641779022
|move|p2a: Aguacate|Grassy Glide|p1a: Regieleki
|-damage|p1a: Regieleki|0 fnt
|faint|p1a: Regieleki
|
|-heal|p2a: Aguacate|88/100|[from] Grassy Terrain
|upkeep
|-message|Barthamiah forfeited.
|
|win|marco8
|raw|Barthamiah's rating: 1289 &rarr; <strong>1265</strong><br />(-24 for losing)
|raw|marco8's rating: 1304 &rarr; <strong>1323</strong><br />(+19 for winning)
|l|☆Barthamiah
