|j|☆Mufasa_vii
|j|☆swagmaster berry
|t:|1641709523
|gametype|singles
|player|p1|Mufasa_vii|juggler|1127
|player|p2|swagmaster berry|blaine|1128
|teamsize|p1|6
|teamsize|p2|6
|gen|8
|tier|[Gen 8] OU
|rated|
|rule|Sleep Clause Mod: Limit one foe put to sleep
|rule|Species Clause: Limit one of each Pokémon
|rule|OHKO Clause: OHKO moves are banned
|rule|Evasion Moves Clause: Evasion moves are banned
|rule|Endless Battle Clause: Forcing endless battles is banned
|rule|HP Percentage Mod: HP is shown in percentages
|rule|Dynamax Clause: You cannot dynamax
|clearpoke
|poke|p1|Gengar, F|
|poke|p1|Stakataka|
|poke|p1|Ferrothorn, M|
|poke|p1|Salamence, F|
|poke|p1|Obstagoon, M|
|poke|p1|Pelipper, F|
|poke|p2|Shuckle, M|
|poke|p2|Metagross|
|poke|p2|Porygon2|
|poke|p2|Pikachu, F|
|poke|p2|Togekiss, M|
|poke|p2|Persian, F|
|teampreview
|
|t:|1641709526
|start
|switch|p1a: Gengar|Gengar, F|100/100
|switch|p2a: Huckle|Shuckle, M, shiny|100/100
|turn|1
|
|t:|1641709532
|move|p1a: Gengar|Trick|p2a: Huckle
|-activate|p1a: Gengar|move: Trick|[of] p2a: Huckle
|-item|p2a: Huckle|Choice Specs|[from] move: Trick
|-item|p1a: Gengar|Leftovers|[from] move: Trick
|move|p2a: Huckle|Stealth Rock|p1a: Gengar
|-sidestart|p1: Mufasa_vii|move: Stealth Rock
|
|upkeep
|turn|2
|
|t:|1641709551
|switch|p2a: Persian|Persian, F|100/100
|move|p1a: Gengar|Shadow Ball|p2a: Persian
|-immune|p2a: Persian
|
|upkeep
|turn|3
|
|t:|1641709557
|switch|p1a: Obstagoon|Obstagoon, M|100/100
|-damage|p1a: Obstagoon|88/100|[from] Stealth Rock
|move|p2a: Persian|Knock Off|p1a: Obstagoon
|-resisted|p1a: Obstagoon
|-damage|p1a: Obstagoon|78/100
|-enditem|p1a: Obstagoon|Flame Orb|[from] move: Knock Off|[of] p2a: Persian
|
|upkeep
|turn|4
|
|t:|1641709570
|move|p1a: Obstagoon|Obstruct|p1a: Obstagoon
|-singleturn|p1a: Obstagoon|Protect
|move|p2a: Persian|Toxic|p1a: Obstagoon
|-status|p1a: Obstagoon|tox
|
|-damage|p1a: Obstagoon|71/100 tox|[from] psn
|upkeep
|turn|5
|
|t:|1641709582
|move|p2a: Persian|Facade|p1a: Obstagoon
|-damage|p1a: Obstagoon|44/100 tox
|move|p1a: Obstagoon|Facade|p2a: Persian
|-damage|p2a: Persian|0 fnt
|faint|p2a: Persian
|
|-damage|p1a: Obstagoon|32/100 tox|[from] psn
|upkeep
|inactive|Battle timer is ON: inactive players will automatically lose when time's up. (requested by Mufasa_vii)
|
|t:|1641709636
|switch|p2a: Huckle|Shuckle, M, shiny|100/100
|turn|6
|
|t:|1641709648
|switch|p1a: Pelipper|Pelipper, F|100/100
|-damage|p1a: Pelipper|75/100|[from] Stealth Rock
|-weather|RainDance|[from] ability: Drizzle|[of] p1a: Pelipper
|move|p2a: Huckle|Power Split|p1a: Pelipper
|-activate|p2a: Huckle|move: Power Split|[of] p1a: Pelipper
|
|-weather|RainDance|[upkeep]
|upkeep
|turn|7
|
|t:|1641709670
|switch|p2a: Pikachu|Pikachu, F|100/100
|move|p1a: Pelipper|Toxic|p2a: Pikachu
|-status|p2a: Pikachu|tox
|
|-weather|RainDance|[upkeep]
|-damage|p2a: Pikachu|94/100 tox|[from] psn
|upkeep
|turn|8
|
|t:|1641709681
|switch|p1a: Ferrothorn|Ferrothorn, M|100/100
|-damage|p1a: Ferrothorn|95/100|[from] Stealth Rock
|move|p2a: Pikachu|Nuzzle|p1a: Ferrothorn
|-resisted|p1a: Ferrothorn
|-damage|p1a: Ferrothorn|90/100
|-status|p1a: Ferrothorn|par
|-damage|p2a: Pikachu|82/100 tox|[from] ability: Iron Barbs|[of] p1a: Ferrothorn
|-damage|p2a: Pikachu|66/100 tox|[from] item: Rocky Helmet|[of] p1a: Ferrothorn
|
|-weather|RainDance|[upkeep]
|-damage|p2a: Pikachu|53/100 tox|[from] psn
|upkeep
|turn|9
|
|t:|1641709696
|move|p2a: Pikachu|Knock Off|p1a: Ferrothorn
|-damage|p1a: Ferrothorn|65/100 par
|-damage|p2a: Pikachu|41/100 tox|[from] ability: Iron Barbs|[of] p1a: Ferrothorn
|-damage|p2a: Pikachu|25/100 tox|[from] item: Rocky Helmet|[of] p1a: Ferrothorn
|-enditem|p1a: Ferrothorn|Rocky Helmet|[from] move: Knock Off|[of] p2a: Pikachu
|move|p1a: Ferrothorn|Leech Seed|p2a: Pikachu
|-start|p2a: Pikachu|move: Leech Seed
|
|-weather|RainDance|[upkeep]
|-damage|p2a: Pikachu|12/100 tox|[from] Leech Seed|[of] p1a: Ferrothorn
|-heal|p1a: Ferrothorn|73/100 par|[silent]
|-damage|p2a: Pikachu|0 fnt|[from] psn
|faint|p2a: Pikachu
|upkeep
|inactive|swagmaster berry has 120 seconds left.
|
|t:|1641709711
|switch|p2a: Togekiss|Togekiss, M|100/100
|turn|10
|
|t:|1641709731
|switch|p1a: Obstagoon|Obstagoon, M|32/100 tox
|-damage|p1a: Obstagoon|19/100 tox|[from] Stealth Rock
|move|p2a: Togekiss|Air Slash|p1a: Obstagoon
|-damage|p1a: Obstagoon|0 fnt
|faint|p1a: Obstagoon
|
|-weather|RainDance|[upkeep]
|upkeep
|
|t:|1641709739
|switch|p1a: Stakataka|Stakataka|100/100
|-damage|p1a: Stakataka|94/100|[from] Stealth Rock
|turn|11
|
|t:|1641709748
|move|p2a: Togekiss|Thunder Wave|p1a: Stakataka|[miss]
|-miss|p2a: Togekiss|p1a: Stakataka
|move|p1a: Stakataka|Trick Room|p1a: Stakataka
|-fieldstart|move: Trick Room|[of] p1a: Stakataka
|
|-weather|RainDance|[upkeep]
|upkeep
|turn|12
|
|t:|1641709755
|move|p1a: Stakataka|Gyro Ball|p2a: Togekiss
|-supereffective|p2a: Togekiss
|-damage|p2a: Togekiss|0 fnt
|faint|p2a: Togekiss
|-ability|p1a: Stakataka|Beast Boost|boost
|-boost|p1a: Stakataka|def|1
|
|-weather|RainDance|[upkeep]
|upkeep
|
|t:|1641709768
|switch|p2a: Huckle|Shuckle, M, shiny|100/100
|turn|13
|
|t:|1641709783
|switch|p1a: Pelipper|Pelipper, F|75/100
|-damage|p1a: Pelipper|50/100|[from] Stealth Rock
|move|p2a: Huckle|Power Split|p1a: Pelipper
|-activate|p2a: Huckle|move: Power Split|[of] p1a: Pelipper
|
|-weather|none
|upkeep
|turn|14
|
|t:|1641709803
|switch|p2a: Metagross|Metagross|100/100
|move|p1a: Pelipper|Roost|p1a: Pelipper
|-heal|p1a: Pelipper|100/100
|-singleturn|p1a: Pelipper|move: Roost
|
|upkeep
|turn|15
|
|t:|1641709812
|move|p1a: Pelipper|Defog|p2a: Metagross
|-fail|p2a: Metagross|unboost|[from] ability: Clear Body|[of] p2a: Metagross
|-sideend|p1: Mufasa_vii|Stealth Rock|[from] move: Defog|[of] p1a: Pelipper
|move|p2a: Metagross|Power-Up Punch|p1a: Pelipper
|-resisted|p1a: Pelipper
|-damage|p1a: Pelipper|94/100
|-boost|p2a: Metagross|atk|1
|
|-fieldend|move: Trick Room
|upkeep
|turn|16
|
|t:|1641709823
|move|p2a: Metagross|Power-Up Punch|p1a: Pelipper
|-resisted|p1a: Pelipper
|-damage|p1a: Pelipper|84/100
|-boost|p2a: Metagross|atk|1
|move|p1a: Pelipper|Scald|p2a: Metagross
|-damage|p2a: Metagross|90/100
|
|upkeep
|turn|17
|
|t:|1641709832
|move|p2a: Metagross|Zen Headbutt|p1a: Pelipper
|-damage|p1a: Pelipper|3/100
|move|p1a: Pelipper|Scald|p2a: Metagross
|-damage|p2a: Metagross|79/100
|
|upkeep
|turn|18
|
|t:|1641709840
|switch|p1a: Ferrothorn|Ferrothorn, M|73/100 par
|move|p2a: Metagross|Power-Up Punch|p1a: Ferrothorn
|-supereffective|p1a: Ferrothorn
|-damage|p1a: Ferrothorn|37/100 par
|-boost|p2a: Metagross|atk|1
|-damage|p2a: Metagross|66/100|[from] ability: Iron Barbs|[of] p1a: Ferrothorn
|
|upkeep
|turn|19
|
|t:|1641709852
|move|p2a: Metagross|Power-Up Punch|p1a: Ferrothorn
|-supereffective|p1a: Ferrothorn
|-damage|p1a: Ferrothorn|0 fnt
|-boost|p2a: Metagross|atk|1
|-damage|p2a: Metagross|54/100|[from] ability: Iron Barbs|[of] p1a: Ferrothorn
|faint|p1a: Ferrothorn
|
|upkeep
|
|t:|1641709867
|switch|p1a: Salamence|Salamence, F|100/100
|-ability|p1a: Salamence|Intimidate|boost
|-fail|p2a: Metagross|unboost|[from] ability: Clear Body|[of] p2a: Metagross
|turn|20
|
|t:|1641709880
|move|p2a: Metagross|Bullet Punch|p1a: Salamence
|-damage|p1a: Salamence|9/100
|move|p1a: Salamence|Fire Blast|p2a: Metagross
|-supereffective|p2a: Metagross
|-damage|p2a: Metagross|0 fnt
|faint|p2a: Metagross
|
|upkeep
|
|t:|1641709889
|switch|p2a: Porygon2|Porygon2|100/100
|-ability|p2a: Porygon2|Intimidate|[from] ability: Trace|[of] p1a: Salamence
|-ability|p2a: Porygon2|Intimidate|boost
|-unboost|p1a: Salamence|atk|1
|turn|21
|
|t:|1641709904
|switch|p1a: Pelipper|Pelipper, F|3/100
|-weather|RainDance|[from] ability: Drizzle|[of] p1a: Pelipper
|move|p2a: Porygon2|Tri Attack|p1a: Pelipper
|-damage|p1a: Pelipper|0 fnt
|faint|p1a: Pelipper
|
|-weather|RainDance|[upkeep]
|upkeep
|
|t:|1641709913
|switch|p1a: Salamence|Salamence, F|9/100
|-ability|p1a: Salamence|Intimidate|boost
|-unboost|p2a: Porygon2|atk|1
|turn|22
|
|t:|1641709922
|move|p1a: Salamence|Hurricane|p2a: Porygon2
|-damage|p2a: Porygon2|62/100
|-start|p2a: Porygon2|confusion
|-activate|p2a: Porygon2|confusion
|-damage|p2a: Porygon2|59/100|[from] confusion
|
|-weather|RainDance|[upkeep]
|upkeep
|turn|23
|
|t:|1641709932
|move|p1a: Salamence|Hurricane|p2a: Porygon2
|-damage|p2a: Porygon2|16/100
|-end|p2a: Porygon2|confusion
|move|p2a: Porygon2|Recover|p2a: Porygon2
|-heal|p2a: Porygon2|66/100
|
|-weather|RainDance|[upkeep]
|upkeep
|turn|24
|
|t:|1641709941
|move|p1a: Salamence|Hurricane|p2a: Porygon2
|-damage|p2a: Porygon2|24/100
|-start|p2a: Porygon2|confusion
|-activate|p2a: Porygon2|confusion
|move|p2a: Porygon2|Recover|p2a: Porygon2
|-heal|p2a: Porygon2|74/100
|
|-weather|RainDance|[upkeep]
|upkeep
|turn|25
|
|t:|1641709955
|move|p1a: Salamence|Hurricane|p2a: Porygon2
|-damage|p2a: Porygon2|34/100
|-end|p2a: Porygon2|confusion
|move|p2a: Porygon2|Recover|p2a: Porygon2
|-heal|p2a: Porygon2|84/100
|
|-weather|RainDance|[upkeep]
|upkeep
|turn|26
|
|t:|1641709962
|move|p1a: Salamence|Hurricane|p2a: Porygon2
|-damage|p2a: Porygon2|42/100
|move|p2a: Porygon2|Tri Attack|p1a: Salamence
|-damage|p1a: Salamence|0 fnt
|faint|p1a: Salamence
|
|-weather|RainDance|[upkeep]
|upkeep
|
|t:|1641709979
|switch|p1a: Stakataka|Stakataka|94/100
|turn|27
|
|t:|1641709988
|move|p2a: Porygon2|Recover|p2a: Porygon2
|-heal|p2a: Porygon2|92/100
|move|p1a: Stakataka|Trick Room|p1a: Stakataka
|-fieldstart|move: Trick Room|[of] p1a: Stakataka
|
|-weather|RainDance|[upkeep]
|upkeep
|turn|28
|
|t:|1641709995
|move|p1a: Stakataka|Body Press|p2a: Porygon2
|-supereffective|p2a: Porygon2
|-damage|p2a: Porygon2|49/100
|move|p2a: Porygon2|Psyshock|p1a: Stakataka
|-resisted|p1a: Stakataka
|-damage|p1a: Stakataka|88/100
|
|-weather|none
|upkeep
|turn|29
|
|t:|1641710003
|move|p1a: Stakataka|Body Press|p2a: Porygon2
|-supereffective|p2a: Porygon2
|-damage|p2a: Porygon2|0 fnt
|faint|p2a: Porygon2
|-ability|p1a: Stakataka|Beast Boost|boost
|-boost|p1a: Stakataka|def|1
|
|upkeep
|
|t:|1641710008
|switch|p2a: Huckle|Shuckle, M, shiny|100/100
|turn|30
|
|t:|1641710018
|switch|p1a: Gengar|Gengar, F|100/100
|move|p2a: Huckle|Power Split|p1a: Gengar
|-activate|p2a: Huckle|move: Power Split|[of] p1a: Gengar
|
|upkeep
|turn|31
|
|t:|1641710023
|move|p2a: Huckle|Power Split|p1a: Gengar
|-activate|p2a: Huckle|move: Power Split|[of] p1a: Gengar
|move|p1a: Gengar|Sludge Bomb|p2a: Huckle
|-resisted|p2a: Huckle
|-damage|p2a: Huckle|93/100
|
|-fieldend|move: Trick Room
|upkeep
|turn|32
|
|t:|1641710029
|move|p1a: Gengar|Sludge Bomb|p2a: Huckle
|-resisted|p2a: Huckle
|-damage|p2a: Huckle|85/100
|move|p2a: Huckle|Power Split|p1a: Gengar
|-activate|p2a: Huckle|move: Power Split|[of] p1a: Gengar
|
|upkeep
|turn|33
|
|t:|1641710034
|move|p1a: Gengar|Sludge Bomb|p2a: Huckle
|-resisted|p2a: Huckle
|-damage|p2a: Huckle|78/100
|move|p2a: Huckle|Power Split|p1a: Gengar
|-activate|p2a: Huckle|move: Power Split|[of] p1a: Gengar
|
|upkeep
|turn|34
|
|t:|1641710040
|move|p1a: Gengar|Sludge Bomb|p2a: Huckle
|-resisted|p2a: Huckle
|-damage|p2a: Huckle|71/100
|move|p2a: Huckle|Power Split|p1a: Gengar
|-activate|p2a: Huckle|move: Power Split|[of] p1a: Gengar
|
|upkeep
|turn|35
|
|t:|1641710046
|move|p1a: Gengar|Sludge Bomb|p2a: Huckle
|-resisted|p2a: Huckle
|-damage|p2a: Huckle|64/100
|move|p2a: Huckle|Power Split|p1a: Gengar
|-activate|p2a: Huckle|move: Power Split|[of] p1a: Gengar
|
|upkeep
|turn|36
|
|t:|1641710052
|move|p1a: Gengar|Sludge Bomb|p2a: Huckle
|-resisted|p2a: Huckle
|-damage|p2a: Huckle|56/100
|move|p2a: Huckle|Power Split|p1a: Gengar
|-activate|p2a: Huckle|move: Power Split|[of] p1a: Gengar
|
|upkeep
|turn|37
|
|t:|1641710057
|move|p1a: Gengar|Sludge Bomb|p2a: Huckle
|-resisted|p2a: Huckle
|-damage|p2a: Huckle|49/100
|move|p2a: Huckle|Power Split|p1a: Gengar
|-activate|p2a: Huckle|move: Power Split|[of] p1a: Gengar
|
|upkeep
|turn|38
|
|t:|1641710063
|move|p1a: Gengar|Sludge Bomb|p2a: Huckle
|-resisted|p2a: Huckle
|-damage|p2a: Huckle|41/100
|move|p2a: Huckle|Power Split|p1a: Gengar
|-activate|p2a: Huckle|move: Power Split|[of] p1a: Gengar
|
|upkeep
|turn|39
|
|t:|1641710070
|move|p1a: Gengar|Sludge Bomb|p2a: Huckle
|-resisted|p2a: Huckle
|-damage|p2a: Huckle|33/100
|move|p2a: Huckle|Power Split|p1a: Gengar
|-activate|p2a: Huckle|move: Power Split|[of] p1a: Gengar
|
|upkeep
|turn|40
|
|t:|1641710076
|move|p1a: Gengar|Sludge Bomb|p2a: Huckle
|-resisted|p2a: Huckle
|-damage|p2a: Huckle|25/100
|move|p2a: Huckle|Power Split|p1a: Gengar
|-activate|p2a: Huckle|move: Power Split|[of] p1a: Gengar
|
|upkeep
|turn|41
|
|t:|1641710082
|move|p1a: Gengar|Sludge Bomb|p2a: Huckle
|-resisted|p2a: Huckle
|-damage|p2a: Huckle|18/100
|-status|p2a: Huckle|psn
|move|p2a: Huckle|Power Split|p1a: Gengar
|-activate|p2a: Huckle|move: Power Split|[of] p1a: Gengar
|
|-damage|p2a: Huckle|6/100 psn|[from] psn
|upkeep
|turn|42
|
|t:|1641710089
|move|p1a: Gengar|Sludge Bomb|p2a: Huckle
|-resisted|p2a: Huckle
|-damage|p2a: Huckle|0 fnt
|faint|p2a: Huckle
|
|win|Mufasa_vii
|raw|Mufasa_vii's rating: 1127 &rarr; <strong>1152</strong><br />(+25 for winning)
|raw|swagmaster berry's rating: 1128 &rarr; <strong>1103</strong><br />(-25 for losing)
|c|☆swagmaster berry|gg
