|j|☆OUTH MO
|j|☆ayevon
|t:|1641780090
|gametype|singles
|player|p1|OUTH MO|crasherwake|1613
|player|p2|ayevon|102|1760
|teamsize|p1|6
|teamsize|p2|6
|gen|8
|tier|[Gen 8] OU
|rated|
|rule|Sleep Clause Mod: Limit one foe put to sleep
|rule|Species Clause: Limit one of each Pokémon
|rule|OHKO Clause: OHKO moves are banned
|rule|Evasion Moves Clause: Evasion moves are banned
|rule|Endless Battle Clause: Forcing endless battles is banned
|rule|HP Percentage Mod: HP is shown in percentages
|rule|Dynamax Clause: You cannot dynamax
|clearpoke
|poke|p1|Melmetal|
|poke|p1|Pelipper, M|
|poke|p1|Volcanion|
|poke|p1|Barraskewda, M|
|poke|p1|Zapdos|
|poke|p1|Seismitoad, M|
|poke|p2|Tangrowth, F|
|poke|p2|Slowking-Galar, M|
|poke|p2|Weavile, M|
|poke|p2|Landorus-Therian, M|
|poke|p2|Heatran, M|
|poke|p2|Clefable, M|
|teampreview
|inactive|Battle timer is ON: inactive players will automatically lose when time's up. (requested by OUTH MO)
|j| 4seulgi
|inactive|OUTH MO has 120 seconds left.
|
|t:|1641780144
|start
|switch|p1a: Fate|Melmetal, shiny|100/100
|switch|p2a: Clefable|Clefable, M|100/100
|turn|1
|
|t:|1641780152
|switch|p2a: Tangrowth|Tangrowth, F|100/100
|move|p1a: Fate|Double Iron Bash|p2a: Tangrowth
|-damage|p2a: Tangrowth|78/100
|-damage|p1a: Fate|84/100|[from] item: Rocky Helmet|[of] p2a: Tangrowth
|-damage|p2a: Tangrowth|54/100
|-damage|p1a: Fate|68/100|[from] item: Rocky Helmet|[of] p2a: Tangrowth
|-hitcount|p2a: Tangrowth|2
|
|upkeep
|turn|2
|
|t:|1641780160
|switch|p1a: Messenger|Pelipper, M, shiny|100/100
|-weather|RainDance|[from] ability: Drizzle|[of] p1a: Messenger
|move|p2a: Tangrowth|Sleep Powder|p1a: Messenger
|-status|p1a: Messenger|slp|[from] move: Sleep Powder
|
|-weather|RainDance|[upkeep]
|upkeep
|turn|3
|
|t:|1641780168
|switch|p1a: King VIG|Volcanion|100/100
|switch|p2a: Clefable|Clefable, M|100/100
|
|-weather|RainDance|[upkeep]
|upkeep
|turn|4
|
|t:|1641780172
|switch|p2a: Slowking|Slowking-Galar, M|100/100
|move|p1a: King VIG|Steam Eruption|p2a: Slowking
|-damage|p2a: Slowking|35/100
|
|-weather|RainDance|[upkeep]
|upkeep
|turn|5
|
|t:|1641780189
|move|p1a: King VIG|Steam Eruption|p2a: Slowking
|-damage|p2a: Slowking|0 fnt
|faint|p2a: Slowking
|
|-weather|RainDance|[upkeep]
|upkeep
|
|t:|1641780192
|switch|p2a: Weavile|Weavile, M|100/100
|-ability|p2a: Weavile|Pressure
|turn|6
|
|t:|1641780194
|move|p2a: Weavile|Knock Off|p1a: King VIG
|-damage|p1a: King VIG|49/100
|-enditem|p1a: King VIG|Choice Specs|[from] move: Knock Off|[of] p2a: Weavile
|move|p1a: King VIG|Steam Eruption|p2a: Weavile
|-damage|p2a: Weavile|0 fnt
|faint|p2a: Weavile
|
|-weather|RainDance|[upkeep]
|upkeep
|
|t:|1641780197
|switch|p2a: Clefable|Clefable, M|100/100
|turn|7
|
|t:|1641780200
|move|p1a: King VIG|Sludge Wave|p2a: Clefable
|-supereffective|p2a: Clefable
|-damage|p2a: Clefable|45/100
|move|p2a: Clefable|Thunder|p1a: King VIG
|-supereffective|p1a: King VIG
|-damage|p1a: King VIG|0 fnt
|faint|p1a: King VIG
|
|-weather|RainDance|[upkeep]
|upkeep
|
|t:|1641780206
|switch|p1a: Predator|Barraskewda, M, shiny|100/100
|turn|8
|
|t:|1641780210
|switch|p2a: Tangrowth|Tangrowth, F|88/100
|move|p1a: Predator|Flip Turn|p2a: Tangrowth
|-resisted|p2a: Tangrowth
|-damage|p2a: Tangrowth|67/100
|-damage|p1a: Predator|84/100|[from] item: Rocky Helmet|[of] p2a: Tangrowth
|
|t:|1641780213
|switch|p1a: Zapdos|Zapdos|100/100|[from]move: Flip Turn
|
|-weather|RainDance|[upkeep]
|upkeep
|turn|9
|
|t:|1641780216
|switch|p2a: Clefable|Clefable, M|45/100
|move|p1a: Zapdos|Hurricane|p2a: Clefable
|-damage|p2a: Clefable|0 fnt
|faint|p2a: Clefable
|
|-weather|none
|upkeep
|
|t:|1641780217
|switch|p2a: Heatran|Heatran, M|100/100
|turn|10
|
|t:|1641780220
|switch|p1a: Messenger|Pelipper, M, shiny|100/100 slp
|-weather|RainDance|[from] ability: Drizzle|[of] p1a: Messenger
|move|p2a: Heatran|Stealth Rock|p1a: Messenger
|-sidestart|p1: OUTH MO|move: Stealth Rock
|
|-weather|RainDance|[upkeep]
|upkeep
|turn|11
|
|t:|1641780224
|move|p2a: Heatran|Magma Storm|p1a: Messenger|[miss]
|-miss|p2a: Heatran|p1a: Messenger
|cant|p1a: Messenger|slp
|
|-weather|RainDance|[upkeep]
|upkeep
|turn|12
|j| Poliboiz
|
|t:|1641780231
|switch|p1a: Globox|Seismitoad, M, shiny|100/100
|-damage|p1a: Globox|94/100|[from] Stealth Rock
|move|p2a: Heatran|Magma Storm|p1a: Globox|[miss]
|-miss|p2a: Heatran|p1a: Globox
|
|-weather|RainDance|[upkeep]
|upkeep
|turn|13
|-message|ayevon forfeited.
|
|win|OUTH MO
|raw|OUTH MO's rating: 1587 &rarr; <strong>1616</strong><br />(+29 for winning)
|raw|ayevon's rating: 1760 &rarr; <strong>1731</strong><br />(-29 for losing)
|l|☆ayevon
|c| Poliboiz|rain at it again
|l| Poliboiz
