|j|☆MLG Doc
|j|☆ShloopNoop
|t:|1641703352
|gametype|singles
|player|p1|MLG Doc|170|1098
|player|p2|ShloopNoop|caitlin|1174
|teamsize|p1|6
|teamsize|p2|6
|gen|8
|tier|[Gen 8] OU
|rated|
|rule|Sleep Clause Mod: Limit one foe put to sleep
|rule|Species Clause: Limit one of each Pokémon
|rule|OHKO Clause: OHKO moves are banned
|rule|Evasion Moves Clause: Evasion moves are banned
|rule|Endless Battle Clause: Forcing endless battles is banned
|rule|HP Percentage Mod: HP is shown in percentages
|rule|Dynamax Clause: You cannot dynamax
|clearpoke
|poke|p1|Salamence, F|
|poke|p1|Mimikyu, F|
|poke|p1|Decidueye, F|
|poke|p1|Lucario, M|
|poke|p1|Onix, M|
|poke|p1|Toxapex, F|
|poke|p2|Tapu Fini|
|poke|p2|Landorus-Therian, M|
|poke|p2|Tornadus-Therian, M|
|poke|p2|Volcarona, M|
|poke|p2|Weavile, F|
|poke|p2|Celesteela|
|teampreview
|inactive|Battle timer is ON: inactive players will automatically lose when time's up. (requested by ShloopNoop)
|
|t:|1641703375
|start
|switch|p1a: Salamence|Salamence, F|100/100
|switch|p2a: Celesteela|Celesteela, shiny|100/100
|-ability|p1a: Salamence|Intimidate|boost
|-unboost|p2a: Celesteela|atk|1
|turn|1
|
|t:|1641703386
|move|p1a: Salamence|Draco Meteor|p2a: Celesteela
|-resisted|p2a: Celesteela
|-damage|p2a: Celesteela|77/100
|-unboost|p1a: Salamence|spa|2
|move|p2a: Celesteela|Leech Seed|p1a: Salamence
|-start|p1a: Salamence|move: Leech Seed
|
|-heal|p2a: Celesteela|83/100|[from] item: Leftovers
|-damage|p1a: Salamence|88/100|[from] Leech Seed|[of] p2a: Celesteela
|-heal|p2a: Celesteela|96/100|[silent]
|upkeep
|turn|2
|
|t:|1641703398
|move|p2a: Celesteela|Protect|p2a: Celesteela
|-singleturn|p2a: Celesteela|Protect
|move|p1a: Salamence|Flamethrower|p2a: Celesteela
|-activate|p2a: Celesteela|move: Protect
|
|-heal|p2a: Celesteela|100/100|[from] item: Leftovers
|-damage|p1a: Salamence|76/100|[from] Leech Seed|[of] p2a: Celesteela
|upkeep
|turn|3
|
|t:|1641703407
|move|p1a: Salamence|Flamethrower|p2a: Celesteela
|-supereffective|p2a: Celesteela
|-damage|p2a: Celesteela|82/100
|move|p2a: Celesteela|Heavy Slam|p1a: Salamence
|-damage|p1a: Salamence|44/100
|
|-heal|p2a: Celesteela|88/100|[from] item: Leftovers
|-damage|p1a: Salamence|32/100|[from] Leech Seed|[of] p2a: Celesteela
|-heal|p2a: Celesteela|100/100|[silent]
|upkeep
|turn|4
|
|t:|1641703420
|switch|p1a: Mimikyu|Mimikyu, F|100/100
|move|p2a: Celesteela|Heavy Slam|p1a: Mimikyu
|-activate|p1a: Mimikyu|ability: Disguise
|-damage|p1a: Mimikyu|100/100
|detailschange|p1a: Mimikyu|Mimikyu-Busted, F
|-damage|p1a: Mimikyu|88/100|[from] pokemon: Mimikyu-Busted
|
|upkeep
|turn|5
|
|t:|1641703441
|move|p1a: Mimikyu|Play Rough|p2a: Celesteela
|-resisted|p2a: Celesteela
|-damage|p2a: Celesteela|83/100
|move|p2a: Celesteela|Leech Seed|p1a: Mimikyu
|-start|p1a: Mimikyu|move: Leech Seed
|
|-heal|p2a: Celesteela|89/100|[from] item: Leftovers
|-damage|p1a: Mimikyu|76/100|[from] Leech Seed|[of] p2a: Celesteela
|-heal|p2a: Celesteela|96/100|[silent]
|upkeep
|turn|6
|
|t:|1641703454
|move|p1a: Mimikyu|Shadow Claw|p2a: Celesteela
|-crit|p2a: Celesteela
|-damage|p2a: Celesteela|59/100
|move|p2a: Celesteela|Heavy Slam|p1a: Mimikyu
|-supereffective|p1a: Mimikyu
|-damage|p1a: Mimikyu|0 fnt
|faint|p1a: Mimikyu
|-ability|p2a: Celesteela|Beast Boost|boost
|-boost|p2a: Celesteela|spd|1
|
|-heal|p2a: Celesteela|65/100|[from] item: Leftovers
|upkeep
|
|t:|1641703467
|switch|p1a: Lucario|Lucario, M|100/100
|-item|p1a: Lucario|Air Balloon
|turn|7
|
|t:|1641703489
|move|p2a: Celesteela|Protect|p2a: Celesteela
|-singleturn|p2a: Celesteela|Protect
|move|p1a: Lucario|High Jump Kick|p2a: Celesteela
|-activate|p2a: Celesteela|move: Protect
|-damage|p1a: Lucario|50/100|[from] highjumpkick
|
|-heal|p2a: Celesteela|71/100|[from] item: Leftovers
|upkeep
|turn|8
|inactive|ShloopNoop has 120 seconds left.
|
|t:|1641703512
|move|p2a: Celesteela|Protect||[still]
|-fail|p2a: Celesteela
|move|p1a: Lucario|Ice Punch|p2a: Celesteela
|-damage|p2a: Celesteela|51/100
|
|-heal|p2a: Celesteela|57/100|[from] item: Leftovers
|upkeep
|turn|9
|inactive|ShloopNoop has 120 seconds left.
|
|t:|1641703527
|move|p1a: Lucario|High Jump Kick|p2a: Celesteela|[miss]
|-miss|p1a: Lucario|p2a: Celesteela
|-damage|p1a: Lucario|0 fnt|[from] highjumpkick
|faint|p1a: Lucario
|move|p2a: Celesteela|Leech Seed|p1: Lucario|[notarget]
|-fail|p2a: Celesteela
|
|-heal|p2a: Celesteela|63/100|[from] item: Leftovers
|upkeep
|
|t:|1641703543
|switch|p1a: Decidueye|Decidueye, F|100/100
|turn|10
|
|t:|1641703547
|move|p1a: Decidueye|Spirit Shackle|p2a: Celesteela
|-damage|p2a: Celesteela|30/100
|-activate|p2a: Celesteela|trapped
|-damage|p1a: Decidueye|91/100|[from] item: Life Orb
|move|p2a: Celesteela|Flamethrower|p1a: Decidueye
|-supereffective|p1a: Decidueye
|-damage|p1a: Decidueye|57/100
|
|-heal|p2a: Celesteela|36/100|[from] item: Leftovers
|upkeep
|turn|11
|
|t:|1641703560
|move|p2a: Celesteela|Protect|p2a: Celesteela
|-singleturn|p2a: Celesteela|Protect
|move|p1a: Decidueye|Spirit Shackle|p2a: Celesteela
|-activate|p2a: Celesteela|move: Protect
|
|-heal|p2a: Celesteela|42/100|[from] item: Leftovers
|upkeep
|turn|12
|
|t:|1641703583
|move|p1a: Decidueye|Energy Ball|p2a: Celesteela
|-resisted|p2a: Celesteela
|-damage|p2a: Celesteela|38/100
|-damage|p1a: Decidueye|48/100|[from] item: Life Orb
|move|p2a: Celesteela|Heavy Slam|p1a: Decidueye
|-damage|p1a: Decidueye|14/100
|
|-heal|p2a: Celesteela|44/100|[from] item: Leftovers
|upkeep
|turn|13
|inactive|MLG Doc has 120 seconds left.
|
|t:|1641703610
|move|p1a: Decidueye|Brave Bird|p2a: Celesteela
|-resisted|p2a: Celesteela
|-damage|p2a: Celesteela|29/100
|-damage|p1a: Decidueye|8/100|[from] Recoil
|-damage|p1a: Decidueye|0 fnt|[from] item: Life Orb
|faint|p1a: Decidueye
|move|p2a: Celesteela|Flamethrower|p1: Decidueye|[notarget]
|-fail|p2a: Celesteela
|
|-heal|p2a: Celesteela|35/100|[from] item: Leftovers
|upkeep
|inactive|MLG Doc has 120 seconds left.
|
|t:|1641703622
|switch|p1a: Onix|Onix, M|100/100
|turn|14
|
|t:|1641703626
|move|p1a: Onix|Earthquake|p2a: Celesteela
|-immune|p2a: Celesteela
|move|p2a: Celesteela|Leech Seed|p1a: Onix|[miss]
|-miss|p2a: Celesteela|p1a: Onix
|
|-heal|p2a: Celesteela|41/100|[from] item: Leftovers
|upkeep
|turn|15
|
|t:|1641703637
|move|p1a: Onix|Iron Head|p2a: Celesteela
|-resisted|p2a: Celesteela
|-damage|p2a: Celesteela|35/100
|move|p2a: Celesteela|Leech Seed|p1a: Onix
|-start|p1a: Onix|move: Leech Seed
|
|-heal|p2a: Celesteela|41/100|[from] item: Leftovers
|-damage|p1a: Onix|88/100|[from] Leech Seed|[of] p2a: Celesteela
|-heal|p2a: Celesteela|47/100|[silent]
|upkeep
|turn|16
|
|t:|1641703647
|switch|p1a: Toxapex|Toxapex, F|100/100
|move|p2a: Celesteela|Heavy Slam|p1a: Toxapex
|-resisted|p1a: Toxapex
|-damage|p1a: Toxapex|93/100
|
|-heal|p2a: Celesteela|53/100|[from] item: Leftovers
|-heal|p1a: Toxapex|99/100|[from] item: Black Sludge
|upkeep
|turn|17
|
|t:|1641703661
|move|p2a: Celesteela|Leech Seed|p1a: Toxapex
|-start|p1a: Toxapex|move: Leech Seed
|move|p1a: Toxapex|Scald|p2a: Celesteela
|-damage|p2a: Celesteela|47/100
|
|-heal|p2a: Celesteela|53/100|[from] item: Leftovers
|-heal|p1a: Toxapex|100/100|[from] item: Black Sludge
|-damage|p1a: Toxapex|88/100|[from] Leech Seed|[of] p2a: Celesteela
|-heal|p2a: Celesteela|62/100|[silent]
|upkeep
|turn|18
|
|t:|1641703684
|move|p2a: Celesteela|Protect|p2a: Celesteela
|-singleturn|p2a: Celesteela|Protect
|move|p1a: Toxapex|Haze|p1a: Toxapex
|-clearallboost
|
|-heal|p2a: Celesteela|69/100|[from] item: Leftovers
|-heal|p1a: Toxapex|94/100|[from] item: Black Sludge
|-damage|p1a: Toxapex|82/100|[from] Leech Seed|[of] p2a: Celesteela
|-heal|p2a: Celesteela|78/100|[silent]
|upkeep
|turn|19
|inactive|MLG Doc has 120 seconds left.
|
|t:|1641703707
|switch|p2a: Tapu Fini|Tapu Fini, shiny|100/100
|-fieldstart|move: Misty Terrain|[from] ability: Misty Surge|[of] p2a: Tapu Fini
|switch|p1a: Salamence|Salamence, F|32/100
|-ability|p1a: Salamence|Intimidate|boost
|-unboost|p2a: Tapu Fini|atk|1
|
|upkeep
|turn|20
|inactive|MLG Doc has 120 seconds left.
|
|t:|1641703718
|move|p2a: Tapu Fini|Moonblast|p1a: Salamence
|-supereffective|p1a: Salamence
|-damage|p1a: Salamence|0 fnt
|faint|p1a: Salamence
|
|upkeep
|
|t:|1641703724
|switch|p1a: Toxapex|Toxapex, F|100/100
|turn|21
|inactive|MLG Doc has 120 seconds left.
|
|t:|1641703739
|switch|p2a: Landorus|Landorus-Therian, M, shiny|100/100
|-ability|p2a: Landorus|Intimidate|boost
|-unboost|p1a: Toxapex|atk|1
|move|p1a: Toxapex|Haze|p1a: Toxapex
|-clearallboost
|
|upkeep
|turn|22
|inactive|MLG Doc has 120 seconds left.
|
|t:|1641703750
|move|p2a: Landorus|Earthquake|p1a: Toxapex
|-supereffective|p1a: Toxapex
|-damage|p1a: Toxapex|49/100
|move|p1a: Toxapex|Scald|p2a: Landorus
|-supereffective|p2a: Landorus
|-damage|p2a: Landorus|65/100
|-status|p2a: Landorus|brn
|
|-heal|p2a: Landorus|71/100 brn|[from] item: Leftovers
|-heal|p1a: Toxapex|55/100|[from] item: Black Sludge
|-damage|p2a: Landorus|65/100 brn|[from] brn
|upkeep
|turn|23
|inactive|MLG Doc has 120 seconds left.
|
|t:|1641703762
|move|p2a: Landorus|U-turn|p1a: Toxapex
|-resisted|p1a: Toxapex
|-damage|p1a: Toxapex|51/100
|
|t:|1641703769
|switch|p2a: Tapu Fini|Tapu Fini, shiny|100/100|[from]move: U-turn
|move|p1a: Toxapex|Scald|p2a: Tapu Fini
|-resisted|p2a: Tapu Fini
|-damage|p2a: Tapu Fini|92/100
|
|-heal|p1a: Toxapex|57/100|[from] item: Black Sludge
|-fieldend|Misty Terrain
|upkeep
|turn|24
|inactive|MLG Doc has 120 seconds left.
|
|t:|1641703791
|move|p2a: Tapu Fini|Trick|p1a: Toxapex
|-activate|p2a: Tapu Fini|move: Trick|[of] p1a: Toxapex
|-item|p1a: Toxapex|Choice Scarf|[from] move: Trick
|-item|p2a: Tapu Fini|Black Sludge|[from] move: Trick
|move|p1a: Toxapex|Haze|p1a: Toxapex
|-clearallboost
|
|-damage|p2a: Tapu Fini|80/100|[from] item: Black Sludge
|upkeep
|turn|25
|inactive|MLG Doc has 120 seconds left.
|
|t:|1641703801
|move|p2a: Tapu Fini|Taunt|p1a: Toxapex
|-start|p1a: Toxapex|move: Taunt
|cant|p1a: Toxapex|move: Taunt|Haze
|
|-damage|p2a: Tapu Fini|67/100|[from] item: Black Sludge
|upkeep
|turn|26
|inactive|MLG Doc has 120 seconds left.
|
|t:|1641703813
|switch|p2a: Tornadus|Tornadus-Therian, M, shiny|100/100
|-activate|p1a: Toxapex|move: Struggle
|move|p1a: Toxapex|Struggle|p2a: Tornadus
|-damage|p2a: Tornadus|93/100
|-damage|p1a: Toxapex|32/100|[from] recoil
|
|upkeep
|turn|27
|
|t:|1641703823
|move|p2a: Tornadus|Nasty Plot|p2a: Tornadus
|-boost|p2a: Tornadus|spa|2
|-activate|p1a: Toxapex|move: Struggle
|move|p1a: Toxapex|Struggle|p2a: Tornadus
|-damage|p2a: Tornadus|84/100
|-damage|p1a: Toxapex|7/100|[from] recoil
|
|-end|p1a: Toxapex|move: Taunt
|upkeep
|turn|28
|-message|MLG Doc forfeited.
|
|win|ShloopNoop
|raw|MLG Doc's rating: 1098 &rarr; <strong>1079</strong><br />(-19 for losing)
|raw|ShloopNoop's rating: 1174 &rarr; <strong>1194</strong><br />(+20 for winning)
|l|☆MLG Doc
|c|☆ShloopNoop|gg
