|j|☆8jaggery
|j|☆yogo896
|t:|1641796954
|gametype|singles
|player|p1|8jaggery|265|1255
|player|p2|yogo896|caitlin|1228
|teamsize|p1|6
|teamsize|p2|6
|gen|8
|tier|[Gen 8] OU
|rated|
|rule|Sleep Clause Mod: Limit one foe put to sleep
|rule|Species Clause: Limit one of each Pokémon
|rule|OHKO Clause: OHKO moves are banned
|rule|Evasion Moves Clause: Evasion moves are banned
|rule|Endless Battle Clause: Forcing endless battles is banned
|rule|HP Percentage Mod: HP is shown in percentages
|rule|Dynamax Clause: You cannot dynamax
|clearpoke
|poke|p1|Hawlucha, F|
|poke|p1|Rillaboom, F|
|poke|p1|Heatran, M|
|poke|p1|Dragapult, F|
|poke|p1|Clefable, M|
|poke|p1|Blastoise, M|
|poke|p2|Thundurus, M|
|poke|p2|Corviknight, M|
|poke|p2|Slowbro, M|
|poke|p2|Heatran, M|
|poke|p2|Dragapult, F|
|poke|p2|Garchomp, M|
|teampreview
|inactive|Battle timer is ON: inactive players will automatically lose when time's up. (requested by yogo896)
|
|t:|1641796980
|start
|switch|p1a: Blastoise|Blastoise, M|100/100
|switch|p2a: Annoyance|Thundurus, M|100/100
|turn|1
|
|t:|1641796997
|move|p2a: Annoyance|Thunderbolt|p1a: Blastoise
|-supereffective|p1a: Blastoise
|-damage|p1a: Blastoise|0 fnt
|faint|p1a: Blastoise
|
|upkeep
|inactive|8jaggery has 120 seconds left.
|
|t:|1641797024
|switch|p1a: Dragapult|Dragapult, F|100/100
|turn|2
|
|t:|1641797050
|switch|p2a: The Cleaner|Corviknight, M|100/100
|-ability|p2a: The Cleaner|Pressure
|move|p1a: Dragapult|Draco Meteor|p2a: The Cleaner
|-resisted|p2a: The Cleaner
|-damage|p2a: The Cleaner|65/100
|-unboost|p1a: Dragapult|spa|2
|-damage|p1a: Dragapult|91/100|[from] item: Life Orb
|
|-heal|p2a: The Cleaner|72/100|[from] item: Leftovers
|upkeep
|turn|3
|inactive|8jaggery has 120 seconds left.
|
|t:|1641797094
|switch|p1a: Heatran|Heatran, M|100/100
|-item|p1a: Heatran|Air Balloon
|move|p2a: The Cleaner|U-turn|p1a: Heatran
|-resisted|p1a: Heatran
|-damage|p1a: Heatran|98/100
|-enditem|p1a: Heatran|Air Balloon
|inactive|yogo896 has 120 seconds left.
|
|t:|1641797105
|switch|p2a: The King|Garchomp, M|100/100|[from]move: U-turn
|
|upkeep
|turn|4
|inactive|8jaggery has 90 seconds left.
|
|t:|1641797142
|switch|p1a: Clefable|Clefable, M|100/100
|move|p2a: The King|Swords Dance|p2a: The King
|-boost|p2a: The King|atk|2
|
|upkeep
|turn|5
|inactive|8jaggery has 60 seconds left.
|
|t:|1641797182
|switch|p2a: The Maid|Heatran, M|100/100
|move|p1a: Clefable|Moonblast|p2a: The Maid
|-resisted|p2a: The Maid
|-damage|p2a: The Maid|95/100
|
|-heal|p2a: The Maid|100/100|[from] item: Leftovers
|upkeep
|turn|6
|
|t:|1641797193
|switch|p1a: Hawlucha|Hawlucha, F|100/100
|move|p2a: The Maid|Taunt|p1a: Hawlucha
|-start|p1a: Hawlucha|move: Taunt
|
|upkeep
|turn|7
|
|t:|1641797201
|switch|p2a: The Chef|Slowbro, M|100/100
|move|p1a: Hawlucha|Close Combat|p2a: The Chef
|-resisted|p2a: The Chef
|-damage|p2a: The Chef|85/100
|-unboost|p1a: Hawlucha|def|1
|-unboost|p1a: Hawlucha|spd|1
|-damage|p1a: Hawlucha|84/100|[from] item: Rocky Helmet|[of] p2a: The Chef
|
|upkeep
|turn|8
|inactive|8jaggery has 60 seconds left.
|
|t:|1641797211
|switch|p1a: Rillaboom|Rillaboom, F|100/100
|-fieldstart|move: Grassy Terrain|[from] ability: Grassy Surge|[of] p1a: Rillaboom
|move|p2a: The Chef|Future Sight|p1a: Rillaboom
|-start|p2a: The Chef|move: Future Sight
|
|-heal|p2a: The Chef|91/100|[from] Grassy Terrain
|upkeep
|turn|9
|
|t:|1641797218
|switch|p2a: The Cleaner|Corviknight, M|72/100
|-ability|p2a: The Cleaner|Pressure
|move|p1a: Rillaboom|Taunt|p2a: The Cleaner
|-start|p2a: The Cleaner|move: Taunt
|
|-heal|p2a: The Cleaner|78/100|[from] item: Leftovers
|upkeep
|turn|10
|
|t:|1641797232
|switch|p1a: Heatran|Heatran, M|98/100
|move|p2a: The Cleaner|U-turn|p1a: Heatran
|-resisted|p1a: Heatran
|-damage|p1a: Heatran|95/100
|
|t:|1641797240
|switch|p2a: The King|Garchomp, M|100/100|[from]move: U-turn
|
|-end|p1a: Heatran|move: Future Sight
|-resisted|p1a: Heatran
|-damage|p1a: Heatran|80/100
|-heal|p1a: Heatran|86/100|[from] Grassy Terrain
|upkeep
|turn|11
|
|t:|1641797248
|switch|p1a: Clefable|Clefable, M|100/100
|move|p2a: The King|Swords Dance|p2a: The King
|-boost|p2a: The King|atk|2
|
|upkeep
|turn|12
|
|t:|1641797257
|switch|p2a: The Maid|Heatran, M|100/100
|move|p1a: Clefable|Moonblast|p2a: The Maid
|-resisted|p2a: The Maid
|-damage|p2a: The Maid|96/100
|
|-heal|p2a: The Maid|100/100|[from] Grassy Terrain
|-fieldend|move: Grassy Terrain
|upkeep
|turn|13
|
|t:|1641797266
|switch|p1a: Hawlucha|Hawlucha, F|84/100
|move|p2a: The Maid|Stealth Rock|p1a: Hawlucha
|-sidestart|p1: 8jaggery|move: Stealth Rock
|
|upkeep
|turn|14
|inactive|8jaggery has 90 seconds left.
|
|t:|1641797273
|switch|p2a: The Chef|Slowbro, M|100/100
|move|p1a: Hawlucha|Swords Dance|p1a: Hawlucha
|-boost|p1a: Hawlucha|atk|2
|
|upkeep
|turn|15
|inactive|8jaggery has 90 seconds left.
|
|t:|1641797288
|move|p1a: Hawlucha|Throat Chop|p2a: The Chef
|-supereffective|p2a: The Chef
|-damage|p2a: The Chef|45/100
|-start|p2a: The Chef|Throat Chop|[silent]
|-damage|p1a: Hawlucha|68/100|[from] item: Rocky Helmet|[of] p2a: The Chef
|move|p2a: The Chef|Future Sight|p1a: Hawlucha
|-start|p2a: The Chef|move: Future Sight
|
|upkeep
|turn|16
|inactive|8jaggery has 90 seconds left.
|
|t:|1641797297
|switch|p2a: The Cleaner|Corviknight, M|78/100
|-ability|p2a: The Cleaner|Pressure
|move|p1a: Hawlucha|Throat Chop|p2a: The Cleaner
|-damage|p2a: The Cleaner|45/100
|-start|p2a: The Cleaner|Throat Chop|[silent]
|
|-heal|p2a: The Cleaner|51/100|[from] item: Leftovers
|upkeep
|turn|17
|
|t:|1641797306
|switch|p1a: Heatran|Heatran, M|86/100
|-damage|p1a: Heatran|73/100|[from] Stealth Rock
|move|p2a: The Cleaner|Roost|p2a: The Cleaner
|-heal|p2a: The Cleaner|100/100
|-singleturn|p2a: The Cleaner|move: Roost
|
|-end|p1a: Heatran|move: Future Sight
|-resisted|p1a: Heatran
|-damage|p1a: Heatran|59/100
|-end|p2a: The Cleaner|Throat Chop|[silent]
|upkeep
|turn|18
|inactive|8jaggery has 90 seconds left.
|
|t:|1641797332
|switch|p2a: The King|Garchomp, M|100/100
|move|p1a: Heatran|Stealth Rock|p2a: The King
|-sidestart|p2: yogo896|move: Stealth Rock
|
|upkeep
|turn|19
|
|t:|1641797339
|switch|p1a: Clefable|Clefable, M|100/100
|-damage|p1a: Clefable|88/100|[from] Stealth Rock
|move|p2a: The King|Earthquake|p1a: Clefable
|-damage|p1a: Clefable|26/100
|
|-heal|p1a: Clefable|32/100|[from] item: Leftovers
|upkeep
|turn|20
|inactive|8jaggery has 90 seconds left.
|
|t:|1641797350
|switch|p1a: Hawlucha|Hawlucha, F|68/100
|-damage|p1a: Hawlucha|55/100|[from] Stealth Rock
|move|p2a: The King|Earthquake|p1a: Hawlucha
|-immune|p1a: Hawlucha
|
|upkeep
|turn|21
|inactive|8jaggery has 90 seconds left.
|
|t:|1641797376
|switch|p2a: The Chef|Slowbro, M|78/100
|-damage|p2a: The Chef|65/100|[from] Stealth Rock
|move|p1a: Hawlucha|Swords Dance|p1a: Hawlucha
|-boost|p1a: Hawlucha|atk|2
|
|upkeep
|turn|22
|
|t:|1641797383
|move|p1a: Hawlucha|Throat Chop|p2a: The Chef
|-supereffective|p2a: The Chef
|-damage|p2a: The Chef|6/100
|-start|p2a: The Chef|Throat Chop|[silent]
|-damage|p1a: Hawlucha|39/100|[from] item: Rocky Helmet|[of] p2a: The Chef
|move|p2a: The Chef|Slack Off|p2a: The Chef
|-heal|p2a: The Chef|56/100
|
|upkeep
|turn|23
|
|t:|1641797391
|switch|p2a: The Cleaner|Corviknight, M|100/100
|-damage|p2a: The Cleaner|88/100|[from] Stealth Rock
|-ability|p2a: The Cleaner|Pressure
|move|p1a: Hawlucha|Throat Chop|p2a: The Cleaner
|-damage|p2a: The Cleaner|58/100
|-start|p2a: The Cleaner|Throat Chop|[silent]
|
|-heal|p2a: The Cleaner|64/100|[from] item: Leftovers
|upkeep
|turn|24
|
|t:|1641797401
|switch|p1a: Heatran|Heatran, M|59/100
|-damage|p1a: Heatran|46/100|[from] Stealth Rock
|switch|p2a: The Chef|Slowbro, M|89/100
|-damage|p2a: The Chef|77/100|[from] Stealth Rock
|
|upkeep
|turn|25
|
|t:|1641797418
|switch|p1a: Rillaboom|Rillaboom, F|100/100
|-damage|p1a: Rillaboom|88/100|[from] Stealth Rock
|-fieldstart|move: Grassy Terrain|[from] ability: Grassy Surge|[of] p1a: Rillaboom
|switch|p2a: The King|Garchomp, M|100/100
|-damage|p2a: The King|94/100|[from] Stealth Rock
|
|-heal|p2a: The King|100/100|[from] Grassy Terrain
|-heal|p1a: Rillaboom|94/100|[from] Grassy Terrain
|upkeep
|turn|26
|inactive|8jaggery has 60 seconds left.
|
|t:|1641797444
|move|p1a: Rillaboom|Grassy Glide|p2a: The King
|-damage|p2a: The King|52/100
|-damage|p1a: Rillaboom|82/100|[from] ability: Rough Skin|[of] p2a: The King
|move|p2a: The King|Swords Dance|p2a: The King
|-boost|p2a: The King|atk|2
|
|-heal|p2a: The King|58/100|[from] Grassy Terrain
|-heal|p2a: The King|64/100|[from] item: Leftovers
|-heal|p1a: Rillaboom|88/100|[from] Grassy Terrain
|upkeep
|turn|27
|inactive|8jaggery has 60 seconds left.
|
|t:|1641797455
|move|p1a: Rillaboom|Grassy Glide|p2a: The King
|-damage|p2a: The King|7/100
|-damage|p1a: Rillaboom|76/100|[from] ability: Rough Skin|[of] p2a: The King
|move|p2a: The King|Fire Fang|p1a: Rillaboom
|-supereffective|p1a: Rillaboom
|-damage|p1a: Rillaboom|2/100
|
|-heal|p2a: The King|13/100|[from] Grassy Terrain
|-heal|p2a: The King|19/100|[from] item: Leftovers
|-heal|p1a: Rillaboom|8/100|[from] Grassy Terrain
|upkeep
|turn|28
|inactive|8jaggery has 60 seconds left.
|
|t:|1641797467
|switch|p2a: The Chef|Slowbro, M|100/100
|-damage|p2a: The Chef|88/100|[from] Stealth Rock
|move|p1a: Rillaboom|Grassy Glide|p2a: The Chef
|-supereffective|p2a: The Chef
|-damage|p2a: The Chef|21/100
|-damage|p1a: Rillaboom|0 fnt|[from] item: Rocky Helmet|[of] p2a: The Chef
|faint|p1a: Rillaboom
|
|-heal|p2a: The Chef|27/100|[from] Grassy Terrain
|upkeep
|inactive|8jaggery has 60 seconds left.
|
|t:|1641797478
|switch|p1a: Hawlucha|Hawlucha, F|39/100
|-damage|p1a: Hawlucha|26/100|[from] Stealth Rock
|-enditem|p1a: Hawlucha|Grassy Seed
|-boost|p1a: Hawlucha|def|1|[from] item: Grassy Seed
|turn|29
|inactive|8jaggery has 60 seconds left.
|
|t:|1641797485
|move|p1a: Hawlucha|Throat Chop|p2a: The Chef
|-supereffective|p2a: The Chef
|-damage|p2a: The Chef|0 fnt
|-damage|p1a: Hawlucha|10/100|[from] item: Rocky Helmet|[of] p2a: The Chef
|faint|p2a: The Chef
|
|-fieldend|move: Grassy Terrain
|upkeep
|
|t:|1641797493
|switch|p2a: The King|Garchomp, M|19/100
|-damage|p2a: The King|13/100|[from] Stealth Rock
|turn|30
|
|t:|1641797506
|move|p1a: Hawlucha|Throat Chop|p2a: The King
|-damage|p2a: The King|0 fnt
|-damage|p1a: Hawlucha|0 fnt|[from] ability: Rough Skin|[of] p2a: The King
|faint|p2a: The King
|faint|p1a: Hawlucha
|
|upkeep
|inactive|8jaggery has 60 seconds left.
|
|t:|1641797527
|switch|p1a: Dragapult|Dragapult, F|91/100
|switch|p2a: The Maid|Heatran, M|100/100
|-damage|p1a: Dragapult|78/100|[from] Stealth Rock
|-damage|p2a: The Maid|88/100|[from] Stealth Rock
|turn|31
|inactive|8jaggery has 60 seconds left.
|
|t:|1641797535
|move|p1a: Dragapult|U-turn|p2a: The Maid
|-resisted|p2a: The Maid
|-damage|p2a: The Maid|84/100
|-damage|p1a: Dragapult|69/100|[from] item: Life Orb
|
|t:|1641797540
|switch|p1a: Heatran|Heatran, M|46/100|[from]move: U-turn
|-damage|p1a: Heatran|34/100|[from] Stealth Rock
|move|p2a: The Maid|Magma Storm|p1a: Heatran
|-start|p1a: Heatran|ability: Flash Fire
|
|-heal|p2a: The Maid|90/100|[from] item: Leftovers
|upkeep
|turn|32
|
|t:|1641797550
|move|p2a: The Maid|Earth Power|p1a: Heatran
|-supereffective|p1a: Heatran
|-damage|p1a: Heatran|0 fnt
|faint|p1a: Heatran
|
|-heal|p2a: The Maid|96/100|[from] item: Leftovers
|upkeep
|
|t:|1641797556
|switch|p1a: Dragapult|Dragapult, F|69/100
|-damage|p1a: Dragapult|56/100|[from] Stealth Rock
|turn|33
|
|t:|1641797560
|move|p1a: Dragapult|Scald|p2a: The Maid
|-supereffective|p2a: The Maid
|-damage|p2a: The Maid|56/100
|-damage|p1a: Dragapult|47/100|[from] item: Life Orb
|move|p2a: The Maid|Magma Storm|p1a: Dragapult
|-resisted|p1a: Dragapult
|-damage|p1a: Dragapult|20/100
|-activate|p1a: Dragapult|move: Magma Storm|[of] p2a: The Maid
|
|-heal|p2a: The Maid|62/100|[from] item: Leftovers
|-damage|p1a: Dragapult|8/100|[from] move: Magma Storm|[partiallytrapped]
|upkeep
|turn|34
|
|t:|1641797570
|move|p1a: Dragapult|Scald|p2a: The Maid
|-supereffective|p2a: The Maid
|-damage|p2a: The Maid|21/100
|-damage|p1a: Dragapult|0 fnt|[from] item: Life Orb
|faint|p1a: Dragapult
|move|p2a: The Maid|Earth Power|p1: Dragapult|[notarget]
|-fail|p2a: The Maid
|
|-heal|p2a: The Maid|28/100|[from] item: Leftovers
|upkeep
|
|t:|1641797579
|switch|p1a: Clefable|Clefable, M|32/100
|-damage|p1a: Clefable|19/100|[from] Stealth Rock
|turn|35
|
|t:|1641797582
|move|p2a: The Maid|Taunt|p1a: Clefable
|-start|p1a: Clefable|move: Taunt
|move|p1a: Clefable|Psychic|p2a: The Maid
|-resisted|p2a: The Maid
|-damage|p2a: The Maid|21/100
|
|-heal|p2a: The Maid|28/100|[from] item: Leftovers
|-heal|p1a: Clefable|25/100|[from] item: Leftovers
|upkeep
|turn|36
|inactive|8jaggery has 90 seconds left.
|
|t:|1641797591
|move|p2a: The Maid|Magma Storm|p1a: Clefable|[miss]
|-miss|p2a: The Maid|p1a: Clefable
|move|p1a: Clefable|Moonblast|p2a: The Maid
|-resisted|p2a: The Maid
|-damage|p2a: The Maid|23/100
|
|-heal|p2a: The Maid|29/100|[from] item: Leftovers
|-heal|p1a: Clefable|31/100|[from] item: Leftovers
|upkeep
|turn|37
|
|t:|1641797599
|move|p2a: The Maid|Magma Storm|p1a: Clefable
|-damage|p1a: Clefable|4/100
|-activate|p1a: Clefable|move: Magma Storm|[of] p2a: The Maid
|move|p1a: Clefable|Psychic|p2a: The Maid
|-resisted|p2a: The Maid
|-damage|p2a: The Maid|23/100
|
|-heal|p2a: The Maid|29/100|[from] item: Leftovers
|-heal|p1a: Clefable|10/100|[from] item: Leftovers
|-damage|p1a: Clefable|0 fnt|[from] move: Magma Storm|[partiallytrapped]
|faint|p1a: Clefable
|
|win|yogo896
|upkeep
|raw|8jaggery's rating: 1255 &rarr; <strong>1228</strong><br />(-27 for losing)
|raw|yogo896's rating: 1228 &rarr; <strong>1255</strong><br />(+27 for winning)
