|j|☆luciiigod
|j|☆SilkHeart
|t:|1641707010
|gametype|singles
|player|p1|luciiigod|parasollady|
|player|p2|SilkHeart|liza|
|teamsize|p1|6
|teamsize|p2|6
|gen|8
|tier|[Gen 8] OU
|rule|Sleep Clause Mod: Limit one foe put to sleep
|rule|Species Clause: Limit one of each Pokémon
|rule|OHKO Clause: OHKO moves are banned
|rule|Evasion Moves Clause: Evasion moves are banned
|rule|Endless Battle Clause: Forcing endless battles is banned
|rule|HP Percentage Mod: HP is shown in percentages
|rule|Dynamax Clause: You cannot dynamax
|clearpoke
|poke|p1|Blacephalon|
|poke|p1|Rotom-Wash|
|poke|p1|Weavile, F|
|poke|p1|Tapu Koko|
|poke|p1|Hawlucha, F|
|poke|p1|Garchomp, M|
|poke|p2|Blacephalon|
|poke|p2|Corviknight, F|
|poke|p2|Slowking-Galar, M|
|poke|p2|Weavile, M|
|poke|p2|Landorus-Therian, M|
|poke|p2|Toxapex, F|
|teampreview
|inactive|Battle timer is ON: inactive players will automatically lose when time's up. (requested by luciiigod)
|c|☆luciiigod|toxa feo
|c|☆luciiigod|gl
|c|☆SilkHeart|hu bueno
|c|☆SilkHeart|terrible copia de mi team
|c|☆SilkHeart|uh*
|c|☆luciiigod|sis
|
|t:|1641707035
|start
|switch|p1a: Rotom|Rotom-Wash|100/100
|switch|p2a: Weavile|Weavile, M|100/100
|-ability|p2a: Weavile|Pressure
|turn|1
|c|☆luciiigod|aa
|
|t:|1641707043
|switch|p2a: Landorus|Landorus-Therian, M|100/100
|-ability|p2a: Landorus|Intimidate|boost
|-unboost|p1a: Rotom|atk|1
|move|p1a: Rotom|Volt Switch|p2a: Landorus
|-immune|p2a: Landorus
|
|upkeep
|turn|2
|c|☆luciiigod|weee
|c|☆luciiigod|siii
|c|☆luciiigod|alfin alguien que sepa jugar
|c|☆luciiigod|aleluya
|c|☆luciiigod|dea
|
|t:|1641707064
|switch|p1a: Garchomp|Garchomp, M|100/100
|move|p2a: Landorus|Toxic|p1a: Garchomp
|-status|p1a: Garchomp|tox
|
|-damage|p1a: Garchomp|94/100 tox|[from] psn
|upkeep
|turn|3
|c|☆SilkHeart|/me procede a mankear
|
|t:|1641707071
|move|p1a: Garchomp|Stealth Rock|p2a: Landorus
|-sidestart|p2: SilkHeart|move: Stealth Rock
|move|p2a: Landorus|Earthquake|p1a: Garchomp
|-crit|p1a: Garchomp
|-damage|p1a: Garchomp|38/100 tox
|
|-damage|p1a: Garchomp|25/100 tox|[from] psn
|upkeep
|turn|4
|c|☆luciiigod|xd
|c|☆luciiigod|alv
|
|t:|1641707079
|switch|p1a: Rotom|Rotom-Wash|100/100
|move|p2a: Landorus|Defog|p1a: Rotom
|-unboost|p1a: Rotom|evasion|1
|-sideend|p2: SilkHeart|Stealth Rock|[from] move: Defog|[of] p2a: Landorus
|
|upkeep
|turn|5
|c|☆SilkHeart|srry miamor
|
|t:|1641707084
|switch|p2a: Toxapex|Toxapex, F, shiny|100/100
|move|p1a: Rotom|Volt Switch|p2a: Toxapex
|-supereffective|p2a: Toxapex
|-damage|p2a: Toxapex|60/100
|-enditem|p2a: Toxapex|Eject Button
|c|☆SilkHeart|wena predi
|
|t:|1641707092
|switch|p2a: Landorus|Landorus-Therian, M|100/100
|-ability|p2a: Landorus|Intimidate|boost
|-unboost|p1a: Rotom|atk|1
|
|upkeep
|turn|6
|c|☆luciiigod|ay
|c|☆luciiigod|que chota
|c|☆luciiigod|aaaaaaaaaaa
|
|t:|1641707108
|switch|p1a: Garchomp|Garchomp, M|25/100 tox
|move|p2a: Landorus|Earthquake|p1a: Garchomp
|-damage|p1a: Garchomp|0 fnt
|faint|p1a: Garchomp
|
|upkeep
|
|t:|1641707115
|switch|p1a: Weavile|Weavile, F|100/100
|-ability|p1a: Weavile|Pressure
|turn|7
|
|t:|1641707122
|switch|p2a: Corviknight|Corviknight, F|100/100
|-ability|p2a: Corviknight|Pressure
|move|p1a: Weavile|Swords Dance|p1a: Weavile
|-boost|p1a: Weavile|atk|2
|
|upkeep
|turn|8
|
|t:|1641707124
|move|p1a: Weavile|Knock Off|p2a: Corviknight
|-damage|p2a: Corviknight|40/100
|-enditem|p2a: Corviknight|Leftovers|[from] move: Knock Off|[of] p1a: Weavile
|move|p2a: Corviknight|Body Press|p1a: Weavile
|-supereffective|p1a: Weavile
|-damage|p1a: Weavile|0 fnt
|faint|p1a: Weavile
|
|upkeep
|
|t:|1641707128
|switch|p1a: Blacephalon|Blacephalon|100/100
|turn|9
|
|t:|1641707132
|switch|p2a: Toxapex|Toxapex, F, shiny|94/100
|move|p1a: Blacephalon|Shadow Ball|p2a: Toxapex
|-damage|p2a: Toxapex|43/100
|
|upkeep
|turn|10
|
|t:|1641707141
|switch|p1a: Tapu Koko|Tapu Koko|100/100
|-fieldstart|move: Electric Terrain|[from] ability: Electric Surge|[of] p1a: Tapu Koko
|switch|p2a: Landorus|Landorus-Therian, M|100/100
|-ability|p2a: Landorus|Intimidate|boost
|-unboost|p1a: Tapu Koko|atk|1
|
|upkeep
|turn|11
|
|t:|1641707147
|move|p1a: Tapu Koko|U-turn|p2a: Landorus
|-resisted|p2a: Landorus
|-damage|p2a: Landorus|96/100
|
|t:|1641707150
|switch|p1a: Rotom|Rotom-Wash|100/100|[from]move: U-turn
|move|p2a: Landorus|Toxic|p1a: Rotom
|-status|p1a: Rotom|tox
|
|-heal|p2a: Landorus|100/100|[from] item: Leftovers
|-damage|p1a: Rotom|95/100 tox|[from] psn
|upkeep
|turn|12
|
|t:|1641707160
|move|p1a: Rotom|Volt Switch|p2a: Landorus
|-immune|p2a: Landorus
|move|p2a: Landorus|Earthquake|p1a: Rotom
|-immune|p1a: Rotom|[from] ability: Levitate
|
|-damage|p1a: Rotom|83/100 tox|[from] psn
|upkeep
|turn|13
|c|☆luciiigod|ta feo ta feo
|
|t:|1641707168
|move|p1a: Rotom|Volt Switch|p2a: Landorus
|-immune|p2a: Landorus
|move|p2a: Landorus|U-turn|p1a: Rotom
|-damage|p1a: Rotom|59/100 tox
|
|t:|1641707179
|switch|p2a: Slowking|Slowking-Galar, M, shiny|100/100|[from]move: U-turn
|
|-damage|p1a: Rotom|41/100 tox|[from] psn
|upkeep
|turn|14
|
|t:|1641707181
|move|p1a: Rotom|Volt Switch|p2a: Slowking
|-crit|p2a: Slowking
|-damage|p2a: Slowking|80/100
|
|t:|1641707185
|switch|p1a: Tapu Koko|Tapu Koko|100/100|[from]move: Volt Switch
|move|p2a: Slowking|Future Sight|p1a: Tapu Koko
|-start|p2a: Slowking|move: Future Sight
|
|-fieldend|move: Electric Terrain
|upkeep
|turn|15
|
|t:|1641707189
|move|p1a: Tapu Koko|U-turn|p2a: Slowking
|-damage|p2a: Slowking|63/100
|
|t:|1641707191
|switch|p1a: Rotom|Rotom-Wash|41/100 tox|[from]move: U-turn
|move|p2a: Slowking|Sludge Bomb|p1a: Rotom
|-damage|p1a: Rotom|0 fnt
|faint|p1a: Rotom
|
|upkeep
|
|t:|1641707194
|switch|p1a: Blacephalon|Blacephalon|100/100
|turn|16
|
|t:|1641707198
|switch|p2a: Landorus|Landorus-Therian, M|100/100
|-ability|p2a: Landorus|Intimidate|boost
|-unboost|p1a: Blacephalon|atk|1
|move|p1a: Blacephalon|Shadow Ball|p2a: Landorus
|-damage|p2a: Landorus|50/100
|-unboost|p2a: Landorus|spd|1
|
|-end|p1a: Blacephalon|move: Future Sight
|-damage|p1a: Blacephalon|0 fnt
|faint|p1a: Blacephalon
|-heal|p2a: Landorus|56/100|[from] item: Leftovers
|upkeep
|
|t:|1641707202
|switch|p1a: Tapu Koko|Tapu Koko|100/100
|-fieldstart|move: Electric Terrain|[from] ability: Electric Surge|[of] p1a: Tapu Koko
|turn|17
|c|☆luciiigod|ah q wea
|
|t:|1641707210
|switch|p2a: Slowking|Slowking-Galar, M, shiny|96/100
|move|p1a: Tapu Koko|Dazzling Gleam|p2a: Slowking
|-resisted|p2a: Slowking
|-damage|p2a: Slowking|87/100
|
|upkeep
|turn|18
|c|☆SilkHeart|el future sight
|
|t:|1641707220
|move|p1a: Tapu Koko|Thunderbolt|p2a: Slowking
|-damage|p2a: Slowking|62/100
|move|p2a: Slowking|Future Sight|p1a: Tapu Koko
|-start|p2a: Slowking|move: Future Sight
|
|upkeep
|turn|19
|
|t:|1641707224
|move|p1a: Tapu Koko|Thunderbolt|p2a: Slowking
|-damage|p2a: Slowking|38/100
|-status|p2a: Slowking|par
|move|p2a: Slowking|Sludge Bomb|p1a: Tapu Koko
|-supereffective|p1a: Tapu Koko
|-damage|p1a: Tapu Koko|0 fnt
|faint|p1a: Tapu Koko
|
|upkeep
|
|t:|1641707229
|switch|p1a: Hawlucha|Hawlucha, F|100/100
|-enditem|p1a: Hawlucha|Electric Seed
|-boost|p1a: Hawlucha|def|1|[from] item: Electric Seed
|turn|20
|
|t:|1641707235
|switch|p2a: Toxapex|Toxapex, F, shiny|76/100
|move|p1a: Hawlucha|Swords Dance|p1a: Hawlucha
|-boost|p1a: Hawlucha|atk|2
|
|-end|p1a: Hawlucha|move: Future Sight
|-supereffective|p1a: Hawlucha
|-damage|p1a: Hawlucha|0 fnt
|faint|p1a: Hawlucha
|
|win|SilkHeart
|upkeep
|c|☆SilkHeart|gg princesa
|c|☆luciiigod|ah pero en sm ou
|c|☆luciiigod|deaaa
|c|☆luciiigod|gg
