|j|☆RedGyarad-dos
|j|☆Bunnyhop 54
|t:|1641859054
|gametype|singles
|player|p1|RedGyarad-dos|cynthia-gen4|1090
|player|p2|Bunnyhop 54|lyra|1071
|teamsize|p1|6
|teamsize|p2|6
|gen|8
|tier|[Gen 8] OU
|rated|
|rule|Sleep Clause Mod: Limit one foe put to sleep
|rule|Species Clause: Limit one of each Pokémon
|rule|OHKO Clause: OHKO moves are banned
|rule|Evasion Moves Clause: Evasion moves are banned
|rule|Endless Battle Clause: Forcing endless battles is banned
|rule|HP Percentage Mod: HP is shown in percentages
|rule|Dynamax Clause: You cannot dynamax
|clearpoke
|poke|p1|Gengar, M|
|poke|p1|Clefable, F|
|poke|p1|Talonflame, M|
|poke|p1|Slowbro, F|
|poke|p1|Excadrill, M|
|poke|p1|Dragapult, M|
|poke|p2|Rillaboom, F|
|poke|p2|Celesteela|
|poke|p2|Regieleki|
|poke|p2|Blissey, F|
|poke|p2|Primarina, F|
|poke|p2|Dragapult, M|
|teampreview
|
|t:|1641859059
|start
|switch|p1a: Clefable|Clefable, F|100/100
|switch|p2a: Dragapult|Dragapult, M|100/100
|turn|1
|inactive|Battle timer is ON: inactive players will automatically lose when time's up. (requested by RedGyarad-dos)
|
|t:|1641859066
|move|p2a: Dragapult|Dragon Dance|p2a: Dragapult
|-boost|p2a: Dragapult|atk|1
|-boost|p2a: Dragapult|spe|1
|move|p1a: Clefable|Knock Off|p2a: Dragapult
|-supereffective|p2a: Dragapult
|-damage|p2a: Dragapult|56/100
|-enditem|p2a: Dragapult|Weakness Policy
|-boost|p2a: Dragapult|atk|2|[from] item: Weakness Policy
|-boost|p2a: Dragapult|spa|2|[from] item: Weakness Policy
|
|upkeep
|turn|2
|
|t:|1641859075
|move|p2a: Dragapult|Phantom Force||[still]
|-prepare|p2a: Dragapult|Phantom Force
|move|p1a: Clefable|Stealth Rock|p2a: Dragapult
|-sidestart|p2: Bunnyhop 54|move: Stealth Rock
|
|upkeep
|turn|3
|
|t:|1641859080
|move|p2a: Dragapult|Phantom Force|p1a: Clefable|[from]lockedmove
|-damage|p1a: Clefable|0 fnt
|faint|p1a: Clefable
|
|upkeep
|
|t:|1641859089
|switch|p1a: Talonflame|Talonflame, M, shiny|100/100
|turn|4
|
|t:|1641859095
|move|p1a: Talonflame|Brave Bird|p2a: Dragapult
|-damage|p2a: Dragapult|0 fnt
|faint|p2a: Dragapult
|-damage|p1a: Talonflame|81/100|[from] Recoil
|
|upkeep
|
|t:|1641859102
|switch|p2a: Regieleki|Regieleki|100/100
|-damage|p2a: Regieleki|88/100|[from] Stealth Rock
|turn|5
|
|t:|1641859108
|switch|p1a: Excadrill|Excadrill, M|100/100
|-ability|p1a: Excadrill|Mold Breaker
|move|p2a: Regieleki|Volt Switch|p1a: Excadrill
|-immune|p1a: Excadrill
|
|upkeep
|turn|6
|
|t:|1641859117
|switch|p2a: Celesteela|Celesteela|100/100
|-damage|p2a: Celesteela|88/100|[from] Stealth Rock
|move|p1a: Excadrill|Swords Dance|p1a: Excadrill
|-boost|p1a: Excadrill|atk|2
|
|upkeep
|turn|7
|
|t:|1641859125
|move|p1a: Excadrill|Rapid Spin|p2a: Celesteela
|-resisted|p2a: Celesteela
|-damage|p2a: Celesteela|73/100
|-boost|p1a: Excadrill|spe|1
|move|p2a: Celesteela|Autotomize|p2a: Celesteela
|-boost|p2a: Celesteela|spe|2
|-start|p2a: Celesteela|Autotomize
|
|upkeep
|turn|8
|
|t:|1641859135
|move|p1a: Excadrill|Rapid Spin|p2a: Celesteela
|-resisted|p2a: Celesteela
|-damage|p2a: Celesteela|57/100
|-boost|p1a: Excadrill|spe|1
|move|p2a: Celesteela|Meteor Beam||[still]
|-prepare|p2a: Celesteela|Meteor Beam
|-boost|p2a: Celesteela|spa|1
|-enditem|p2a: Celesteela|Power Herb
|-anim|p2a: Celesteela|Meteor Beam|p1a: Excadrill
|-resisted|p1a: Excadrill
|-damage|p1a: Excadrill|81/100
|
|-heal|p1a: Excadrill|87/100|[from] item: Leftovers
|upkeep
|turn|9
|
|t:|1641859147
|move|p1a: Excadrill|Rapid Spin|p2a: Celesteela
|-resisted|p2a: Celesteela
|-damage|p2a: Celesteela|41/100
|-boost|p1a: Excadrill|spe|1
|move|p2a: Celesteela|Flamethrower|p1a: Excadrill
|-supereffective|p1a: Excadrill
|-damage|p1a: Excadrill|0 fnt
|faint|p1a: Excadrill
|-ability|p2a: Celesteela|Beast Boost|boost
|-boost|p2a: Celesteela|spa|1
|
|upkeep
|
|t:|1641859161
|switch|p1a: Dragapult|Dragapult, M, shiny|100/100
|turn|10
|
|t:|1641859166
|move|p1a: Dragapult|Flamethrower|p2a: Celesteela
|-supereffective|p2a: Celesteela
|-damage|p2a: Celesteela|0 fnt
|faint|p2a: Celesteela
|
|upkeep
|
|t:|1641859174
|switch|p2a: Primarina|Primarina, F|100/100
|-damage|p2a: Primarina|88/100|[from] Stealth Rock
|turn|11
|
|t:|1641859179
|move|p1a: Dragapult|Flamethrower|p2a: Primarina
|-resisted|p2a: Primarina
|-damage|p2a: Primarina|73/100
|-status|p2a: Primarina|brn
|move|p2a: Primarina|Perish Song|p2a: Primarina
|-start|p1a: Dragapult|perish3|[silent]
|-start|p2a: Primarina|perish3|[silent]
|-fieldactivate|move: Perish Song
|
|-damage|p2a: Primarina|67/100 brn|[from] brn
|-start|p1a: Dragapult|perish3
|-start|p2a: Primarina|perish3
|upkeep
|turn|12
|
|t:|1641859190
|move|p1a: Dragapult|Flamethrower|p2a: Primarina
|-resisted|p2a: Primarina
|-damage|p2a: Primarina|50/100 brn
|move|p2a: Primarina|Sparkling Aria|p1a: Dragapult
|-resisted|p1a: Dragapult
|-damage|p1a: Dragapult|67/100
|
|-damage|p2a: Primarina|44/100 brn|[from] brn
|-start|p1a: Dragapult|perish2
|-start|p2a: Primarina|perish2
|upkeep
|turn|13
|
|t:|1641859218
|move|p1a: Dragapult|Flamethrower|p2a: Primarina
|-resisted|p2a: Primarina
|-damage|p2a: Primarina|29/100 brn
|move|p2a: Primarina|Ice Beam|p1a: Dragapult
|-supereffective|p1a: Dragapult
|-damage|p1a: Dragapult|0 fnt
|faint|p1a: Dragapult
|
|-damage|p2a: Primarina|23/100 brn|[from] brn
|-start|p2a: Primarina|perish1
|upkeep
|
|t:|1641859228
|switch|p1a: Slowbro|Slowbro, F|100/100
|turn|14
|
|t:|1641859233
|switch|p2a: Rillaboom|Rillaboom, F|100/100
|-damage|p2a: Rillaboom|88/100|[from] Stealth Rock
|-fieldstart|move: Grassy Terrain|[from] ability: Grassy Surge|[of] p2a: Rillaboom
|move|p1a: Slowbro|Slack Off||[still]
|-fail|p1a: Slowbro|heal
|
|-heal|p2a: Rillaboom|94/100|[from] Grassy Terrain
|upkeep
|turn|15
|
|t:|1641859243
|move|p2a: Rillaboom|Fake Out|p1a: Slowbro
|-damage|p1a: Slowbro|93/100
|cant|p1a: Slowbro|flinch
|
|-heal|p2a: Rillaboom|100/100|[from] Grassy Terrain
|-heal|p1a: Slowbro|99/100|[from] Grassy Terrain
|-heal|p1a: Slowbro|100/100|[from] item: Leftovers
|upkeep
|turn|16
|
|t:|1641859252
|move|p2a: Rillaboom|Wood Hammer|p1a: Slowbro
|-supereffective|p1a: Slowbro
|-damage|p1a: Slowbro|8/100
|-damage|p2a: Rillaboom|65/100|[from] Recoil
|move|p1a: Slowbro|Toxic|p2a: Rillaboom
|-status|p2a: Rillaboom|tox
|
|-heal|p2a: Rillaboom|71/100 tox|[from] Grassy Terrain
|-heal|p1a: Slowbro|14/100|[from] Grassy Terrain
|-heal|p1a: Slowbro|20/100|[from] item: Leftovers
|-damage|p2a: Rillaboom|65/100 tox|[from] psn
|upkeep
|turn|17
|
|t:|1641859265
|move|p2a: Rillaboom|U-turn|p1a: Slowbro
|-supereffective|p1a: Slowbro
|-damage|p1a: Slowbro|0 fnt
|faint|p1a: Slowbro
|
|t:|1641859271
|switch|p2a: Regieleki|Regieleki|88/100|[from]move: U-turn
|-damage|p2a: Regieleki|76/100|[from] Stealth Rock
|
|-heal|p2a: Regieleki|82/100|[from] Grassy Terrain
|upkeep
|
|t:|1641859277
|switch|p1a: Kamen|Gengar, M, shiny|100/100
|turn|18
|
|t:|1641859282
|move|p2a: Regieleki|Substitute|p2a: Regieleki
|-start|p2a: Regieleki|Substitute
|-damage|p2a: Regieleki|57/100
|move|p1a: Kamen|Trick||[still]
|-fail|p1a: Kamen
|
|-heal|p2a: Regieleki|63/100|[from] Grassy Terrain
|-fieldend|move: Grassy Terrain
|upkeep
|turn|19
|
|t:|1641859290
|move|p2a: Regieleki|Thunderbolt|p1a: Kamen
|-damage|p1a: Kamen|2/100
|-start|p2a: Regieleki|Disable|Thunderbolt|[from] ability: Cursed Body|[of] p1a: Kamen
|move|p1a: Kamen|Trick||[still]
|-fail|p1a: Kamen
|
|upkeep
|turn|20
|-message|RedGyarad-dos forfeited.
|
|win|Bunnyhop 54
|raw|RedGyarad-dos's rating: 1090 &rarr; <strong>1065</strong><br />(-25 for losing)
|raw|Bunnyhop 54's rating: 1071 &rarr; <strong>1102</strong><br />(+31 for winning)
|l|☆RedGyarad-dos
