|j|☆smurfsawce
|j|☆Meclost
|t:|1641733412
|gametype|singles
|player|p1|smurfsawce|169|1075
|player|p2|Meclost|bellelba|1029
|teamsize|p1|6
|teamsize|p2|6
|gen|8
|tier|[Gen 8] OU
|rated|
|rule|Sleep Clause Mod: Limit one foe put to sleep
|rule|Species Clause: Limit one of each Pokémon
|rule|OHKO Clause: OHKO moves are banned
|rule|Evasion Moves Clause: Evasion moves are banned
|rule|Endless Battle Clause: Forcing endless battles is banned
|rule|HP Percentage Mod: HP is shown in percentages
|rule|Dynamax Clause: You cannot dynamax
|clearpoke
|poke|p1|Suicune|
|poke|p1|Ferrothorn, F|
|poke|p1|Heatran, M|
|poke|p1|Kartana|
|poke|p1|Landorus-Therian, M|
|poke|p1|Dragapult, M|
|poke|p2|Kartana|
|poke|p2|Galvantula, F|
|poke|p2|Sandaconda, M|
|poke|p2|Corviknight, M|
|poke|p2|Volcarona, F|
|poke|p2|Polteageist|
|teampreview
|inactive|Battle timer is ON: inactive players will automatically lose when time's up. (requested by Meclost)
|c|☆smurfsawce|oh that teapot mother fucker
|
|t:|1641733430
|start
|switch|p1a: Ferrothorn|Ferrothorn, F|100/100
|switch|p2a: Galvantula|Galvantula, F, shiny|100/100
|turn|1
|
|t:|1641733438
|move|p2a: Galvantula|Sticky Web|p1a: Ferrothorn
|-sidestart|p1: smurfsawce|move: Sticky Web
|move|p1a: Ferrothorn|Gyro Ball|p2a: Galvantula
|-resisted|p2a: Galvantula
|-damage|p2a: Galvantula|63/100
|
|upkeep
|turn|2
|
|t:|1641733446
|move|p2a: Galvantula|Toxic|p1a: Ferrothorn
|-immune|p1a: Ferrothorn
|move|p1a: Ferrothorn|Spikes|p2a: Galvantula
|-sidestart|p2: Meclost|Spikes
|
|upkeep
|turn|3
|
|t:|1641733451
|move|p2a: Galvantula|String Shot|p1a: Ferrothorn
|-unboost|p1a: Ferrothorn|spe|2
|move|p1a: Ferrothorn|Spikes|p2a: Galvantula
|-sidestart|p2: Meclost|Spikes
|
|upkeep
|turn|4
|
|t:|1641733465
|move|p2a: Galvantula|Volt Switch|p1a: Ferrothorn
|-resisted|p1a: Ferrothorn
|-damage|p1a: Ferrothorn|90/100
|
|t:|1641733472
|switch|p2a: Volcarona|Volcarona, F|100/100|[from]move: Volt Switch
|-damage|p2a: Volcarona|84/100|[from] Spikes
|move|p1a: Ferrothorn|Gyro Ball|p2a: Volcarona
|-resisted|p2a: Volcarona
|-damage|p2a: Volcarona|46/100
|-status|p1a: Ferrothorn|brn|[from] ability: Flame Body|[of] p2a: Volcarona
|
|-heal|p1a: Ferrothorn|96/100 brn|[from] item: Leftovers
|-damage|p1a: Ferrothorn|90/100 brn|[from] brn
|upkeep
|turn|5
|
|t:|1641733497
|switch|p1a: Landorus|Landorus-Therian, M|100/100
|-ability|p1a: Landorus|Intimidate|boost
|-unboost|p2a: Volcarona|atk|1
|move|p2a: Volcarona|Flamethrower|p1a: Landorus
|-damage|p1a: Landorus|32/100
|-damage|p2a: Volcarona|36/100|[from] item: Life Orb
|
|upkeep
|turn|6
|c|☆smurfsawce|breh
|
|t:|1641733507
|move|p2a: Volcarona|Flamethrower|p1a: Landorus
|-damage|p1a: Landorus|0 fnt
|faint|p1a: Landorus
|-damage|p2a: Volcarona|26/100|[from] item: Life Orb
|
|upkeep
|
|t:|1641733514
|switch|p1a: Suicune|Suicune|100/100
|-activate|p1a: Suicune|move: Sticky Web
|-unboost|p1a: Suicune|spe|1
|turn|7
|
|t:|1641733523
|move|p2a: Volcarona|Quiver Dance|p2a: Volcarona
|-boost|p2a: Volcarona|spa|1
|-boost|p2a: Volcarona|spd|1
|-boost|p2a: Volcarona|spe|1
|move|p1a: Suicune|Curse|p1a: Suicune
|-unboost|p1a: Suicune|spe|1
|-boost|p1a: Suicune|atk|1
|-boost|p1a: Suicune|def|1
|
|upkeep
|turn|8
|
|t:|1641733531
|move|p1a: Suicune|Extreme Speed|p2a: Volcarona
|-damage|p2a: Volcarona|0 fnt
|faint|p2a: Volcarona
|
|upkeep
|
|t:|1641733536
|switch|p2a: Kartana|Kartana, shiny|100/100
|-damage|p2a: Kartana|84/100|[from] Spikes
|turn|9
|
|t:|1641733558
|move|p2a: Kartana|Leaf Blade|p1a: Suicune
|-supereffective|p1a: Suicune
|-damage|p1a: Suicune|33/100
|move|p1a: Suicune|Liquidation|p2a: Kartana
|-resisted|p2a: Kartana
|-damage|p2a: Kartana|58/100
|
|-heal|p1a: Suicune|39/100|[from] item: Leftovers
|upkeep
|turn|10
|
|t:|1641733568
|switch|p1a: Heatran|Heatran, M|100/100
|-item|p1a: Heatran|Air Balloon
|move|p2a: Kartana|Leaf Blade|p1a: Heatran
|-resisted|p1a: Heatran
|-crit|p1a: Heatran
|-damage|p1a: Heatran|80/100
|-enditem|p1a: Heatran|Air Balloon
|
|upkeep
|turn|11
|
|t:|1641733588
|switch|p2a: Corviknight|Corviknight, M|100/100
|move|p1a: Heatran|Toxic|p2a: Corviknight
|-immune|p2a: Corviknight
|
|upkeep
|turn|12
|
|t:|1641733593
|move|p1a: Heatran|Magma Storm|p2a: Corviknight
|-supereffective|p2a: Corviknight
|-damage|p2a: Corviknight|22/100
|-activate|p2a: Corviknight|move: Magma Storm|[of] p1a: Heatran
|move|p2a: Corviknight|Bulk Up|p2a: Corviknight
|-boost|p2a: Corviknight|atk|1
|-boost|p2a: Corviknight|def|1
|
|-damage|p2a: Corviknight|10/100|[from] move: Magma Storm|[partiallytrapped]
|upkeep
|turn|13
|
|t:|1641733613
|switch|p1a: Ferrothorn|Ferrothorn, F|90/100 brn
|-activate|p1a: Ferrothorn|move: Sticky Web
|-unboost|p1a: Ferrothorn|spe|1
|move|p2a: Corviknight|Body Press|p1a: Ferrothorn
|-supereffective|p1a: Ferrothorn
|-damage|p1a: Ferrothorn|40/100 brn
|-damage|p2a: Corviknight|0 fnt|[from] ability: Iron Barbs|[of] p1a: Ferrothorn
|faint|p2a: Corviknight
|
|-heal|p1a: Ferrothorn|46/100 brn|[from] item: Leftovers
|-damage|p1a: Ferrothorn|40/100 brn|[from] brn
|upkeep
|
|t:|1641733623
|switch|p2a: Polteageist|Polteageist, shiny|100/100
|-damage|p2a: Polteageist|84/100|[from] Spikes
|turn|14
|
|t:|1641733629
|move|p2a: Polteageist|Shell Smash|p2a: Polteageist
|-unboost|p2a: Polteageist|def|1
|-unboost|p2a: Polteageist|spd|1
|-boost|p2a: Polteageist|atk|2
|-boost|p2a: Polteageist|spa|2
|-boost|p2a: Polteageist|spe|2
|move|p1a: Ferrothorn|Knock Off|p2a: Polteageist
|-supereffective|p2a: Polteageist
|-damage|p2a: Polteageist|30/100
|-ability|p2a: Polteageist|Weak Armor|boost
|-unboost|p2a: Polteageist|def|1
|-boost|p2a: Polteageist|spe|2
|-enditem|p2a: Polteageist|Focus Sash|[from] move: Knock Off|[of] p1a: Ferrothorn
|
|-heal|p1a: Ferrothorn|46/100 brn|[from] item: Leftovers
|-damage|p1a: Ferrothorn|40/100 brn|[from] brn
|upkeep
|turn|15
|
|t:|1641733643
|move|p2a: Polteageist|Dark Pulse|p1a: Ferrothorn
|-damage|p1a: Ferrothorn|0 fnt
|faint|p1a: Ferrothorn
|
|upkeep
|c|☆smurfsawce|I hate that mother fucking pot so much
|c|☆Meclost|Now it comes
|c|☆smurfsawce|i mean its gg
|inactive|smurfsawce has 120 seconds left.
|
|t:|1641733673
|switch|p1a: Dragapult|Dragapult, M|100/100
|-activate|p1a: Dragapult|move: Sticky Web
|-unboost|p1a: Dragapult|spe|1
|turn|16
|c|☆Meclost|!weakness dragapult
|c| Meclost|/raw <div class="infobox">Dragapult (ignoring abilities):<br /><span class="message-effect-weak">Weaknesses</span>: Dark, Dragon, Fairy, Ghost, Ice<br /><span class="message-effect-resist">Resistances</span>: Bug, Electric, Fire, Grass, Poison, Water<br /><span class="message-effect-immune">Immunities</span>: Fighting, Normal, Trapping</div>
|
|t:|1641733687
|move|p2a: Polteageist|Dark Pulse|p1a: Dragapult
|-supereffective|p1a: Dragapult
|-damage|p1a: Dragapult|0 fnt
|faint|p1a: Dragapult
|
|upkeep
|-message|smurfsawce forfeited.
|
|win|Meclost
|raw|smurfsawce's rating: 1075 &rarr; <strong>1051</strong><br />(-24 for losing)
|raw|Meclost's rating: 1029 &rarr; <strong>1069</strong><br />(+40 for winning)
|l|☆smurfsawce
