|j|‽furaihai
|j|☆ooovlbooo
|t:|1641889384
|gametype|singles
|player|p1|furaihai|170|1495
|player|p2|ooovlbooo|265|1524
|teamsize|p1|6
|teamsize|p2|6
|gen|8
|tier|[Gen 8] OU
|rated|
|rule|Sleep Clause Mod: Limit one foe put to sleep
|rule|Species Clause: Limit one of each Pokémon
|rule|OHKO Clause: OHKO moves are banned
|rule|Evasion Moves Clause: Evasion moves are banned
|rule|Endless Battle Clause: Forcing endless battles is banned
|rule|HP Percentage Mod: HP is shown in percentages
|rule|Dynamax Clause: You cannot dynamax
|clearpoke
|poke|p1|Chandelure, F|
|poke|p1|Excadrill, F|
|poke|p1|Togekiss, F|
|poke|p1|Skarmory, M|
|poke|p1|Gastrodon, F|
|poke|p1|Kartana|
|poke|p2|Scizor, F|
|poke|p2|Mandibuzz, F|
|poke|p2|Tapu Koko|
|poke|p2|Garchomp, F|
|poke|p2|Weavile, M|
|poke|p2|Marowak-Alola, M|
|teampreview
|inactive|Battle timer is ON: inactive players will automatically lose when time's up. (requested by furaihai)
|
|t:|1641889410
|start
|switch|p1a: Gastrodon|Gastrodon, F|100/100
|switch|p2a: Tapu Koko|Tapu Koko|100/100
|-fieldstart|move: Electric Terrain|[from] ability: Electric Surge|[of] p2a: Tapu Koko
|turn|1
|
|t:|1641889417
|move|p2a: Tapu Koko|Grass Knot|p1a: Gastrodon
|-supereffective|p1a: Gastrodon
|-damage|p1a: Gastrodon|44/100
|move|p1a: Gastrodon|Earth Power|p2a: Tapu Koko
|-supereffective|p2a: Tapu Koko
|-damage|p2a: Tapu Koko|13/100
|
|-heal|p1a: Gastrodon|50/100|[from] item: Leftovers
|upkeep
|turn|2
|
|t:|1641889426
|switch|p1a: Excadrill|Excadrill, F|100/100
|-ability|p1a: Excadrill|Mold Breaker
|move|p2a: Tapu Koko|Grass Knot|p1a: Excadrill
|-damage|p1a: Excadrill|88/100
|
|-heal|p1a: Excadrill|94/100|[from] item: Leftovers
|upkeep
|turn|3
|
|t:|1641889453
|switch|p2a: Garchomp|Garchomp, F|100/100
|move|p1a: Excadrill|Stealth Rock|p2a: Garchomp
|-sidestart|p2: ooovlbooo|move: Stealth Rock
|
|-heal|p1a: Excadrill|99/100|[from] item: Leftovers
|upkeep
|turn|4
|
|t:|1641889464
|move|p2a: Garchomp|Earthquake|p1a: Excadrill
|-supereffective|p1a: Excadrill
|-crit|p1a: Excadrill
|-damage|p1a: Excadrill|0 fnt
|faint|p1a: Excadrill
|
|upkeep
|
|t:|1641889467
|switch|p1a: Gastrodon|Gastrodon, F|50/100
|turn|5
|
|t:|1641889470
|move|p2a: Garchomp|Toxic|p1a: Gastrodon
|-status|p1a: Gastrodon|tox
|move|p1a: Gastrodon|Recover|p1a: Gastrodon
|-heal|p1a: Gastrodon|99/100 tox
|
|-heal|p1a: Gastrodon|100/100 tox|[from] item: Leftovers
|-damage|p1a: Gastrodon|94/100 tox|[from] psn
|-fieldend|move: Electric Terrain
|upkeep
|turn|6
|
|t:|1641889484
|switch|p2a: Mandibuzz|Mandibuzz, F|100/100
|switch|p1a: Togekiss|Togekiss, F|100/100
|
|upkeep
|turn|7
|
|t:|1641889490
|move|p1a: Togekiss|Nasty Plot|p1a: Togekiss
|-boost|p1a: Togekiss|spa|2
|move|p2a: Mandibuzz|Defog|p1a: Togekiss
|-unboost|p1a: Togekiss|evasion|1
|-sideend|p2: ooovlbooo|Stealth Rock|[from] move: Defog|[of] p2a: Mandibuzz
|
|upkeep
|turn|8
|
|t:|1641889496
|move|p1a: Togekiss|Air Slash|p2a: Mandibuzz
|-damage|p2a: Mandibuzz|49/100
|cant|p2a: Mandibuzz|flinch
|
|upkeep
|turn|9
|
|t:|1641889502
|switch|p2a: Scizor|Scizor, F|100/100
|move|p1a: Togekiss|Air Slash|p2a: Scizor
|-damage|p2a: Scizor|59/100
|
|upkeep
|turn|10
|
|t:|1641889507
|move|p2a: Scizor|Bullet Punch|p1a: Togekiss
|-supereffective|p1a: Togekiss
|-damage|p1a: Togekiss|54/100
|move|p1a: Togekiss|Air Slash|p2a: Scizor
|-damage|p2a: Scizor|12/100
|
|upkeep
|turn|11
|
|t:|1641889514
|move|p2a: Scizor|Bullet Punch|p1a: Togekiss
|-supereffective|p1a: Togekiss
|-damage|p1a: Togekiss|11/100
|move|p1a: Togekiss|Roost|p1a: Togekiss
|-heal|p1a: Togekiss|61/100
|-singleturn|p1a: Togekiss|move: Roost
|
|upkeep
|turn|12
|
|t:|1641889520
|move|p2a: Scizor|Bullet Punch|p1a: Togekiss
|-supereffective|p1a: Togekiss
|-damage|p1a: Togekiss|16/100
|move|p1a: Togekiss|Air Slash|p2a: Scizor
|-damage|p2a: Scizor|0 fnt
|faint|p2a: Scizor
|
|upkeep
|
|t:|1641889526
|switch|p2a: Weavile|Weavile, M|100/100
|-ability|p2a: Weavile|Pressure
|turn|13
|
|t:|1641889531
|switch|p1a: Skarmory|Skarmory, M|100/100
|move|p2a: Weavile|Knock Off|p1a: Skarmory
|-damage|p1a: Skarmory|74/100
|-damage|p2a: Weavile|84/100|[from] item: Rocky Helmet|[of] p1a: Skarmory
|-enditem|p1a: Skarmory|Rocky Helmet|[from] move: Knock Off|[of] p2a: Weavile
|
|upkeep
|turn|14
|
|t:|1641889538
|switch|p2a: Marowak|Marowak-Alola, M|100/100
|move|p1a: Skarmory|Stealth Rock|p2a: Marowak
|-sidestart|p2: ooovlbooo|move: Stealth Rock
|
|upkeep
|turn|15
|
|t:|1641889546
|switch|p1a: Chandelure|Chandelure, F|100/100
|move|p2a: Marowak|Flare Blitz|p1a: Chandelure
|-start|p1a: Chandelure|ability: Flash Fire
|
|upkeep
|turn|16
|
|t:|1641889556
|switch|p2a: Garchomp|Garchomp, F|100/100
|-damage|p2a: Garchomp|94/100|[from] Stealth Rock
|move|p1a: Chandelure|Shadow Ball|p2a: Garchomp
|-damage|p2a: Garchomp|58/100
|
|-heal|p2a: Garchomp|64/100|[from] item: Leftovers
|upkeep
|turn|17
|
|t:|1641889572
|-end|p1a: Chandelure|ability: Flash Fire|[silent]
|switch|p1a: Togekiss|Togekiss, F|16/100
|move|p2a: Garchomp|Stealth Rock|p1a: Togekiss
|-sidestart|p1: furaihai|move: Stealth Rock
|
|-heal|p2a: Garchomp|70/100|[from] item: Leftovers
|upkeep
|turn|18
|inactive|ooovlbooo has 120 seconds left.
|
|t:|1641889601
|move|p1a: Togekiss|Roost|p1a: Togekiss
|-heal|p1a: Togekiss|66/100
|-singleturn|p1a: Togekiss|move: Roost
|move|p2a: Garchomp|Toxic|p1a: Togekiss
|-status|p1a: Togekiss|tox
|
|-heal|p2a: Garchomp|76/100|[from] item: Leftovers
|-damage|p1a: Togekiss|60/100 tox|[from] psn
|upkeep
|turn|19
|inactive|ooovlbooo has 120 seconds left.
|
|t:|1641889619
|switch|p2a: Weavile|Weavile, M|84/100
|-damage|p2a: Weavile|59/100|[from] Stealth Rock
|-ability|p2a: Weavile|Pressure
|move|p1a: Togekiss|Heal Bell|p1a: Togekiss
|-activate|p1a: Togekiss|move: Heal Bell
|-curestatus|p1a: Togekiss|tox|[msg]
|-curestatus|p1: Gastrodon|tox|[msg]
|
|upkeep
|turn|20
|inactive|ooovlbooo has 120 seconds left.
|
|t:|1641889634
|switch|p1a: Skarmory|Skarmory, M|74/100
|-damage|p1a: Skarmory|61/100|[from] Stealth Rock
|move|p2a: Weavile|Knock Off|p1a: Skarmory
|-crit|p1a: Skarmory
|-damage|p1a: Skarmory|30/100
|
|upkeep
|turn|21
|inactive|ooovlbooo has 120 seconds left.
|
|t:|1641889640
|move|p2a: Weavile|Triple Axel|p1a: Skarmory
|-damage|p1a: Skarmory|25/100
|-damage|p1a: Skarmory|13/100
|-damage|p1a: Skarmory|0 fnt
|faint|p1a: Skarmory
|-hitcount|p1: Skarmory|3
|
|upkeep
|
|t:|1641889644
|switch|p1a: Kartana|Kartana|100/100
|-damage|p1a: Kartana|94/100|[from] Stealth Rock
|turn|22
|
|t:|1641889659
|switch|p2a: Mandibuzz|Mandibuzz, F|49/100
|move|p1a: Kartana|Swords Dance|p1a: Kartana
|-boost|p1a: Kartana|atk|2
|
|upkeep
|turn|23
|
|t:|1641889669
|move|p1a: Kartana|Knock Off|p2a: Mandibuzz
|-resisted|p2a: Mandibuzz
|-crit|p2a: Mandibuzz
|-damage|p2a: Mandibuzz|21/100
|-enditem|p2a: Mandibuzz|Heavy-Duty Boots|[from] move: Knock Off|[of] p1a: Kartana
|move|p2a: Mandibuzz|Defog|p1a: Kartana
|-unboost|p1a: Kartana|evasion|1
|-sideend|p1: furaihai|Stealth Rock|[from] move: Defog|[of] p2a: Mandibuzz
|-sideend|p2: ooovlbooo|Stealth Rock|[from] move: Defog|[of] p2a: Mandibuzz
|
|upkeep
|turn|24
|
|t:|1641889678
|switch|p2a: Garchomp|Garchomp, F|76/100
|move|p1a: Kartana|Sacred Sword|p2a: Garchomp
|-damage|p2a: Garchomp|35/100
|-damage|p1a: Kartana|82/100|[from] ability: Rough Skin|[of] p2a: Garchomp
|
|-heal|p2a: Garchomp|42/100|[from] item: Leftovers
|upkeep
|turn|25
|
|t:|1641889686
|move|p1a: Kartana|Leaf Blade|p2a: Garchomp
|-damage|p2a: Garchomp|0 fnt
|-damage|p1a: Kartana|69/100|[from] ability: Rough Skin|[of] p2a: Garchomp
|faint|p2a: Garchomp
|-ability|p1a: Kartana|Beast Boost|boost
|-boost|p1a: Kartana|spe|1
|
|upkeep
|
|t:|1641889697
|switch|p2a: Tapu Koko|Tapu Koko|13/100
|-fieldstart|move: Electric Terrain|[from] ability: Electric Surge|[of] p2a: Tapu Koko
|turn|26
|
|t:|1641889701
|move|p2a: Tapu Koko|Thunderbolt|p1a: Kartana
|-resisted|p1a: Kartana
|-damage|p1a: Kartana|0 fnt
|faint|p1a: Kartana
|
|upkeep
|inactive|furaihai has 120 seconds left.
|
|t:|1641889755
|switch|p1a: Gastrodon|Gastrodon, F|94/100
|turn|27
|
|t:|1641889765
|switch|p2a: Marowak|Marowak-Alola, M|100/100
|move|p1a: Gastrodon|Ice Beam|p2a: Marowak
|-resisted|p2a: Marowak
|-damage|p2a: Marowak|86/100
|
|-heal|p1a: Gastrodon|100/100|[from] item: Leftovers
|upkeep
|turn|28
|
|t:|1641889775
|switch|p1a: Togekiss|Togekiss, F|60/100
|move|p2a: Marowak|Poltergeist|p1a: Togekiss
|-activate|p1a: Togekiss|move: Poltergeist|Metronome
|-damage|p1a: Togekiss|0 fnt
|faint|p1a: Togekiss
|
|upkeep
|
|t:|1641889777
|switch|p1a: Chandelure|Chandelure, F|100/100
|turn|29
|
|t:|1641889790
|move|p1a: Chandelure|Shadow Ball|p2a: Marowak
|-supereffective|p2a: Marowak
|-damage|p2a: Marowak|0 fnt
|faint|p2a: Marowak
|
|upkeep
|
|t:|1641889804
|switch|p2a: Weavile|Weavile, M|59/100
|-ability|p2a: Weavile|Pressure
|turn|30
|
|t:|1641889811
|switch|p1a: Gastrodon|Gastrodon, F|100/100
|move|p2a: Weavile|Knock Off|p1a: Gastrodon
|-damage|p1a: Gastrodon|62/100
|-enditem|p1a: Gastrodon|Leftovers|[from] move: Knock Off|[of] p2a: Weavile
|
|-fieldend|move: Electric Terrain
|upkeep
|turn|31
|
|t:|1641889820
|move|p2a: Weavile|Swords Dance|p2a: Weavile
|-boost|p2a: Weavile|atk|2
|move|p1a: Gastrodon|Recover|p1a: Gastrodon
|-heal|p1a: Gastrodon|100/100
|
|upkeep
|turn|32
|
|t:|1641889825
|move|p2a: Weavile|Triple Axel|p1a: Gastrodon
|-damage|p1a: Gastrodon|85/100
|-damage|p1a: Gastrodon|51/100
|-damage|p1a: Gastrodon|5/100
|-hitcount|p1a: Gastrodon|3
|move|p1a: Gastrodon|Earth Power|p2a: Weavile
|-damage|p2a: Weavile|15/100
|
|upkeep
|turn|33
|
|t:|1641889837
|move|p2a: Weavile|Knock Off|p1a: Gastrodon
|-damage|p1a: Gastrodon|0 fnt
|faint|p1a: Gastrodon
|
|upkeep
|
|t:|1641889839
|switch|p1a: Chandelure|Chandelure, F|100/100
|turn|34
|
|t:|1641889844
|move|p1a: Chandelure|Overheat|p2a: Weavile
|-supereffective|p2a: Weavile
|-damage|p2a: Weavile|0 fnt
|-unboost|p1a: Chandelure|spa|2
|faint|p2a: Weavile
|
|upkeep
|
|t:|1641889863
|switch|p2a: Tapu Koko|Tapu Koko|13/100
|-fieldstart|move: Electric Terrain|[from] ability: Electric Surge|[of] p2a: Tapu Koko
|turn|35
|
|t:|1641889868
|move|p2a: Tapu Koko|Thunderbolt|p1a: Chandelure
|-damage|p1a: Chandelure|29/100
|move|p1a: Chandelure|Overheat|p2a: Tapu Koko
|-damage|p2a: Tapu Koko|0 fnt
|-unboost|p1a: Chandelure|spa|2
|faint|p2a: Tapu Koko
|
|upkeep
|
|t:|1641889875
|switch|p2a: Mandibuzz|Mandibuzz, F|21/100
|turn|36
|
|t:|1641889880
|move|p1a: Chandelure|Overheat|p2a: Mandibuzz
|-damage|p2a: Mandibuzz|0 fnt
|-unboost|p1a: Chandelure|spa|2
|faint|p2a: Mandibuzz
|
|win|furaihai
|raw|furaihai's rating: 1495 &rarr; <strong>1517</strong><br />(+22 for winning)
|raw|ooovlbooo's rating: 1524 &rarr; <strong>1502</strong><br />(-22 for losing)
|c|☆ooovlbooo|gg
|l|☆ooovlbooo
