|j|☆Beedrill<3Davis
|j|☆shibaal
|t:|1641729038
|gametype|singles
|player|p1|Beedrill<3Davis|169|1184
|player|p2|shibaal|2|1272
|teamsize|p1|2
|teamsize|p2|6
|gen|8
|tier|[Gen 8] OU
|rated|
|rule|Sleep Clause Mod: Limit one foe put to sleep
|rule|Species Clause: Limit one of each Pokémon
|rule|OHKO Clause: OHKO moves are banned
|rule|Evasion Moves Clause: Evasion moves are banned
|rule|Endless Battle Clause: Forcing endless battles is banned
|rule|HP Percentage Mod: HP is shown in percentages
|rule|Dynamax Clause: You cannot dynamax
|clearpoke
|poke|p1|Tapu Koko|
|poke|p1|Regigigas|
|poke|p2|Nihilego|
|poke|p2|Tapu Lele|
|poke|p2|Magnezone|
|poke|p2|Weavile, M|
|poke|p2|Slowbro, M|
|poke|p2|Landorus-Therian, M|
|teampreview
|c|☆Beedrill<3Davis|un un un
|inactive|Battle timer is ON: inactive players will automatically lose when time's up. (requested by Beedrill<3Davis)
|
|t:|1641729047
|start
|switch|p1a: Tapu Koko|Tapu Koko|100/100
|switch|p2a: Nihilego|Nihilego|100/100
|-fieldstart|move: Electric Terrain|[from] ability: Electric Surge|[of] p1a: Tapu Koko
|turn|1
|
|t:|1641729053
|move|p1a: Tapu Koko|Light Screen|p1a: Tapu Koko
|-sidestart|p1: Beedrill<3Davis|move: Light Screen
|move|p2a: Nihilego|Sludge Bomb|p1a: Tapu Koko
|-supereffective|p1a: Tapu Koko
|-damage|p1a: Tapu Koko|24/100
|
|upkeep
|turn|2
|c|☆shibaal|im actually kinda scared
|
|t:|1641729061
|move|p1a: Tapu Koko|Reflect|p1a: Tapu Koko
|-sidestart|p1: Beedrill<3Davis|Reflect
|move|p2a: Nihilego|Sludge Bomb|p1a: Tapu Koko
|-supereffective|p1a: Tapu Koko
|-damage|p1a: Tapu Koko|0 fnt
|faint|p1a: Tapu Koko
|-ability|p2a: Nihilego|Beast Boost|boost
|-boost|p2a: Nihilego|spa|1
|
|upkeep
|c|☆Beedrill<3Davis|good
|c|☆Beedrill<3Davis|you should be
|
|t:|1641729068
|switch|p1a: Regigigas|Regigigas|100/100
|-start|p1a: Regigigas|ability: Slow Start
|turn|3
|
|t:|1641729073
|switch|p2a: Landorus|Landorus-Therian, M|100/100
|-ability|p2a: Landorus|Intimidate|boost
|-unboost|p1a: Regigigas|atk|1
|move|p1a: Regigigas|Rock Polish|p1a: Regigigas
|-boost|p1a: Regigigas|spe|2
|
|upkeep
|turn|4
|
|t:|1641729080
|move|p2a: Landorus|Defog|p1a: Regigigas
|-unboost|p1a: Regigigas|evasion|1
|-sideend|p1: Beedrill<3Davis|Reflect
|-sideend|p1: Beedrill<3Davis|move: Light Screen
|-fieldend|move: Electric Terrain
|move|p1a: Regigigas|Power-Up Punch|p2a: Landorus
|-resisted|p2a: Landorus
|-damage|p2a: Landorus|98/100
|-boost|p1a: Regigigas|atk|1
|
|-heal|p2a: Landorus|100/100|[from] item: Leftovers
|upkeep
|turn|5
|
|t:|1641729089
|move|p2a: Landorus|U-turn|p1a: Regigigas
|-damage|p1a: Regigigas|82/100
|c|☆Beedrill<3Davis|gigas is a demon
|
|t:|1641729098
|switch|p2a: Slowbro|Slowbro, M|100/100|[from]move: U-turn
|move|p1a: Regigigas|Power-Up Punch|p2a: Slowbro
|-resisted|p2a: Slowbro
|-damage|p2a: Slowbro|97/100
|-boost|p1a: Regigigas|atk|1
|
|-heal|p1a: Regigigas|88/100|[from] item: Leftovers
|upkeep
|turn|6
|
|t:|1641729108
|move|p1a: Regigigas|Power-Up Punch|p2a: Slowbro
|-resisted|p2a: Slowbro
|-damage|p2a: Slowbro|91/100
|-boost|p1a: Regigigas|atk|1
|move|p2a: Slowbro|Teleport|p2a: Slowbro
|
|t:|1641729112
|switch|p2a: Landorus|Landorus-Therian, M|100/100|[from]move: Teleport
|-ability|p2a: Landorus|Intimidate|boost
|-unboost|p1a: Regigigas|atk|1
|
|-heal|p1a: Regigigas|94/100|[from] item: Leftovers
|upkeep
|turn|7
|
|t:|1641729119
|move|p2a: Landorus|U-turn|p1a: Regigigas
|-damage|p1a: Regigigas|78/100
|
|t:|1641729122
|switch|p2a: Slowbro|Slowbro, M|100/100|[from]move: U-turn
|move|p1a: Regigigas|Power-Up Punch|p2a: Slowbro
|-resisted|p2a: Slowbro
|-damage|p2a: Slowbro|95/100
|-boost|p1a: Regigigas|atk|1
|
|-heal|p1a: Regigigas|84/100|[from] item: Leftovers
|-end|p1a: Regigigas|Slow Start
|upkeep
|turn|8
|
|t:|1641729131
|switch|p2a: Landorus|Landorus-Therian, M|100/100
|-ability|p2a: Landorus|Intimidate|boost
|-unboost|p1a: Regigigas|atk|1
|move|p1a: Regigigas|Power-Up Punch|p2a: Landorus
|-resisted|p2a: Landorus
|-damage|p2a: Landorus|88/100
|-boost|p1a: Regigigas|atk|1
|
|-heal|p1a: Regigigas|90/100|[from] item: Leftovers
|-heal|p2a: Landorus|94/100|[from] item: Leftovers
|upkeep
|turn|9
|c|☆Beedrill<3Davis|this wont work forever
|
|t:|1641729142
|move|p1a: Regigigas|Crush Grip|p2a: Landorus
|-damage|p2a: Landorus|0 fnt
|faint|p2a: Landorus
|
|-heal|p1a: Regigigas|96/100|[from] item: Leftovers
|upkeep
|c|☆Beedrill<3Davis|UN UN UN
|
|t:|1641729152
|switch|p2a: Weavile|Weavile, M|100/100
|turn|10
|
|t:|1641729156
|move|p1a: Regigigas|Power-Up Punch|p2a: Weavile
|-supereffective|p2a: Weavile
|-damage|p2a: Weavile|0 fnt
|-boost|p1a: Regigigas|atk|1
|faint|p2a: Weavile
|
|-heal|p1a: Regigigas|100/100|[from] item: Leftovers
|upkeep
|c|☆shibaal|yep
|c|☆Beedrill<3Davis|UN UN UN
|c|☆shibaal|sad
|-message|shibaal forfeited.
|
|win|Beedrill<3Davis
|raw|Beedrill&lt;3Davis's rating: 1184 &rarr; <strong>1215</strong><br />(+31 for winning)
|raw|shibaal's rating: 1272 &rarr; <strong>1241</strong><br />(-31 for losing)
|l|☆shibaal
