|j|☆asdhashdiuhiuh nnn
|j|☆AronLover6000
|t:|1641841503
|gametype|singles
|player|p1|asdhashdiuhiuh nnn|rood|1052
|player|p2|AronLover6000|102|1000
|teamsize|p1|6
|teamsize|p2|6
|gen|8
|tier|[Gen 8] OU
|rated|
|rule|Sleep Clause Mod: Limit one foe put to sleep
|rule|Species Clause: Limit one of each Pokémon
|rule|OHKO Clause: OHKO moves are banned
|rule|Evasion Moves Clause: Evasion moves are banned
|rule|Endless Battle Clause: Forcing endless battles is banned
|rule|HP Percentage Mod: HP is shown in percentages
|rule|Dynamax Clause: You cannot dynamax
|clearpoke
|poke|p1|Latios, M|
|poke|p1|Corsola, F|
|poke|p1|Marowak-Alola, M|
|poke|p1|Appletun, M|
|poke|p1|Garchomp, F|
|poke|p1|Victini|
|poke|p2|Aron, L1, M|
|poke|p2|Lilligant, F|
|poke|p2|Ferrothorn, F|
|poke|p2|Alakazam, F|
|poke|p2|Togedemaru, L1, F|
|poke|p2|Pyukumuku, M|
|teampreview
|
|t:|1641841508
|start
|switch|p1a: un|Appletun, M|100/100
|switch|p2a: Ferrothorn|Ferrothorn, F|100/100
|-item|p1a: un|Air Balloon
|turn|1
|
|t:|1641841515
|move|p1a: un|Safeguard|p1a: un
|-sidestart|p1: asdhashdiuhiuh nnn|Safeguard
|move|p2a: Ferrothorn|Knock Off|p1a: un
|-damage|p1a: un|77/100
|-enditem|p1a: un|Air Balloon
|
|upkeep
|turn|2
|
|t:|1641841525
|move|p1a: un|Reflect|p1a: un
|-sidestart|p1: asdhashdiuhiuh nnn|Reflect
|move|p2a: Ferrothorn|Toxic|p1a: un
|-activate|p1a: un|move: Safeguard
|
|upkeep
|turn|3
|
|t:|1641841531
|move|p1a: un|Iron Defense|p1a: un
|-boost|p1a: un|def|2
|move|p2a: Ferrothorn|Gyro Ball|p1a: un
|-damage|p1a: un|72/100
|
|upkeep
|turn|4
|
|t:|1641841544
|switch|p2a: Lilligant|Lilligant, F|100/100
|move|p1a: un|Iron Defense|p1a: un
|-boost|p1a: un|def|2
|
|upkeep
|turn|5
|
|t:|1641841551
|move|p2a: Lilligant|Teeter Dance|p1a: un
|-activate|p1a: un|move: Safeguard
|move|p1a: un|Apple Acid|p2a: Lilligant
|-resisted|p2a: Lilligant
|-damage|p2a: Lilligant|85/100
|-unboost|p2a: Lilligant|spd|1
|
|-sideend|p1: asdhashdiuhiuh nnn|Safeguard
|upkeep
|turn|6
|
|t:|1641841573
|switch|p2a: Alakazam|Alakazam, F|100/100
|move|p1a: un|Safeguard|p1a: un
|-sidestart|p1: asdhashdiuhiuh nnn|Safeguard
|
|-sideend|p1: asdhashdiuhiuh nnn|Reflect
|upkeep
|turn|7
|
|t:|1641841580
|move|p2a: Alakazam|Skill Swap|p1a: un
|-activate|p2a: Alakazam|move: Skill Swap|Thick Fat|Inner Focus|[of] p1a: un
|move|p1a: un|Apple Acid|p2a: Alakazam
|-damage|p2a: Alakazam|68/100
|-unboost|p2a: Alakazam|spd|1
|
|upkeep
|turn|8
|
|t:|1641841588
|move|p2a: Alakazam|Disable|p1a: un
|-start|p1a: un|Disable|Apple Acid
|cant|p1a: un|Disable|Apple Acid
|
|upkeep
|turn|9
|
|t:|1641841594
|move|p2a: Alakazam|Toxic|p1a: un
|-activate|p1a: un|move: Safeguard
|move|p1a: un|Reflect|p1a: un
|-sidestart|p1: asdhashdiuhiuh nnn|Reflect
|
|upkeep
|turn|10
|
|t:|1641841606
|switch|p2a: Ferrothorn|Ferrothorn, F|100/100
|move|p1a: un|Iron Defense|p1a: un
|-boost|p1a: un|def|2
|
|-sideend|p1: asdhashdiuhiuh nnn|Safeguard
|upkeep
|turn|11
|
|t:|1641841612
|move|p1a: un|Reflect||[still]
|-fail|p1a: un
|move|p2a: Ferrothorn|Knock Off|p1a: un
|-damage|p1a: un|70/100
|
|-end|p1a: un|Disable
|upkeep
|turn|12
|
|t:|1641841635
|switch|p2a: Alakazam|Alakazam, F|68/100
|move|p1a: un|Apple Acid|p2a: Alakazam
|-damage|p2a: Alakazam|35/100
|-unboost|p2a: Alakazam|spd|1
|
|upkeep
|turn|13
|
|t:|1641841643
|move|p2a: Alakazam|Disable|p1a: un
|-start|p1a: un|Disable|Apple Acid
|move|p1a: un|Safeguard|p1a: un
|-sidestart|p1: asdhashdiuhiuh nnn|Safeguard
|
|-sideend|p1: asdhashdiuhiuh nnn|Reflect
|upkeep
|turn|14
|
|t:|1641841651
|switch|p2a: My Beloved|Aron, L1, M, shiny|100/100
|move|p1a: un|Reflect|p1a: un
|-sidestart|p1: asdhashdiuhiuh nnn|Reflect
|
|upkeep
|turn|15
|
|t:|1641841657
|move|p1a: un|Iron Defense|p1a: un
|-boost|p1a: un|def|0
|move|p2a: My Beloved|Roar|p1a: un
|drag|p1a: ak|Marowak-Alola, M, shiny|100/100
|
|upkeep
|turn|16
|
|t:|1641841664
|move|p1a: ak|Fire Blast|p2a: My Beloved
|-ability|p2a: My Beloved|Sturdy
|-damage|p2a: My Beloved|9/100
|move|p2a: My Beloved|Endeavor|p1a: ak
|-immune|p1a: ak
|
|upkeep
|turn|17
|c|☆AronLover6000|Im such a noob lol
|c|☆asdhashdiuhiuh nnn|its cool lmao
|c|☆asdhashdiuhiuh nnn|im bad too
|
|t:|1641841693
|switch|p2a: Pyukumuku|Pyukumuku, M|100/100
|move|p1a: ak|Bonemerang|p2a: Pyukumuku
|-damage|p2a: Pyukumuku|79/100
|-damage|p2a: Pyukumuku|56/100
|-hitcount|p2a: Pyukumuku|2
|
|-heal|p2a: Pyukumuku|62/100|[from] item: Leftovers
|-sideend|p1: asdhashdiuhiuh nnn|Safeguard
|upkeep
|turn|18
|
|t:|1641841702
|switch|p1a: un|Appletun, M|70/100
|move|p2a: Pyukumuku|Toxic|p1a: un
|-status|p1a: un|tox
|
|-heal|p2a: Pyukumuku|68/100|[from] item: Leftovers
|-damage|p1a: un|64/100 tox|[from] psn
|-sideend|p1: asdhashdiuhiuh nnn|Reflect
|upkeep
|turn|19
|
|t:|1641841711
|move|p1a: un|Apple Acid|p2a: Pyukumuku
|-supereffective|p2a: Pyukumuku
|-damage|p2a: Pyukumuku|32/100
|-unboost|p2a: Pyukumuku|spd|1
|move|p2a: Pyukumuku|Substitute|p2a: Pyukumuku
|-start|p2a: Pyukumuku|Substitute
|-damage|p2a: Pyukumuku|7/100
|
|-heal|p2a: Pyukumuku|13/100|[from] item: Leftovers
|-damage|p1a: un|52/100 tox|[from] psn
|upkeep
|turn|20
|
|t:|1641841721
|move|p2a: Pyukumuku|Protect|p2a: Pyukumuku
|-singleturn|p2a: Pyukumuku|Protect
|move|p1a: un|Apple Acid|p2a: Pyukumuku
|-activate|p2a: Pyukumuku|move: Protect
|
|-heal|p2a: Pyukumuku|19/100|[from] item: Leftovers
|-damage|p1a: un|34/100 tox|[from] psn
|upkeep
|turn|21
|
|t:|1641841731
|move|p1a: un|Apple Acid|p2a: Pyukumuku
|-supereffective|p2a: Pyukumuku
|-end|p2a: Pyukumuku|Substitute
|move|p2a: Pyukumuku|Recover|p2a: Pyukumuku
|-heal|p2a: Pyukumuku|69/100
|
|-heal|p2a: Pyukumuku|75/100|[from] item: Leftovers
|-damage|p1a: un|9/100 tox|[from] psn
|upkeep
|turn|22
|
|t:|1641841740
|move|p2a: Pyukumuku|Protect|p2a: Pyukumuku
|-singleturn|p2a: Pyukumuku|Protect
|move|p1a: un|Apple Acid|p2a: Pyukumuku
|-activate|p2a: Pyukumuku|move: Protect
|
|-heal|p2a: Pyukumuku|81/100|[from] item: Leftovers
|-damage|p1a: un|0 fnt|[from] psn
|faint|p1a: un
|upkeep
|
|t:|1641841749
|switch|p1a: mp|Garchomp, F|100/100
|turn|23
|
|t:|1641841756
|switch|p2a: Lilligant|Lilligant, F|85/100
|move|p1a: mp|Poison Jab|p2a: Lilligant
|-supereffective|p2a: Lilligant
|-damage|p2a: Lilligant|12/100
|
|upkeep
|turn|24
|
|t:|1641841771
|switch|p2a: Ferrothorn|Ferrothorn, F|100/100
|move|p1a: mp|Dig||[still]
|-prepare|p1a: mp|Dig
|
|upkeep
|turn|25
|
|t:|1641841790
|move|p1a: mp|Dig|p2a: Ferrothorn|[from]lockedmove
|-damage|p2a: Ferrothorn|70/100
|-damage|p1a: mp|88/100|[from] ability: Iron Barbs|[of] p2a: Ferrothorn
|-damage|p1a: mp|72/100|[from] item: Rocky Helmet|[of] p2a: Ferrothorn
|move|p2a: Ferrothorn|Gyro Ball|p1a: mp
|-damage|p1a: mp|13/100
|-damage|p2a: Ferrothorn|58/100|[from] ability: Rough Skin|[of] p1a: mp
|-damage|p2a: Ferrothorn|41/100|[from] item: Rocky Helmet|[of] p1a: mp
|
|upkeep
|turn|26
|
|t:|1641841802
|switch|p1a: os|Latios, M|100/100
|move|p2a: Ferrothorn|Leech Seed|p1a: os
|-start|p1a: os|move: Leech Seed
|
|-damage|p1a: os|88/100|[from] Leech Seed|[of] p2a: Ferrothorn
|-heal|p2a: Ferrothorn|53/100|[silent]
|upkeep
|turn|27
|
|t:|1641841810
|move|p1a: os|Air Slash|p2a: Ferrothorn
|-damage|p2a: Ferrothorn|28/100
|move|p2a: Ferrothorn|Knock Off|p1a: os
|-supereffective|p1a: os
|-damage|p1a: os|14/100
|-enditem|p1a: os|Soul Dew|[from] move: Knock Off|[of] p2a: Ferrothorn
|
|-damage|p1a: os|2/100|[from] Leech Seed|[of] p2a: Ferrothorn
|-heal|p2a: Ferrothorn|40/100|[silent]
|upkeep
|turn|28
|
|t:|1641841821
|move|p1a: os|Luster Purge|p2a: Ferrothorn
|-resisted|p2a: Ferrothorn
|-damage|p2a: Ferrothorn|23/100
|move|p2a: Ferrothorn|Toxic|p1a: os|[miss]
|-miss|p2a: Ferrothorn|p1a: os
|
|-damage|p1a: os|0 fnt|[from] Leech Seed|[of] p2a: Ferrothorn
|-heal|p2a: Ferrothorn|24/100|[silent]
|faint|p1a: os
|upkeep
|
|t:|1641841832
|switch|p1a: i|Victini|100/100
|turn|29
|
|t:|1641841841
|move|p1a: i|Blue Flare|p2a: Ferrothorn
|-supereffective|p2a: Ferrothorn
|-damage|p2a: Ferrothorn|0 fnt
|faint|p2a: Ferrothorn
|
|upkeep
|
|t:|1641841848
|switch|p2a: Togedemaru|Togedemaru, L1, F|100/100
|turn|30
|
|t:|1641841852
|move|p1a: i|Blue Flare|p2a: Togedemaru
|-supereffective|p2a: Togedemaru
|-ability|p2a: Togedemaru|Sturdy
|-damage|p2a: Togedemaru|8/100
|move|p2a: Togedemaru|Endeavor|p1a: i
|-damage|p1a: i|1/100
|-heal|p2a: Togedemaru|100/100|[from] item: Shell Bell|[of] p1a: i
|
|upkeep
|turn|31
|
|t:|1641841868
|switch|p2a: Pyukumuku|Pyukumuku, M|81/100
|move|p1a: i|V-create|p2a: Pyukumuku
|-resisted|p2a: Pyukumuku
|-damage|p2a: Pyukumuku|46/100
|-unboost|p1a: i|spe|1
|-unboost|p1a: i|def|1
|-unboost|p1a: i|spd|1
|
|-heal|p2a: Pyukumuku|52/100|[from] item: Leftovers
|upkeep
|turn|32
|
|t:|1641841880
|switch|p1a: a|Corsola, F, shiny|100/100
|move|p2a: Pyukumuku|Toxic|p1a: a
|-status|p1a: a|tox
|
|-heal|p2a: Pyukumuku|58/100|[from] item: Leftovers
|-damage|p1a: a|95/100 tox|[from] psn
|upkeep
|turn|33
|
|t:|1641841893
|move|p1a: a|Earthquake|p2a: Pyukumuku
|-damage|p2a: Pyukumuku|20/100
|move|p2a: Pyukumuku|Substitute|p2a: Pyukumuku
|-fail|p2a: Pyukumuku|move: Substitute|[weak]
|
|-heal|p2a: Pyukumuku|26/100|[from] item: Leftovers
|-damage|p1a: a|83/100 tox|[from] psn
|upkeep
|turn|34
|
|t:|1641841907
|switch|p2a: Lilligant|Lilligant, F|12/100
|move|p1a: a|Earthquake|p2a: Lilligant
|-resisted|p2a: Lilligant
|-damage|p2a: Lilligant|0 fnt
|faint|p2a: Lilligant
|
|-damage|p1a: a|65/100 tox|[from] psn
|upkeep
|
|t:|1641841915
|switch|p2a: Togedemaru|Togedemaru, L1, F|100/100
|turn|35
|
|t:|1641841920
|move|p1a: a|Earthquake|p2a: Togedemaru|[miss]
|-miss|p1a: a|p2a: Togedemaru
|move|p2a: Togedemaru|Wish|p2a: Togedemaru
|
|-damage|p1a: a|41/100 tox|[from] psn
|upkeep
|turn|36
|
|t:|1641841930
|switch|p2a: Alakazam|Alakazam, F|35/100
|move|p1a: a|Earthquake|p2a: Alakazam
|-damage|p2a: Alakazam|0 fnt
|faint|p2a: Alakazam
|
|-damage|p1a: a|12/100 tox|[from] psn
|upkeep
|
|t:|1641841941
|switch|p2a: Pyukumuku|Pyukumuku, M|26/100
|turn|37
|
|t:|1641841945
|move|p2a: Pyukumuku|Protect|p2a: Pyukumuku
|-singleturn|p2a: Pyukumuku|Protect
|move|p1a: a|Earthquake|p2a: Pyukumuku
|-activate|p2a: Pyukumuku|move: Protect
|
|-heal|p2a: Pyukumuku|32/100|[from] item: Leftovers
|-damage|p1a: a|0 fnt|[from] psn
|faint|p1a: a
|upkeep
|
|t:|1641841954
|switch|p1a: ak|Marowak-Alola, M, shiny|100/100
|turn|38
|
|t:|1641841960
|move|p1a: ak|Knock Off|p2a: Pyukumuku
|-damage|p2a: Pyukumuku|0 fnt
|-damage|p1a: ak|62/100|[from] ability: Innards Out|[of] p2a: Pyukumuku
|-enditem|p2a: Pyukumuku|Leftovers|[from] move: Knock Off|[of] p1a: ak
|faint|p2a: Pyukumuku
|
|upkeep
|
|t:|1641841968
|switch|p2a: Togedemaru|Togedemaru, L1, F|100/100
|turn|39
|
|t:|1641841975
|move|p1a: ak|Bonemerang|p2a: Togedemaru
|-supereffective|p2a: Togedemaru
|-ability|p2a: Togedemaru|Sturdy
|-damage|p2a: Togedemaru|8/100
|-supereffective|p2a: Togedemaru
|-damage|p2a: Togedemaru|0 fnt
|faint|p2a: Togedemaru
|-hitcount|p2: Togedemaru|2
|
|upkeep
|
|t:|1641841983
|switch|p2a: My Beloved|Aron, L1, M, shiny|9/100
|turn|40
|c|☆AronLover6000|ggs xd
|
|t:|1641841989
|move|p1a: ak|Knock Off|p2a: My Beloved
|-damage|p2a: My Beloved|0 fnt
|-enditem|p2a: My Beloved|Shell Bell|[from] move: Knock Off|[of] p1a: ak
|faint|p2a: My Beloved
|
|win|asdhashdiuhiuh nnn
|raw|asdhashdiuhiuh nnn's rating: 1052 &rarr; <strong>1079</strong><br />(+27 for winning)
|raw|AronLover6000's rating: 1000 &rarr; <strong>1000</strong><br />(+0 for losing)
|c|☆asdhashdiuhiuh nnn|ggs lol
