|j|☆Brightrise
|j|☆Testing335r
|t:|1641863280
|gametype|singles
|player|p1|Brightrise|veteranf|
|player|p2|Testing335r|ingo|
|teamsize|p1|6
|teamsize|p2|6
|gen|8
|tier|[Gen 8] OU
|rule|Sleep Clause Mod: Limit one foe put to sleep
|rule|Species Clause: Limit one of each Pokémon
|rule|OHKO Clause: OHKO moves are banned
|rule|Evasion Moves Clause: Evasion moves are banned
|rule|Endless Battle Clause: Forcing endless battles is banned
|rule|HP Percentage Mod: HP is shown in percentages
|rule|Dynamax Clause: You cannot dynamax
|clearpoke
|poke|p1|Ninetales-Alola, M|
|poke|p1|Garchomp, M|
|poke|p1|Scizor, M|
|poke|p1|Magnezone|
|poke|p1|Moltres-Galar|
|poke|p1|Dragapult, F|
|poke|p2|Excadrill, M|
|poke|p2|Regieleki|
|poke|p2|Moltres-Galar|
|poke|p2|Nihilego|
|poke|p2|Cloyster, M|
|poke|p2|Volcarona, M|
|teampreview
|
|t:|1641863311
|start
|switch|p1a: Ninetales|Ninetales-Alola, M|100/100
|switch|p2a: Excadrill|Excadrill, M|100/100
|-weather|Hail|[from] ability: Snow Warning|[of] p1a: Ninetales
|-ability|p2a: Excadrill|Mold Breaker
|turn|1
|c|☆Testing335r|dale
|
|t:|1641863316
|move|p1a: Ninetales|Aurora Veil|p1a: Ninetales
|-sidestart|p1: Brightrise|move: Aurora Veil
|move|p2a: Excadrill|Stealth Rock|p1a: Ninetales
|-sidestart|p1: Brightrise|move: Stealth Rock
|
|-weather|Hail|[upkeep]
|-damage|p2a: Excadrill|94/100|[from] Hail
|upkeep
|turn|2
|
|t:|1641863323
|switch|p1a: Scizor|Scizor, M|100/100
|-damage|p1a: Scizor|88/100|[from] Stealth Rock
|move|p2a: Excadrill|Toxic|p1a: Scizor
|-immune|p1a: Scizor
|
|-weather|Hail|[upkeep]
|-damage|p2a: Excadrill|88/100|[from] Hail
|-damage|p1a: Scizor|82/100|[from] Hail
|-heal|p1a: Scizor|88/100|[from] item: Leftovers
|upkeep
|turn|3
|
|t:|1641863328
|switch|p2a: Volcarona|Volcarona, M|100/100
|move|p1a: Scizor|U-turn|p2a: Volcarona
|-resisted|p2a: Volcarona
|-damage|p2a: Volcarona|85/100
|
|t:|1641863333
|switch|p1a: Dragapult|Dragapult, F|100/100|[from]move: U-turn
|-damage|p1a: Dragapult|88/100|[from] Stealth Rock
|
|-weather|Hail|[upkeep]
|-damage|p1a: Dragapult|82/100|[from] Hail
|-damage|p2a: Volcarona|79/100|[from] Hail
|upkeep
|turn|4
|
|t:|1641863340
|switch|p2a: Excadrill|Excadrill, M|88/100
|-ability|p2a: Excadrill|Mold Breaker
|move|p1a: Dragapult|Substitute|p1a: Dragapult
|-start|p1a: Dragapult|Substitute
|-damage|p1a: Dragapult|57/100
|
|-weather|Hail|[upkeep]
|-damage|p1a: Dragapult|51/100|[from] Hail
|-damage|p2a: Excadrill|82/100|[from] Hail
|upkeep
|turn|5
|
|t:|1641863343
|move|p1a: Dragapult|Dragon Dance|p1a: Dragapult
|-boost|p1a: Dragapult|atk|1
|-boost|p1a: Dragapult|spe|1
|move|p2a: Excadrill|Earthquake|p1a: Dragapult
|-end|p1a: Dragapult|Substitute
|
|-weather|none
|upkeep
|turn|6
|
|t:|1641863347
|move|p1a: Dragapult|Phantom Force||[still]
|-prepare|p1a: Dragapult|Phantom Force
|move|p2a: Excadrill|Earthquake|p1a: Dragapult|[miss]
|-miss|p2a: Excadrill|p1a: Dragapult
|
|upkeep
|turn|7
|
|t:|1641863351
|move|p1a: Dragapult|Phantom Force|p2a: Excadrill|[from]lockedmove
|-damage|p2a: Excadrill|0 fnt
|faint|p2a: Excadrill
|
|upkeep
|
|t:|1641863353
|switch|p2a: Cloyster|Cloyster, M|100/100
|turn|8
|
|t:|1641863357
|move|p1a: Dragapult|Dragon Darts|p2a: Cloyster
|-damage|p2a: Cloyster|69/100
|-anim|p1a: Dragapult|Dragon Darts|p2a: Cloyster
|-damage|p2a: Cloyster|31/100
|move|p2a: Cloyster|Icicle Spear|p1a: Dragapult
|-supereffective|p1a: Dragapult
|-damage|p1a: Dragapult|37/100
|-enditem|p1a: Dragapult|Weakness Policy
|-boost|p1a: Dragapult|atk|2|[from] item: Weakness Policy
|-boost|p1a: Dragapult|spa|2|[from] item: Weakness Policy
|-supereffective|p1a: Dragapult
|-damage|p1a: Dragapult|24/100
|-supereffective|p1a: Dragapult
|-damage|p1a: Dragapult|9/100
|-supereffective|p1a: Dragapult
|-damage|p1a: Dragapult|0 fnt
|faint|p1a: Dragapult
|-hitcount|p1: Dragapult|4
|
|-sideend|p1: Brightrise|move: Aurora Veil
|upkeep
|
|t:|1641863370
|switch|p1a: Ninetales|Ninetales-Alola, M|100/100
|-damage|p1a: Ninetales|76/100|[from] Stealth Rock
|-weather|Hail|[from] ability: Snow Warning|[of] p1a: Ninetales
|turn|9
|
|t:|1641863374
|move|p1a: Ninetales|Freeze-Dry|p2a: Cloyster
|-damage|p2a: Cloyster|0 fnt
|faint|p2a: Cloyster
|
|-weather|Hail|[upkeep]
|upkeep
|
|t:|1641863378
|switch|p2a: Volcarona|Volcarona, M|79/100
|turn|10
|
|t:|1641863383
|move|p1a: Ninetales|Aurora Veil|p1a: Ninetales
|-sidestart|p1: Brightrise|move: Aurora Veil
|move|p2a: Volcarona|Quiver Dance|p2a: Volcarona
|-boost|p2a: Volcarona|spa|1
|-boost|p2a: Volcarona|spd|1
|-boost|p2a: Volcarona|spe|1
|
|-weather|Hail|[upkeep]
|-damage|p2a: Volcarona|73/100|[from] Hail
|upkeep
|turn|11
|
|t:|1641863390
|move|p2a: Volcarona|Psychic|p1a: Ninetales
|-damage|p1a: Ninetales|55/100
|move|p1a: Ninetales|Encore|p2a: Volcarona
|-start|p2a: Volcarona|Encore
|
|-weather|Hail|[upkeep]
|-damage|p2a: Volcarona|67/100|[from] Hail
|upkeep
|turn|12
|
|t:|1641863393
|switch|p1a: Moltres|Moltres-Galar|100/100
|-damage|p1a: Moltres|76/100|[from] Stealth Rock
|move|p2a: Volcarona|Psychic|p1a: Moltres
|-immune|p1a: Moltres
|
|-weather|Hail|[upkeep]
|-damage|p2a: Volcarona|61/100|[from] Hail
|-damage|p1a: Moltres|69/100|[from] Hail
|upkeep
|turn|13
|
|t:|1641863396
|switch|p2a: Regieleki|Regieleki|100/100
|move|p1a: Moltres|Agility|p1a: Moltres
|-boost|p1a: Moltres|spe|2
|
|-weather|none
|upkeep
|turn|14
|
|t:|1641863400
|move|p1a: Moltres|Fiery Wrath|p2a: Regieleki
|-damage|p2a: Regieleki|34/100
|move|p2a: Regieleki|Light Screen|p2a: Regieleki
|-sidestart|p2: Testing335r|move: Light Screen
|
|upkeep
|turn|15
|
|t:|1641863405
|move|p1a: Moltres|Fiery Wrath|p2a: Regieleki
|-damage|p2a: Regieleki|0 fnt
|faint|p2a: Regieleki
|
|upkeep
|
|t:|1641863414
|switch|p2a: Nihilego|Nihilego|100/100
|turn|16
|
|t:|1641863421
|move|p1a: Moltres|Fiery Wrath|p2a: Nihilego
|-damage|p2a: Nihilego|86/100
|move|p2a: Nihilego|Meteor Beam||[still]
|-prepare|p2a: Nihilego|Meteor Beam
|-boost|p2a: Nihilego|spa|1
|-enditem|p2a: Nihilego|Power Herb
|-anim|p2a: Nihilego|Meteor Beam|p1a: Moltres
|-supereffective|p1a: Moltres
|-damage|p1a: Moltres|0 fnt
|faint|p1a: Moltres
|-ability|p2a: Nihilego|Beast Boost|boost
|-boost|p2a: Nihilego|spe|1
|
|upkeep
|
|t:|1641863425
|switch|p1a: Garchomp|Garchomp, M|100/100
|-damage|p1a: Garchomp|94/100|[from] Stealth Rock
|turn|17
|
|t:|1641863428
|move|p2a: Nihilego|Sludge Wave|p1a: Garchomp
|-resisted|p1a: Garchomp
|-damage|p1a: Garchomp|76/100
|move|p1a: Garchomp|Earthquake|p2a: Nihilego
|-supereffective|p2a: Nihilego
|-damage|p2a: Nihilego|0 fnt
|faint|p2a: Nihilego
|
|-heal|p1a: Garchomp|82/100|[from] item: Leftovers
|-sideend|p1: Brightrise|move: Aurora Veil
|upkeep
|
|t:|1641863434
|switch|p2a: Moltres|Moltres-Galar|100/100
|turn|18
|
|t:|1641863437
|move|p1a: Garchomp|Swords Dance|p1a: Garchomp
|-boost|p1a: Garchomp|atk|2
|move|p2a: Moltres|Agility|p2a: Moltres
|-boost|p2a: Moltres|spe|2
|
|-heal|p1a: Garchomp|88/100|[from] item: Leftovers
|-sideend|p2: Testing335r|move: Light Screen
|upkeep
|turn|19
|
|t:|1641863440
|move|p2a: Moltres|Fiery Wrath|p1a: Garchomp
|-damage|p1a: Garchomp|43/100
|move|p1a: Garchomp|Scale Shot|p2a: Moltres
|-damage|p2a: Moltres|75/100
|-crit|p2a: Moltres
|-damage|p2a: Moltres|35/100
|-hitcount|p2a: Moltres|2
|-ability|p2a: Moltres|Berserk|boost
|-boost|p2a: Moltres|spa|1
|-unboost|p1a: Garchomp|def|1
|-boost|p1a: Garchomp|spe|1
|
|-heal|p1a: Garchomp|49/100|[from] item: Leftovers
|upkeep
|turn|20
|
|t:|1641863445
|move|p2a: Moltres|Fiery Wrath|p1a: Garchomp
|-damage|p1a: Garchomp|0 fnt
|faint|p1a: Garchomp
|
|upkeep
|
|t:|1641863451
|switch|p1a: Magnezone|Magnezone|100/100
|-damage|p1a: Magnezone|94/100|[from] Stealth Rock
|turn|21
|
|t:|1641863453
|move|p2a: Moltres|Fiery Wrath|p1a: Magnezone
|-damage|p1a: Magnezone|12/100
|move|p1a: Magnezone|Thunderbolt|p2a: Moltres
|-supereffective|p2a: Moltres
|-damage|p2a: Moltres|0 fnt
|faint|p2a: Moltres
|
|upkeep
|
|t:|1641863456
|switch|p2a: Volcarona|Volcarona, M|61/100
|turn|22
|
|t:|1641863459
|move|p2a: Volcarona|Flamethrower|p1a: Magnezone
|-supereffective|p1a: Magnezone
|-damage|p1a: Magnezone|0 fnt
|faint|p1a: Magnezone
|
|upkeep
|
|t:|1641863474
|switch|p1a: Scizor|Scizor, M|88/100
|-damage|p1a: Scizor|76/100|[from] Stealth Rock
|turn|23
|
|t:|1641863483
|move|p1a: Scizor|Bullet Punch|p2a: Volcarona
|-resisted|p2a: Volcarona
|-damage|p2a: Volcarona|48/100
|move|p2a: Volcarona|Flamethrower|p1a: Scizor
|-supereffective|p1a: Scizor
|-damage|p1a: Scizor|0 fnt
|faint|p1a: Scizor
|
|upkeep
|
|t:|1641863487
|switch|p1a: Ninetales|Ninetales-Alola, M|55/100
|-damage|p1a: Ninetales|30/100|[from] Stealth Rock
|-weather|Hail|[from] ability: Snow Warning|[of] p1a: Ninetales
|turn|24
|c|☆Testing335r|6-3
|c|☆Testing335r|gg
|
|t:|1641863491
|move|p1a: Ninetales|Freeze-Dry|p2a: Volcarona
|-resisted|p2a: Volcarona
|-damage|p2a: Volcarona|38/100
|move|p2a: Volcarona|Flamethrower|p1a: Ninetales
|-supereffective|p1a: Ninetales
|-damage|p1a: Ninetales|0 fnt
|faint|p1a: Ninetales
|
|win|Testing335r
