|j|☆Zerotti
|j|☆RebornedQueen
|t:|1641873688
|gametype|singles
|player|p1|Zerotti|juggler-gen2|1658
|player|p2|RebornedQueen|janine|1580
|teamsize|p1|6
|teamsize|p2|6
|gen|8
|tier|[Gen 8] OU
|rated|
|rule|Sleep Clause Mod: Limit one foe put to sleep
|rule|Species Clause: Limit one of each Pokémon
|rule|OHKO Clause: OHKO moves are banned
|rule|Evasion Moves Clause: Evasion moves are banned
|rule|Endless Battle Clause: Forcing endless battles is banned
|rule|HP Percentage Mod: HP is shown in percentages
|rule|Dynamax Clause: You cannot dynamax
|clearpoke
|poke|p1|Nidoking, M|
|poke|p1|Moltres-Galar|
|poke|p1|Tapu Lele|
|poke|p1|Tapu Fini|
|poke|p1|Buzzwole|
|poke|p1|Heatran, M|
|poke|p2|Tapu Fini|
|poke|p2|Ferrothorn, M|
|poke|p2|Weavile, M|
|poke|p2|Landorus-Therian, M|
|poke|p2|Blacephalon|
|poke|p2|Rotom-Wash|
|teampreview
|
|t:|1641873742
|start
|switch|p1a: Heatran|Heatran, M|100/100
|switch|p2a: Rotom|Rotom-Wash|100/100
|-item|p1a: Heatran|Air Balloon
|turn|1
|
|t:|1641873753
|switch|p1a: Tapu Fini|Tapu Fini|100/100
|-fieldstart|move: Misty Terrain|[from] ability: Misty Surge|[of] p1a: Tapu Fini
|move|p2a: Rotom|Hydro Pump|p1a: Tapu Fini
|-resisted|p1a: Tapu Fini
|-damage|p1a: Tapu Fini|86/100
|
|-heal|p1a: Tapu Fini|92/100|[from] item: Leftovers
|upkeep
|turn|2
|
|t:|1641873761
|move|p2a: Rotom|Volt Switch|p1a: Tapu Fini
|-supereffective|p1a: Tapu Fini
|-damage|p1a: Tapu Fini|57/100
|
|t:|1641873765
|switch|p2a: Ferrothorn|Ferrothorn, M|100/100|[from]move: Volt Switch
|move|p1a: Tapu Fini|Nature's Madness|p2a: Ferrothorn
|-damage|p2a: Ferrothorn|50/100
|
|-heal|p1a: Tapu Fini|63/100|[from] item: Leftovers
|-heal|p2a: Ferrothorn|57/100|[from] item: Leftovers
|upkeep
|turn|3
|
|t:|1641873776
|switch|p1a: Heatran|Heatran, M|100/100
|-item|p1a: Heatran|Air Balloon
|switch|p2a: Rotom|Rotom-Wash|100/100
|
|upkeep
|turn|4
|
|t:|1641873784
|move|p1a: Heatran|Stealth Rock|p2a: Rotom
|-sidestart|p2: RebornedQueen|move: Stealth Rock
|move|p2a: Rotom|Hydro Pump|p1a: Heatran|[miss]
|-miss|p2a: Rotom|p1a: Heatran
|
|upkeep
|turn|5
|
|t:|1641873790
|switch|p1a: Tapu Lele|Tapu Lele|100/100
|-fieldstart|move: Psychic Terrain|[from] ability: Psychic Surge|[of] p1a: Tapu Lele
|move|p2a: Rotom|Defog|p1a: Tapu Lele
|-unboost|p1a: Tapu Lele|evasion|1
|-sideend|p2: RebornedQueen|Stealth Rock|[from] move: Defog|[of] p2a: Rotom
|-fieldend|move: Psychic Terrain
|
|upkeep
|turn|6
|
|t:|1641873798
|move|p1a: Tapu Lele|Moonblast|p2a: Rotom
|-damage|p2a: Rotom|43/100
|move|p2a: Rotom|Volt Switch|p1a: Tapu Lele
|-damage|p1a: Tapu Lele|72/100
|
|t:|1641873801
|switch|p2a: Blacephalon|Blacephalon|100/100|[from]move: Volt Switch
|
|upkeep
|turn|7
|
|t:|1641873806
|switch|p1a: Heatran|Heatran, M|100/100
|-item|p1a: Heatran|Air Balloon
|move|p2a: Blacephalon|Shadow Ball|p1a: Heatran
|-damage|p1a: Heatran|33/100
|-enditem|p1a: Heatran|Air Balloon
|
|upkeep
|turn|8
|j| HeadphonesGirl
|
|t:|1641873817
|switch|p2a: Rotom|Rotom-Wash|43/100
|switch|p1a: Moltres|Moltres-Galar|100/100
|
|-heal|p2a: Rotom|50/100|[from] item: Leftovers
|upkeep
|turn|9
|
|t:|1641873826
|switch|p1a: Nidoking|Nidoking, M|100/100
|move|p2a: Rotom|Volt Switch|p1a: Nidoking
|-immune|p1a: Nidoking
|
|-heal|p2a: Rotom|56/100|[from] item: Leftovers
|upkeep
|turn|10
|
|t:|1641873830
|move|p1a: Nidoking|Sludge Wave|p2a: Rotom
|-damage|p2a: Rotom|0 fnt
|faint|p2a: Rotom
|
|upkeep
|
|t:|1641873834
|switch|p2a: Blacephalon|Blacephalon|100/100
|turn|11
|
|t:|1641873843
|move|p2a: Blacephalon|Shadow Ball|p1a: Nidoking
|-damage|p1a: Nidoking|9/100
|move|p1a: Nidoking|Earth Power|p2a: Blacephalon
|-supereffective|p2a: Blacephalon
|-damage|p2a: Blacephalon|0 fnt
|faint|p2a: Blacephalon
|
|upkeep
|
|t:|1641873850
|switch|p2a: Weavile|Weavile, M|100/100
|-ability|p2a: Weavile|Pressure
|turn|12
|
|t:|1641873855
|switch|p1a: Buzzwole|Buzzwole|100/100
|move|p2a: Weavile|Knock Off|p1a: Buzzwole
|-resisted|p1a: Buzzwole
|-damage|p1a: Buzzwole|85/100
|-damage|p2a: Weavile|84/100|[from] item: Rocky Helmet|[of] p1a: Buzzwole
|-enditem|p1a: Buzzwole|Rocky Helmet|[from] move: Knock Off|[of] p2a: Weavile
|
|upkeep
|turn|13
|
|t:|1641873864
|switch|p2a: Landorus|Landorus-Therian, M|100/100
|-ability|p2a: Landorus|Intimidate|boost
|-unboost|p1a: Buzzwole|atk|1
|switch|p1a: Nidoking|Nidoking, M|9/100
|
|upkeep
|turn|14
|
|t:|1641873872
|switch|p2a: Weavile|Weavile, M|84/100
|-ability|p2a: Weavile|Pressure
|move|p1a: Nidoking|Ice Beam|p2a: Weavile
|-resisted|p2a: Weavile
|-damage|p2a: Weavile|56/100
|
|upkeep
|turn|15
|
|t:|1641873876
|switch|p2a: Landorus|Landorus-Therian, M|100/100
|-ability|p2a: Landorus|Intimidate|boost
|-unboost|p1a: Nidoking|atk|1
|switch|p1a: Buzzwole|Buzzwole|85/100
|
|upkeep
|turn|16
|
|t:|1641873879
|move|p1a: Buzzwole|Ice Punch|p2a: Landorus
|-supereffective|p2a: Landorus
|-damage|p2a: Landorus|0 fnt
|faint|p2a: Landorus
|-ability|p1a: Buzzwole|Beast Boost|boost
|-boost|p1a: Buzzwole|atk|1
|
|upkeep
|
|t:|1641873882
|switch|p2a: Tapu Fini|Tapu Fini|100/100
|-fieldstart|move: Misty Terrain|[from] ability: Misty Surge|[of] p2a: Tapu Fini
|turn|17
|
|t:|1641873895
|switch|p1a: Tapu Fini|Tapu Fini|63/100
|move|p2a: Tapu Fini|Calm Mind|p2a: Tapu Fini
|-boost|p2a: Tapu Fini|spa|1
|-boost|p2a: Tapu Fini|spd|1
|
|-heal|p1a: Tapu Fini|69/100|[from] item: Leftovers
|upkeep
|turn|18
|
|t:|1641873899
|move|p2a: Tapu Fini|Calm Mind|p2a: Tapu Fini
|-boost|p2a: Tapu Fini|spa|1
|-boost|p2a: Tapu Fini|spd|1
|move|p1a: Tapu Fini|Taunt|p2a: Tapu Fini
|-start|p2a: Tapu Fini|move: Taunt
|
|-heal|p1a: Tapu Fini|75/100|[from] item: Leftovers
|upkeep
|turn|19
|
|t:|1641873902
|move|p2a: Tapu Fini|Draining Kiss|p1a: Tapu Fini
|-damage|p1a: Tapu Fini|50/100
|move|p1a: Tapu Fini|Nature's Madness|p2a: Tapu Fini
|-damage|p2a: Tapu Fini|50/100
|
|-heal|p2a: Tapu Fini|57/100|[from] item: Leftovers
|-heal|p1a: Tapu Fini|56/100|[from] item: Leftovers
|upkeep
|turn|20
|
|t:|1641873907
|move|p2a: Tapu Fini|Draining Kiss|p1a: Tapu Fini
|-damage|p1a: Tapu Fini|33/100
|-heal|p2a: Tapu Fini|74/100|[from] drain|[of] p1a: Tapu Fini
|move|p1a: Tapu Fini|Whirlpool|p2a: Tapu Fini
|-resisted|p2a: Tapu Fini
|-damage|p2a: Tapu Fini|71/100
|-activate|p2a: Tapu Fini|move: Whirlpool|[of] p1a: Tapu Fini
|
|-heal|p2a: Tapu Fini|77/100|[from] item: Leftovers
|-heal|p1a: Tapu Fini|40/100|[from] item: Leftovers
|-damage|p2a: Tapu Fini|65/100|[from] move: Whirlpool|[partiallytrapped]
|upkeep
|turn|21
|
|t:|1641873910
|move|p2a: Tapu Fini|Draining Kiss|p1a: Tapu Fini
|-damage|p1a: Tapu Fini|18/100
|-heal|p2a: Tapu Fini|81/100|[from] drain|[of] p1a: Tapu Fini
|move|p1a: Tapu Fini|Nature's Madness|p2a: Tapu Fini
|-damage|p2a: Tapu Fini|41/100
|
|-heal|p2a: Tapu Fini|47/100|[from] item: Leftovers
|-heal|p1a: Tapu Fini|24/100|[from] item: Leftovers
|-damage|p2a: Tapu Fini|35/100|[from] move: Whirlpool|[partiallytrapped]
|-end|p2a: Tapu Fini|move: Taunt
|-fieldend|Misty Terrain
|upkeep
|turn|22
|
|t:|1641873918
|move|p2a: Tapu Fini|Draining Kiss|p1a: Tapu Fini
|-damage|p1a: Tapu Fini|0 fnt
|-heal|p2a: Tapu Fini|52/100|[from] drain|[of] p1a: Tapu Fini
|faint|p1a: Tapu Fini
|
|-heal|p2a: Tapu Fini|58/100|[from] item: Leftovers
|-end|p2a: Tapu Fini|Whirlpool|[partiallytrapped]|[silent]
|upkeep
|
|t:|1641873921
|switch|p1a: Nidoking|Nidoking, M|9/100
|turn|23
|
|t:|1641873923
|move|p1a: Nidoking|Sludge Wave|p2a: Tapu Fini
|-supereffective|p2a: Tapu Fini
|-damage|p2a: Tapu Fini|4/100
|move|p2a: Tapu Fini|Draining Kiss|p1a: Nidoking
|-resisted|p1a: Nidoking
|-damage|p1a: Nidoking|0 fnt
|-heal|p2a: Tapu Fini|10/100|[from] drain|[of] p1a: Nidoking
|faint|p1a: Nidoking
|
|-heal|p2a: Tapu Fini|16/100|[from] item: Leftovers
|upkeep
|
|t:|1641873933
|switch|p1a: Tapu Lele|Tapu Lele|72/100
|-fieldstart|move: Psychic Terrain|[from] ability: Psychic Surge|[of] p1a: Tapu Lele
|turn|24
|
|t:|1641873936
|switch|p2a: Ferrothorn|Ferrothorn, M|57/100
|move|p1a: Tapu Lele|Psyshock|p2a: Ferrothorn
|-resisted|p2a: Ferrothorn
|-damage|p2a: Ferrothorn|36/100
|
|-heal|p2a: Ferrothorn|42/100|[from] item: Leftovers
|upkeep
|turn|25
|
|t:|1641873945
|switch|p1a: Heatran|Heatran, M|33/100
|move|p2a: Ferrothorn|Leech Seed|p1a: Heatran
|-start|p1a: Heatran|move: Leech Seed
|
|-heal|p2a: Ferrothorn|48/100|[from] item: Leftovers
|-damage|p1a: Heatran|21/100|[from] Leech Seed|[of] p2a: Ferrothorn
|-heal|p2a: Ferrothorn|60/100|[silent]
|upkeep
|turn|26
|j| yogo896
|l| yogo896
|
|t:|1641873953
|switch|p2a: Tapu Fini|Tapu Fini|16/100
|-fieldstart|move: Misty Terrain|[from] ability: Misty Surge|[of] p2a: Tapu Fini
|move|p1a: Heatran|Stealth Rock|p2a: Tapu Fini
|-sidestart|p2: RebornedQueen|move: Stealth Rock
|
|-heal|p2a: Tapu Fini|22/100|[from] item: Leftovers
|-damage|p1a: Heatran|9/100|[from] Leech Seed|[of] p2a: Tapu Fini
|-heal|p2a: Tapu Fini|33/100|[silent]
|upkeep
|turn|27
|
|t:|1641873962
|move|p1a: Heatran|Flash Cannon|p2a: Tapu Fini
|-damage|p2a: Tapu Fini|2/100
|move|p2a: Tapu Fini|Calm Mind|p2a: Tapu Fini
|-boost|p2a: Tapu Fini|spa|1
|-boost|p2a: Tapu Fini|spd|1
|
|-heal|p2a: Tapu Fini|8/100|[from] item: Leftovers
|-damage|p1a: Heatran|0 fnt|[from] Leech Seed|[of] p2a: Tapu Fini
|-heal|p2a: Tapu Fini|16/100|[silent]
|faint|p1a: Heatran
|upkeep
|
|t:|1641873964
|switch|p1a: Tapu Lele|Tapu Lele|72/100
|-fieldstart|move: Psychic Terrain|[from] ability: Psychic Surge|[of] p1a: Tapu Lele
|turn|28
|
|t:|1641873968
|move|p1a: Tapu Lele|Moonblast|p2a: Tapu Fini
|-damage|p2a: Tapu Fini|0 fnt
|faint|p2a: Tapu Fini
|
|upkeep
|j| podtastic1
|-message|RebornedQueen forfeited.
|
|win|Zerotti
|raw|Zerotti's rating: 1630 &rarr; <strong>1647</strong><br />(+17 for winning)
|raw|RebornedQueen's rating: 1580 &rarr; <strong>1563</strong><br />(-17 for losing)
|l|☆RebornedQueen
|l| HeadphonesGirl
