|j|☆Bo Jiden
|j|‽testingbot42o
|t:|1641747848
|gametype|singles
|player|p1|Bo Jiden|unknown|1361
|player|p2|testingbot42o|102|1296
|teamsize|p1|6
|teamsize|p2|6
|gen|8
|tier|[Gen 8] OU
|rated|
|rule|Sleep Clause Mod: Limit one foe put to sleep
|rule|Species Clause: Limit one of each Pokémon
|rule|OHKO Clause: OHKO moves are banned
|rule|Evasion Moves Clause: Evasion moves are banned
|rule|Endless Battle Clause: Forcing endless battles is banned
|rule|HP Percentage Mod: HP is shown in percentages
|rule|Dynamax Clause: You cannot dynamax
|clearpoke
|poke|p1|Nihilego|
|poke|p1|Dragonite, M|
|poke|p1|Buzzwole|
|poke|p1|Kartana|
|poke|p1|Necrozma|
|poke|p1|Zeraora|
|poke|p2|Clefable, F|
|poke|p2|Corviknight, M|
|poke|p2|Hydreigon, F|
|poke|p2|Rotom-Wash|
|poke|p2|Hippowdon, F|
|poke|p2|Excadrill, M|
|teampreview
|inactive|Battle timer is ON: inactive players will automatically lose when time's up. (requested by testingbot42o)
|
|t:|1641747858
|start
|switch|p1a: Kartana|Kartana|100/100
|switch|p2a: Hippowdon|Hippowdon, F|100/100
|-weather|Sandstorm|[from] ability: Sand Stream|[of] p2a: Hippowdon
|turn|1
|
|t:|1641747861
|switch|p2a: Corviknight|Corviknight, M|100/100
|-ability|p2a: Corviknight|Pressure
|move|p1a: Kartana|Sacred Sword|p2a: Corviknight
|-damage|p2a: Corviknight|69/100
|
|-weather|Sandstorm|[upkeep]
|-heal|p2a: Corviknight|75/100|[from] item: Leftovers
|upkeep
|turn|2
|
|t:|1641747865
|move|p1a: Kartana|Knock Off|p2a: Corviknight
|-damage|p2a: Corviknight|37/100
|-enditem|p2a: Corviknight|Leftovers|[from] move: Knock Off|[of] p1a: Kartana
|move|p2a: Corviknight|Bulk Up|p2a: Corviknight
|-boost|p2a: Corviknight|atk|1
|-boost|p2a: Corviknight|def|1
|
|-weather|Sandstorm|[upkeep]
|upkeep
|turn|3
|
|t:|1641747870
|switch|p1a: Buzzwole|Buzzwole|100/100
|move|p2a: Corviknight|Roost|p2a: Corviknight
|-heal|p2a: Corviknight|87/100
|-singleturn|p2a: Corviknight|move: Roost
|
|-weather|Sandstorm|[upkeep]
|-damage|p1a: Buzzwole|94/100|[from] Sandstorm
|upkeep
|turn|4
|
|t:|1641747876
|switch|p1a: Zeraora|Zeraora|100/100
|move|p2a: Corviknight|Brave Bird|p1a: Zeraora
|-resisted|p1a: Zeraora
|-damage|p1a: Zeraora|62/100
|-damage|p2a: Corviknight|77/100|[from] Recoil
|
|-weather|Sandstorm|[upkeep]
|-damage|p1a: Zeraora|56/100|[from] Sandstorm
|upkeep
|turn|5
|
|t:|1641747883
|switch|p2a: Hippowdon|Hippowdon, F|100/100
|move|p1a: Zeraora|Taunt|p2a: Hippowdon
|-start|p2a: Hippowdon|move: Taunt
|
|-weather|Sandstorm|[upkeep]
|-damage|p1a: Zeraora|50/100|[from] Sandstorm
|upkeep
|turn|6
|
|t:|1641747889
|switch|p1a: Dragonite|Dragonite, M|100/100
|move|p2a: Hippowdon|Earthquake|p1a: Dragonite
|-immune|p1a: Dragonite
|
|-weather|Sandstorm|[upkeep]
|-damage|p1a: Dragonite|94/100|[from] Sandstorm
|upkeep
|turn|7
|
|t:|1641747893
|switch|p2a: Corviknight|Corviknight, M|77/100
|-ability|p2a: Corviknight|Pressure
|move|p1a: Dragonite|Dragon Dance|p1a: Dragonite
|-boost|p1a: Dragonite|atk|1
|-boost|p1a: Dragonite|spe|1
|
|-weather|Sandstorm|[upkeep]
|-damage|p1a: Dragonite|88/100|[from] Sandstorm
|upkeep
|turn|8
|
|t:|1641747898
|move|p1a: Dragonite|Ice Punch|p2a: Corviknight
|-damage|p2a: Corviknight|46/100
|-status|p2a: Corviknight|frz
|-curestatus|p2a: Corviknight|frz|[msg]
|move|p2a: Corviknight|Bulk Up|p2a: Corviknight
|-boost|p2a: Corviknight|atk|1
|-boost|p2a: Corviknight|def|1
|
|-weather|none
|upkeep
|turn|9
|
|t:|1641747904
|move|p1a: Dragonite|Dragon Dance|p1a: Dragonite
|-boost|p1a: Dragonite|atk|1
|-boost|p1a: Dragonite|spe|1
|move|p2a: Corviknight|Roost|p2a: Corviknight
|-heal|p2a: Corviknight|96/100
|-singleturn|p2a: Corviknight|move: Roost
|
|upkeep
|turn|10
|
|t:|1641747910
|move|p1a: Dragonite|Dragon Dance|p1a: Dragonite
|-boost|p1a: Dragonite|atk|1
|-boost|p1a: Dragonite|spe|1
|move|p2a: Corviknight|Bulk Up|p2a: Corviknight
|-boost|p2a: Corviknight|atk|1
|-boost|p2a: Corviknight|def|1
|
|upkeep
|turn|11
|
|t:|1641747914
|move|p1a: Dragonite|Dragon Dance|p1a: Dragonite
|-boost|p1a: Dragonite|atk|1
|-boost|p1a: Dragonite|spe|1
|move|p2a: Corviknight|Bulk Up|p2a: Corviknight
|-boost|p2a: Corviknight|atk|1
|-boost|p2a: Corviknight|def|1
|
|upkeep
|turn|12
|
|t:|1641747918
|move|p1a: Dragonite|Ice Punch|p2a: Corviknight
|-damage|p2a: Corviknight|71/100
|move|p2a: Corviknight|Bulk Up|p2a: Corviknight
|-boost|p2a: Corviknight|atk|1
|-boost|p2a: Corviknight|def|1
|
|upkeep
|turn|13
|
|t:|1641747923
|move|p1a: Dragonite|Dragon Dance|p1a: Dragonite
|-boost|p1a: Dragonite|atk|1
|-boost|p1a: Dragonite|spe|1
|move|p2a: Corviknight|Roost|p2a: Corviknight
|-heal|p2a: Corviknight|100/100
|-singleturn|p2a: Corviknight|move: Roost
|
|upkeep
|turn|14
|
|t:|1641747926
|move|p1a: Dragonite|Dragon Dance|p1a: Dragonite
|-boost|p1a: Dragonite|atk|1
|-boost|p1a: Dragonite|spe|1
|move|p2a: Corviknight|Bulk Up|p2a: Corviknight
|-boost|p2a: Corviknight|atk|1
|-boost|p2a: Corviknight|def|1
|
|upkeep
|turn|15
|
|t:|1641747931
|move|p1a: Dragonite|Roost|p1a: Dragonite
|-heal|p1a: Dragonite|100/100
|-singleturn|p1a: Dragonite|move: Roost
|move|p2a: Corviknight|Brave Bird|p1a: Dragonite
|-damage|p1a: Dragonite|33/100
|-damage|p2a: Corviknight|82/100|[from] Recoil
|
|upkeep
|turn|16
|
|t:|1641747935
|move|p1a: Dragonite|Roost|p1a: Dragonite
|-heal|p1a: Dragonite|83/100
|-singleturn|p1a: Dragonite|move: Roost
|move|p2a: Corviknight|Roost|p2a: Corviknight
|-heal|p2a: Corviknight|100/100
|-singleturn|p2a: Corviknight|move: Roost
|
|upkeep
|turn|17
|
|t:|1641747941
|move|p1a: Dragonite|Roost|p1a: Dragonite
|-heal|p1a: Dragonite|100/100
|-singleturn|p1a: Dragonite|move: Roost
|move|p2a: Corviknight|Brave Bird|p1a: Dragonite
|-damage|p1a: Dragonite|26/100
|-damage|p2a: Corviknight|81/100|[from] Recoil
|
|upkeep
|turn|18
|
|t:|1641747945
|move|p1a: Dragonite|Roost|p1a: Dragonite
|-heal|p1a: Dragonite|76/100
|-singleturn|p1a: Dragonite|move: Roost
|move|p2a: Corviknight|Roost|p2a: Corviknight
|-heal|p2a: Corviknight|100/100
|-singleturn|p2a: Corviknight|move: Roost
|
|upkeep
|turn|19
|
|t:|1641747949
|move|p1a: Dragonite|Roost|p1a: Dragonite
|-heal|p1a: Dragonite|100/100
|-singleturn|p1a: Dragonite|move: Roost
|move|p2a: Corviknight|Brave Bird|p1a: Dragonite
|-damage|p1a: Dragonite|26/100
|-damage|p2a: Corviknight|81/100|[from] Recoil
|
|upkeep
|turn|20
|
|t:|1641747954
|move|p1a: Dragonite|Ice Punch|p2a: Corviknight
|-damage|p2a: Corviknight|55/100
|move|p2a: Corviknight|Roost|p2a: Corviknight
|-heal|p2a: Corviknight|100/100
|-singleturn|p2a: Corviknight|move: Roost
|
|upkeep
|turn|21
|
|t:|1641747959
|move|p1a: Dragonite|Roost|p1a: Dragonite
|-heal|p1a: Dragonite|76/100
|-singleturn|p1a: Dragonite|move: Roost
|move|p2a: Corviknight|Bulk Up|p2a: Corviknight
|-boost|p2a: Corviknight|atk|1
|-boost|p2a: Corviknight|def|1
|
|upkeep
|turn|22
|
|t:|1641747962
|move|p1a: Dragonite|Roost|p1a: Dragonite
|-heal|p1a: Dragonite|100/100
|-singleturn|p1a: Dragonite|move: Roost
|move|p2a: Corviknight|Brave Bird|p1a: Dragonite
|-damage|p1a: Dragonite|23/100
|-damage|p2a: Corviknight|80/100|[from] Recoil
|
|upkeep
|turn|23
|
|t:|1641747965
|move|p1a: Dragonite|Roost|p1a: Dragonite
|-heal|p1a: Dragonite|73/100
|-singleturn|p1a: Dragonite|move: Roost
|move|p2a: Corviknight|Roost|p2a: Corviknight
|-heal|p2a: Corviknight|100/100
|-singleturn|p2a: Corviknight|move: Roost
|
|upkeep
|turn|24
|
|t:|1641747968
|move|p1a: Dragonite|Roost|p1a: Dragonite
|-heal|p1a: Dragonite|100/100
|-singleturn|p1a: Dragonite|move: Roost
|move|p2a: Corviknight|Brave Bird|p1a: Dragonite
|-damage|p1a: Dragonite|25/100
|-damage|p2a: Corviknight|80/100|[from] Recoil
|
|upkeep
|turn|25
|
|t:|1641747977
|move|p1a: Dragonite|Roost|p1a: Dragonite
|-heal|p1a: Dragonite|75/100
|-singleturn|p1a: Dragonite|move: Roost
|move|p2a: Corviknight|Roost|p2a: Corviknight
|-heal|p2a: Corviknight|100/100
|-singleturn|p2a: Corviknight|move: Roost
|
|upkeep
|turn|26
|
|t:|1641747980
|move|p1a: Dragonite|Roost|p1a: Dragonite
|-heal|p1a: Dragonite|100/100
|-singleturn|p1a: Dragonite|move: Roost
|move|p2a: Corviknight|Brave Bird|p1a: Dragonite
|-damage|p1a: Dragonite|23/100
|-damage|p2a: Corviknight|80/100|[from] Recoil
|
|upkeep
|turn|27
|
|t:|1641747985
|move|p1a: Dragonite|Roost|p1a: Dragonite
|-heal|p1a: Dragonite|73/100
|-singleturn|p1a: Dragonite|move: Roost
|move|p2a: Corviknight|Roost|p2a: Corviknight
|-heal|p2a: Corviknight|100/100
|-singleturn|p2a: Corviknight|move: Roost
|
|upkeep
|turn|28
|
|t:|1641747988
|move|p1a: Dragonite|Roost|p1a: Dragonite
|-heal|p1a: Dragonite|100/100
|-singleturn|p1a: Dragonite|move: Roost
|move|p2a: Corviknight|Brave Bird|p1a: Dragonite
|-damage|p1a: Dragonite|18/100
|-damage|p2a: Corviknight|78/100|[from] Recoil
|
|upkeep
|turn|29
|
|t:|1641747990
|move|p1a: Dragonite|Roost|p1a: Dragonite
|-heal|p1a: Dragonite|68/100
|-singleturn|p1a: Dragonite|move: Roost
|move|p2a: Corviknight|Roost|p2a: Corviknight
|-heal|p2a: Corviknight|100/100
|-singleturn|p2a: Corviknight|move: Roost
|
|upkeep
|turn|30
|
|t:|1641747993
|move|p1a: Dragonite|Roost|p1a: Dragonite
|-heal|p1a: Dragonite|100/100
|-singleturn|p1a: Dragonite|move: Roost
|move|p2a: Corviknight|Brave Bird|p1a: Dragonite
|-damage|p1a: Dragonite|16/100
|-damage|p2a: Corviknight|78/100|[from] Recoil
|
|upkeep
|turn|31
|
|t:|1641747997
|move|p1a: Dragonite|Ice Punch|p2a: Corviknight
|-crit|p2a: Corviknight
|-damage|p2a: Corviknight|0 fnt
|faint|p2a: Corviknight
|
|upkeep
|
|t:|1641747997
|switch|p2a: Rotom|Rotom-Wash|100/100
|turn|32
|
|t:|1641748003
|move|p1a: Dragonite|Ice Punch|p2a: Rotom
|-resisted|p2a: Rotom
|-damage|p2a: Rotom|34/100
|move|p2a: Rotom|Will-O-Wisp|p1a: Dragonite
|-status|p1a: Dragonite|brn
|
|-damage|p1a: Dragonite|10/100 brn|[from] brn
|upkeep
|turn|33
|
|t:|1641748011
|switch|p2a: Hippowdon|Hippowdon, F|100/100
|-weather|Sandstorm|[from] ability: Sand Stream|[of] p2a: Hippowdon
|move|p1a: Dragonite|Roost|p1a: Dragonite
|-heal|p1a: Dragonite|60/100 brn
|-singleturn|p1a: Dragonite|move: Roost
|
|-weather|Sandstorm|[upkeep]
|-damage|p1a: Dragonite|54/100 brn|[from] Sandstorm
|-damage|p1a: Dragonite|47/100 brn|[from] brn
|upkeep
|turn|34
|
|t:|1641748016
|move|p1a: Dragonite|Ice Punch|p2a: Hippowdon
|-supereffective|p2a: Hippowdon
|-damage|p2a: Hippowdon|42/100
|move|p2a: Hippowdon|Whirlwind|p1a: Dragonite
|drag|p1a: Nihilego|Nihilego|100/100
|
|-weather|Sandstorm|[upkeep]
|upkeep
|turn|35
|
|t:|1641748023
|switch|p2a: Hydreigon|Hydreigon, F|100/100
|move|p1a: Nihilego|Grass Knot|p2a: Hydreigon
|-resisted|p2a: Hydreigon
|-damage|p2a: Hydreigon|83/100
|
|-weather|Sandstorm|[upkeep]
|-damage|p2a: Hydreigon|77/100|[from] Sandstorm
|-heal|p2a: Hydreigon|83/100|[from] item: Leftovers
|upkeep
|turn|36
|
|t:|1641748027
|move|p1a: Nihilego|Meteor Beam||[still]
|-prepare|p1a: Nihilego|Meteor Beam
|-boost|p1a: Nihilego|spa|1
|-enditem|p1a: Nihilego|Power Herb
|-anim|p1a: Nihilego|Meteor Beam|p2a: Hydreigon
|-damage|p2a: Hydreigon|0 fnt
|faint|p2a: Hydreigon
|-ability|p1a: Nihilego|Beast Boost|boost
|-boost|p1a: Nihilego|spe|1
|
|-weather|Sandstorm|[upkeep]
|upkeep
|
|t:|1641748027
|switch|p2a: Excadrill|Excadrill, M|100/100
|turn|37
|
|t:|1641748033
|switch|p1a: Dragonite|Dragonite, M|47/100 brn
|move|p2a: Excadrill|Earthquake|p1a: Dragonite
|-immune|p1a: Dragonite
|
|-weather|Sandstorm|[upkeep]
|-damage|p1a: Dragonite|41/100 brn|[from] Sandstorm
|-damage|p1a: Dragonite|35/100 brn|[from] brn
|upkeep
|turn|38
|
|t:|1641748037
|move|p2a: Excadrill|Iron Head|p1a: Dragonite
|-damage|p1a: Dragonite|0 fnt
|faint|p1a: Dragonite
|-damage|p2a: Excadrill|91/100|[from] item: Life Orb
|
|-weather|Sandstorm|[upkeep]
|upkeep
|
|t:|1641748040
|switch|p1a: Buzzwole|Buzzwole|94/100
|turn|39
|
|t:|1641748045
|switch|p2a: Clefable|Clefable, F|100/100
|move|p1a: Buzzwole|Close Combat|p2a: Clefable
|-resisted|p2a: Clefable
|-damage|p2a: Clefable|56/100
|-unboost|p1a: Buzzwole|def|1
|-unboost|p1a: Buzzwole|spd|1
|
|-weather|Sandstorm|[upkeep]
|-damage|p1a: Buzzwole|88/100|[from] Sandstorm
|upkeep
|turn|40
|
|t:|1641748051
|switch|p1a: Nihilego|Nihilego|100/100
|move|p2a: Clefable|Moonblast|p1a: Nihilego
|-resisted|p1a: Nihilego
|-damage|p1a: Nihilego|88/100
|
|-weather|none
|upkeep
|turn|41
|
|t:|1641748060
|switch|p2a: Excadrill|Excadrill, M|91/100
|move|p1a: Nihilego|Grass Knot|p2a: Excadrill
|-damage|p2a: Excadrill|64/100
|
|upkeep
|turn|42
|
|t:|1641748063
|switch|p1a: Buzzwole|Buzzwole|88/100
|move|p2a: Excadrill|Earthquake|p1a: Buzzwole
|-resisted|p1a: Buzzwole
|-damage|p1a: Buzzwole|61/100
|-damage|p2a: Excadrill|54/100|[from] item: Life Orb
|
|upkeep
|turn|43
|
|t:|1641748070
|switch|p1a: Nihilego|Nihilego|88/100
|move|p2a: Excadrill|Iron Head|p1a: Nihilego
|-supereffective|p1a: Nihilego
|-damage|p1a: Nihilego|0 fnt
|faint|p1a: Nihilego
|-damage|p2a: Excadrill|44/100|[from] item: Life Orb
|
|upkeep
|
|t:|1641748081
|switch|p1a: Necrozma|Necrozma|100/100
|turn|44
|
|t:|1641748084
|move|p2a: Excadrill|Iron Head|p1a: Necrozma
|-damage|p1a: Necrozma|47/100
|-damage|p2a: Excadrill|34/100|[from] item: Life Orb
|move|p1a: Necrozma|Autotomize|p1a: Necrozma
|-boost|p1a: Necrozma|spe|2
|-start|p1a: Necrozma|Autotomize
|
|upkeep
|turn|45
|
|t:|1641748087
|move|p1a: Necrozma|Heat Wave|p2a: Excadrill
|-supereffective|p2a: Excadrill
|-damage|p2a: Excadrill|0 fnt
|faint|p2a: Excadrill
|
|upkeep
|
|t:|1641748087
|switch|p2a: Hippowdon|Hippowdon, F|42/100
|-weather|Sandstorm|[from] ability: Sand Stream|[of] p2a: Hippowdon
|turn|46
|
|t:|1641748092
|move|p1a: Necrozma|Photon Geyser|p2a: Hippowdon
|-damage|p2a: Hippowdon|0 fnt
|faint|p2a: Hippowdon
|
|-weather|Sandstorm|[upkeep]
|-damage|p1a: Necrozma|41/100|[from] Sandstorm
|upkeep
|
|t:|1641748092
|switch|p2a: Rotom|Rotom-Wash|34/100
|turn|47
|
|t:|1641748098
|move|p2a: Rotom|Hydro Pump|p1a: Necrozma
|-damage|p1a: Necrozma|0 fnt
|faint|p1a: Necrozma
|
|-weather|Sandstorm|[upkeep]
|-damage|p2a: Rotom|28/100|[from] Sandstorm
|upkeep
|
|t:|1641748104
|switch|p1a: Kartana|Kartana|100/100
|turn|48
|
|t:|1641748107
|move|p2a: Rotom|Hydro Pump|p1a: Kartana
|-resisted|p1a: Kartana
|-damage|p1a: Kartana|21/100
|move|p1a: Kartana|Leaf Blade|p2a: Rotom
|-supereffective|p2a: Rotom
|-damage|p2a: Rotom|0 fnt
|faint|p2a: Rotom
|-ability|p1a: Kartana|Beast Boost|boost
|-boost|p1a: Kartana|atk|1
|
|-weather|Sandstorm|[upkeep]
|upkeep
|
|t:|1641748107
|switch|p2a: Clefable|Clefable, F|56/100
|turn|49
|
|t:|1641748114
|move|p1a: Kartana|Leaf Blade|p2a: Clefable
|-damage|p2a: Clefable|0 fnt
|faint|p2a: Clefable
|
|win|Bo Jiden
|raw|Bo Jiden's rating: 1361 &rarr; <strong>1377</strong><br />(+16 for winning)
|raw|testingbot42o's rating: 1296 &rarr; <strong>1276</strong><br />(-20 for losing)
|l|‽testingbot42o
