|j|☆Rhyfinn12
|j|☆Braian1323
|t:|1641794600
|gametype|singles
|player|p1|Rhyfinn12|ninjaboy|1045
|player|p2|Braian1323|ethan|1082
|teamsize|p1|6
|teamsize|p2|6
|gen|8
|tier|[Gen 8] OU
|rated|
|rule|Sleep Clause Mod: Limit one foe put to sleep
|rule|Species Clause: Limit one of each Pokémon
|rule|OHKO Clause: OHKO moves are banned
|rule|Evasion Moves Clause: Evasion moves are banned
|rule|Endless Battle Clause: Forcing endless battles is banned
|rule|HP Percentage Mod: HP is shown in percentages
|rule|Dynamax Clause: You cannot dynamax
|clearpoke
|poke|p1|Dragonite, M|
|poke|p1|Toxapex, M|
|poke|p1|Corviknight, M|
|poke|p1|Tapu Koko|
|poke|p1|Dragapult, M|
|poke|p1|Mew|
|poke|p2|Ferrothorn, F|
|poke|p2|Pelipper, F|
|poke|p2|Gengar, M|
|poke|p2|Magnezone|
|poke|p2|Tyranitar, F|
|poke|p2|Darmanitan, F|
|teampreview
|inactive|Battle timer is ON: inactive players will automatically lose when time's up. (requested by Rhyfinn12)
|
|t:|1641794615
|start
|switch|p1a: Corviknight|Corviknight, M|100/100
|switch|p2a: Pelipper|Pelipper, F|100/100
|-weather|RainDance|[from] ability: Drizzle|[of] p2a: Pelipper
|-ability|p1a: Corviknight|Pressure
|turn|1
|c|☆Rhyfinn12|why two weather setters?
|
|t:|1641794631
|move|p2a: Pelipper|Hydro Pump|p1a: Corviknight
|-damage|p1a: Corviknight|63/100
|move|p1a: Corviknight|U-turn|p2a: Pelipper
|-resisted|p2a: Pelipper
|-damage|p2a: Pelipper|92/100
|
|t:|1641794637
|switch|p1a: Tapu Koko|Tapu Koko|100/100|[from]move: U-turn
|-fieldstart|move: Electric Terrain|[from] ability: Electric Surge|[of] p1a: Tapu Koko
|
|-weather|RainDance|[upkeep]
|upkeep
|turn|2
|
|t:|1641794650
|switch|p2a: Tyranitar|Tyranitar, F|100/100
|-weather|Sandstorm|[from] ability: Sand Stream|[of] p2a: Tyranitar
|move|p1a: Tapu Koko|Volt Switch|p2a: Tyranitar
|-damage|p2a: Tyranitar|64/100
|
|t:|1641794667
|switch|p1a: Corviknight|Corviknight, M|63/100|[from]move: Volt Switch
|-ability|p1a: Corviknight|Pressure
|
|-weather|Sandstorm|[upkeep]
|-heal|p1a: Corviknight|69/100|[from] item: Leftovers
|upkeep
|turn|3
|
|t:|1641794680
|move|p1a: Corviknight|Roost|p1a: Corviknight
|-heal|p1a: Corviknight|100/100
|-singleturn|p1a: Corviknight|move: Roost
|move|p2a: Tyranitar|Stone Edge|p1a: Corviknight
|-resisted|p1a: Corviknight
|-damage|p1a: Corviknight|81/100
|
|-weather|Sandstorm|[upkeep]
|-heal|p1a: Corviknight|87/100|[from] item: Leftovers
|upkeep
|turn|4
|
|t:|1641794697
|switch|p2a: Darmanitan|Darmanitan, F|100/100
|move|p1a: Corviknight|U-turn|p2a: Darmanitan
|-resisted|p2a: Darmanitan
|-damage|p2a: Darmanitan|90/100
|
|t:|1641794708
|switch|p1a: Toxapex|Toxapex, M|100/100|[from]move: U-turn
|
|-weather|Sandstorm|[upkeep]
|-damage|p2a: Darmanitan|84/100|[from] Sandstorm
|-damage|p1a: Toxapex|94/100|[from] Sandstorm
|-heal|p1a: Toxapex|100/100|[from] item: Black Sludge
|upkeep
|turn|5
|
|t:|1641794721
|switch|p2a: Ferrothorn|Ferrothorn, F|100/100
|move|p1a: Toxapex|Toxic|p2a: Ferrothorn
|-immune|p2a: Ferrothorn
|
|-weather|Sandstorm|[upkeep]
|-damage|p1a: Toxapex|94/100|[from] Sandstorm
|-heal|p1a: Toxapex|100/100|[from] item: Black Sludge
|-fieldend|move: Electric Terrain
|upkeep
|turn|6
|
|t:|1641794736
|move|p1a: Toxapex|Baneful Bunker|p1a: Toxapex
|-singleturn|p1a: Toxapex|move: Protect
|move|p2a: Ferrothorn|Stealth Rock|p1a: Toxapex
|-sidestart|p1: Rhyfinn12|move: Stealth Rock
|
|-weather|none
|upkeep
|turn|7
|
|t:|1641794746
|switch|p1a: Corviknight|Corviknight, M|87/100
|-damage|p1a: Corviknight|75/100|[from] Stealth Rock
|-ability|p1a: Corviknight|Pressure
|move|p2a: Ferrothorn|Spikes|p1a: Corviknight
|-sidestart|p1: Rhyfinn12|Spikes
|
|-heal|p1a: Corviknight|81/100|[from] item: Leftovers
|upkeep
|turn|8
|
|t:|1641794760
|move|p1a: Corviknight|Defog|p2a: Ferrothorn
|-unboost|p2a: Ferrothorn|evasion|1
|-sideend|p1: Rhyfinn12|Spikes|[from] move: Defog|[of] p1a: Corviknight
|-sideend|p1: Rhyfinn12|Stealth Rock|[from] move: Defog|[of] p1a: Corviknight
|move|p2a: Ferrothorn|Spikes|p1a: Corviknight
|-sidestart|p1: Rhyfinn12|Spikes
|
|-heal|p1a: Corviknight|87/100|[from] item: Leftovers
|upkeep
|turn|9
|
|t:|1641794772
|move|p1a: Corviknight|Taunt|p2a: Ferrothorn
|-start|p2a: Ferrothorn|move: Taunt
|cant|p2a: Ferrothorn|move: Taunt|Leech Seed
|
|-heal|p1a: Corviknight|94/100|[from] item: Leftovers
|upkeep
|turn|10
|
|t:|1641794786
|switch|p2a: Darmanitan|Darmanitan, F|84/100
|move|p1a: Corviknight|Defog|p2a: Darmanitan
|-unboost|p2a: Darmanitan|evasion|1
|-sideend|p1: Rhyfinn12|Spikes|[from] move: Defog|[of] p1a: Corviknight
|
|-heal|p1a: Corviknight|99/100|[from] item: Leftovers
|upkeep
|turn|11
|
|t:|1641794807
|switch|p1a: Dragonite|Dragonite, M|100/100
|move|p2a: Darmanitan|Body Slam|p1a: Dragonite
|-damage|p1a: Dragonite|81/100
|
|-heal|p1a: Dragonite|87/100|[from] item: Leftovers
|upkeep
|turn|12
|c|☆Rhyfinn12|??
|
|t:|1641794820
|switch|p2a: Ferrothorn|Ferrothorn, F|100/100
|move|p1a: Dragonite|Dragon Claw|p2a: Ferrothorn
|-resisted|p2a: Ferrothorn
|-damage|p2a: Ferrothorn|83/100
|-damage|p1a: Dragonite|75/100|[from] ability: Iron Barbs|[of] p2a: Ferrothorn
|
|-heal|p1a: Dragonite|81/100|[from] item: Leftovers
|-heal|p2a: Ferrothorn|89/100|[from] item: Leftovers
|upkeep
|turn|13
|
|t:|1641794837
|switch|p1a: Corviknight|Corviknight, M|99/100
|-ability|p1a: Corviknight|Pressure
|switch|p2a: Pelipper|Pelipper, F|92/100
|-weather|RainDance|[from] ability: Drizzle|[of] p2a: Pelipper
|
|-weather|RainDance|[upkeep]
|-heal|p1a: Corviknight|100/100|[from] item: Leftovers
|upkeep
|turn|14
|inactive|Braian1323 has 120 seconds left.
|
|t:|1641794853
|move|p2a: Pelipper|Blizzard|p1a: Corviknight
|-damage|p1a: Corviknight|81/100
|move|p1a: Corviknight|U-turn|p2a: Pelipper
|-resisted|p2a: Pelipper
|-crit|p2a: Pelipper
|-damage|p2a: Pelipper|81/100
|
|t:|1641794858
|switch|p1a: Tapu Koko|Tapu Koko|100/100|[from]move: U-turn
|-fieldstart|move: Electric Terrain|[from] ability: Electric Surge|[of] p1a: Tapu Koko
|
|-weather|RainDance|[upkeep]
|upkeep
|turn|15
|
|t:|1641794871
|switch|p2a: Ferrothorn|Ferrothorn, F|89/100
|move|p1a: Tapu Koko|Volt Switch|p2a: Ferrothorn
|-resisted|p2a: Ferrothorn
|-damage|p2a: Ferrothorn|65/100
|
|t:|1641794877
|switch|p1a: Corviknight|Corviknight, M|81/100|[from]move: Volt Switch
|-ability|p1a: Corviknight|Pressure
|
|-weather|RainDance|[upkeep]
|-heal|p1a: Corviknight|87/100|[from] item: Leftovers
|-heal|p2a: Ferrothorn|72/100|[from] item: Leftovers
|upkeep
|turn|16
|
|t:|1641794893
|move|p1a: Corviknight|Taunt|p2a: Ferrothorn
|-start|p2a: Ferrothorn|move: Taunt
|cant|p2a: Ferrothorn|move: Taunt|Leech Seed
|
|-weather|RainDance|[upkeep]
|-heal|p1a: Corviknight|94/100|[from] item: Leftovers
|-heal|p2a: Ferrothorn|78/100|[from] item: Leftovers
|upkeep
|turn|17
|
|t:|1641794907
|switch|p1a: Mew|Mew|100/100
|move|p2a: Ferrothorn|Giga Drain|p1a: Mew
|-damage|p1a: Mew|86/100
|-heal|p2a: Ferrothorn|86/100|[from] drain|[of] p1a: Mew
|
|-weather|none
|-heal|p1a: Mew|93/100|[from] item: Leftovers
|-heal|p2a: Ferrothorn|92/100|[from] item: Leftovers
|upkeep
|turn|18
|inactive|Braian1323 has 120 seconds left.
|
|t:|1641794922
|switch|p1a: Corviknight|Corviknight, M|94/100
|-ability|p1a: Corviknight|Pressure
|switch|p2a: Tyranitar|Tyranitar, F|64/100
|-weather|Sandstorm|[from] ability: Sand Stream|[of] p2a: Tyranitar
|
|-weather|Sandstorm|[upkeep]
|-heal|p1a: Corviknight|99/100|[from] item: Leftovers
|-fieldend|move: Electric Terrain
|upkeep
|turn|19
|inactive|Braian1323 has 120 seconds left.
|
|t:|1641794938
|move|p1a: Corviknight|U-turn|p2a: Tyranitar
|-supereffective|p2a: Tyranitar
|-damage|p2a: Tyranitar|43/100
|-damage|p1a: Corviknight|83/100|[from] item: Rocky Helmet|[of] p2a: Tyranitar
|
|t:|1641794957
|switch|p1a: Toxapex|Toxapex, M|100/100|[from]move: U-turn
|move|p2a: Tyranitar|Fire Punch|p1a: Toxapex
|-resisted|p1a: Toxapex
|-damage|p1a: Toxapex|90/100
|
|-weather|Sandstorm|[upkeep]
|-damage|p1a: Toxapex|84/100|[from] Sandstorm
|-heal|p1a: Toxapex|90/100|[from] item: Black Sludge
|upkeep
|turn|20
|inactive|Braian1323 has 120 seconds left.
|
|t:|1641794972
|switch|p2a: Gengar|Gengar, M|100/100
|move|p1a: Toxapex|Baneful Bunker||[still]
|-fail|p1a: Toxapex
|
|-weather|Sandstorm|[upkeep]
|-damage|p2a: Gengar|94/100|[from] Sandstorm
|-damage|p1a: Toxapex|84/100|[from] Sandstorm
|-heal|p1a: Toxapex|90/100|[from] item: Black Sludge
|upkeep
|turn|21
|inactive|Braian1323 has 120 seconds left.
|
|t:|1641794991
|switch|p1a: Dragonite|Dragonite, M|81/100
|move|p2a: Gengar|Shadow Ball|p1a: Dragonite
|-damage|p1a: Dragonite|30/100
|
|-weather|Sandstorm|[upkeep]
|-damage|p2a: Gengar|88/100|[from] Sandstorm
|-damage|p1a: Dragonite|23/100|[from] Sandstorm
|-heal|p1a: Dragonite|30/100|[from] item: Leftovers
|upkeep
|turn|22
|inactive|Braian1323 has 120 seconds left.
|
|t:|1641795008
|switch|p1a: Toxapex|Toxapex, M|100/100
|move|p2a: Gengar|Shadow Ball|p1a: Toxapex
|-damage|p1a: Toxapex|58/100
|-unboost|p1a: Toxapex|spd|1
|
|-weather|none
|-heal|p1a: Toxapex|64/100|[from] item: Black Sludge
|upkeep
|turn|23
|
|t:|1641795022
|move|p1a: Toxapex|Baneful Bunker|p1a: Toxapex
|-singleturn|p1a: Toxapex|move: Protect
|move|p2a: Gengar|Shadow Ball|p1a: Toxapex
|-activate|p1a: Toxapex|move: Protect
|
|-heal|p1a: Toxapex|70/100|[from] item: Black Sludge
|upkeep
|turn|24
|
|t:|1641795034
|switch|p1a: Dragonite|Dragonite, M|30/100
|move|p2a: Gengar|Shadow Ball|p1a: Dragonite
|-damage|p1a: Dragonite|0 fnt
|faint|p1a: Dragonite
|
|upkeep
|
|t:|1641795037
|switch|p1a: Dragapult|Dragapult, M|100/100
|turn|25
|inactive|Braian1323 has 120 seconds left.
|
|t:|1641795059
|switch|p2a: Pelipper|Pelipper, F|81/100
|-weather|RainDance|[from] ability: Drizzle|[of] p2a: Pelipper
|move|p1a: Dragapult|Sucker Punch||[still]
|-fail|p1a: Dragapult
|
|-weather|RainDance|[upkeep]
|upkeep
|turn|26
|
|t:|1641795074
|switch|p1a: Toxapex|Toxapex, M|100/100
|move|p2a: Pelipper|Blizzard|p1a: Toxapex
|-resisted|p1a: Toxapex
|-damage|p1a: Toxapex|92/100
|
|-weather|RainDance|[upkeep]
|-heal|p1a: Toxapex|98/100|[from] item: Black Sludge
|upkeep
|turn|27
|
|t:|1641795090
|switch|p2a: Ferrothorn|Ferrothorn, F|92/100
|switch|p1a: Tapu Koko|Tapu Koko|100/100
|-fieldstart|move: Electric Terrain|[from] ability: Electric Surge|[of] p1a: Tapu Koko
|
|-weather|RainDance|[upkeep]
|-heal|p2a: Ferrothorn|99/100|[from] item: Leftovers
|upkeep
|turn|28
|
|t:|1641795105
|switch|p2a: Darmanitan|Darmanitan, F|84/100
|move|p1a: Tapu Koko|Volt Switch|p2a: Darmanitan
|-damage|p2a: Darmanitan|2/100
|-enditem|p2a: Darmanitan|Aguav Berry|[eat]
|-heal|p2a: Darmanitan|35/100|[from] item: Aguav Berry
|
|t:|1641795118
|switch|p1a: Dragapult|Dragapult, M|100/100|[from]move: Volt Switch
|
|-weather|RainDance|[upkeep]
|upkeep
|turn|29
|
|t:|1641795130
|switch|p2a: Pelipper|Pelipper, F|81/100
|move|p1a: Dragapult|Dragon Darts|p2a: Pelipper
|-damage|p2a: Pelipper|55/100
|-anim|p1a: Dragapult|Dragon Darts|p2a: Pelipper
|-damage|p2a: Pelipper|29/100
|
|-weather|none
|upkeep
|turn|30
|
|t:|1641795146
|move|p1a: Dragapult|Dragon Darts|p2a: Pelipper
|-damage|p2a: Pelipper|0 fnt
|faint|p2a: Pelipper
|
|upkeep
|
|t:|1641795152
|switch|p2a: Ferrothorn|Ferrothorn, F|99/100
|turn|31
|
|t:|1641795159
|switch|p1a: Corviknight|Corviknight, M|83/100
|-ability|p1a: Corviknight|Pressure
|move|p2a: Ferrothorn|Leech Seed|p1a: Corviknight|[miss]
|-miss|p2a: Ferrothorn|p1a: Corviknight
|
|-heal|p1a: Corviknight|90/100|[from] item: Leftovers
|-heal|p2a: Ferrothorn|100/100|[from] item: Leftovers
|-fieldend|move: Electric Terrain
|upkeep
|turn|32
|
|t:|1641795180
|move|p1a: Corviknight|Taunt|p2a: Ferrothorn
|-start|p2a: Ferrothorn|move: Taunt
|cant|p2a: Ferrothorn|move: Taunt|Leech Seed
|
|-heal|p1a: Corviknight|96/100|[from] item: Leftovers
|upkeep
|turn|33
|
|t:|1641795197
|switch|p2a: Magnezone|Magnezone|100/100
|move|p1a: Corviknight|U-turn|p2a: Magnezone
|-resisted|p2a: Magnezone
|-damage|p2a: Magnezone|95/100
|
|t:|1641795210
|switch|p1a: Dragapult|Dragapult, M|100/100|[from]move: U-turn
|
|upkeep
|turn|34
|
|t:|1641795222
|move|p1a: Dragapult|Dragon Dance|p1a: Dragapult
|-boost|p1a: Dragapult|atk|1
|-boost|p1a: Dragapult|spe|1
|move|p2a: Magnezone|Discharge|p1a: Dragapult
|-resisted|p1a: Dragapult
|-damage|p1a: Dragapult|76/100
|-status|p1a: Dragapult|par
|
|-heal|p1a: Dragapult|82/100 par|[from] item: Leftovers
|upkeep
|turn|35
|
|t:|1641795238
|switch|p2a: Gengar|Gengar, M|88/100
|cant|p1a: Dragapult|par
|
|-heal|p1a: Dragapult|88/100 par|[from] item: Leftovers
|upkeep
|turn|36
|
|t:|1641795249
|move|p1a: Dragapult|Sucker Punch|p2a: Gengar
|-supereffective|p2a: Gengar
|-damage|p2a: Gengar|0 fnt
|-start|p1a: Dragapult|Disable|Sucker Punch|[from] ability: Cursed Body|[of] p2a: Gengar
|faint|p2a: Gengar
|
|-heal|p1a: Dragapult|94/100 par|[from] item: Leftovers
|upkeep
|inactive|Braian1323 has 90 seconds left.
|
|t:|1641795262
|switch|p2a: Tyranitar|Tyranitar, F|43/100
|-weather|Sandstorm|[from] ability: Sand Stream|[of] p2a: Tyranitar
|turn|37
|-message|Braian1323 forfeited.
|
|win|Rhyfinn12
|raw|Rhyfinn12's rating: 1045 &rarr; <strong>1082</strong><br />(+37 for winning)
|raw|Braian1323's rating: 1082 &rarr; <strong>1057</strong><br />(-25 for losing)
|l|☆Braian1323
