|j|☆The wrong phanto
|j|☆Count Karnstein
|t:|1641826301
|gametype|singles
|player|p1|The wrong phanto|colress|1418
|player|p2|Count Karnstein|ingo|1402
|teamsize|p1|6
|teamsize|p2|6
|gen|8
|tier|[Gen 8] OU
|rated|
|rule|Sleep Clause Mod: Limit one foe put to sleep
|rule|Species Clause: Limit one of each Pokémon
|rule|OHKO Clause: OHKO moves are banned
|rule|Evasion Moves Clause: Evasion moves are banned
|rule|Endless Battle Clause: Forcing endless battles is banned
|rule|HP Percentage Mod: HP is shown in percentages
|rule|Dynamax Clause: You cannot dynamax
|clearpoke
|poke|p1|Toxapex, F|
|poke|p1|Tornadus-Therian, M|
|poke|p1|Slowking-Galar, F|
|poke|p1|Tangrowth, F|
|poke|p1|Mienshao, F|
|poke|p1|Reuniclus, M|
|poke|p2|Ferrothorn, F|
|poke|p2|Blissey, F|
|poke|p2|Steelix, F|
|poke|p2|Lopunny, M|
|poke|p2|Toxapex, M|
|poke|p2|Ditto|
|teampreview
|inactive|Battle timer is ON: inactive players will automatically lose when time's up. (requested by The wrong phanto)
|
|t:|1641826319
|start
|switch|p1a: Mienshao|Mienshao, F|100/100
|switch|p2a: Toxapex|Toxapex, M|100/100
|turn|1
|
|t:|1641826331
|move|p1a: Mienshao|U-turn|p2a: Toxapex
|-resisted|p2a: Toxapex
|-damage|p2a: Toxapex|89/100
|-damage|p1a: Mienshao|91/100|[from] item: Life Orb
|
|t:|1641826336
|switch|p1a: Slowking|Slowking-Galar, F|100/100|[from]move: U-turn
|move|p2a: Toxapex|Toxic Spikes|p1a: Slowking
|-sidestart|p1: The wrong phanto|move: Toxic Spikes
|
|-heal|p2a: Toxapex|96/100|[from] item: Black Sludge
|upkeep
|turn|2
|
|t:|1641826347
|switch|p2a: Blissey|Blissey, F|100/100
|move|p1a: Slowking|Future Sight|p2a: Blissey
|-start|p1a: Slowking|move: Future Sight
|
|upkeep
|turn|3
|
|t:|1641826355
|switch|p1a: Toxapex|Toxapex, F|100/100
|-sideend|p1: The wrong phanto|move: Toxic Spikes|[of] p1a: Toxapex
|move|p2a: Blissey|Stealth Rock|p1a: Toxapex
|-sidestart|p1: The wrong phanto|move: Stealth Rock
|
|upkeep
|turn|4
|
|t:|1641826361
|move|p2a: Blissey|Seismic Toss|p1a: Toxapex
|-damage|p1a: Toxapex|68/100
|-damage|p2a: Blissey|84/100|[from] item: Rocky Helmet|[of] p1a: Toxapex
|move|p1a: Toxapex|Toxic Spikes|p2a: Blissey
|-sidestart|p2: Count Karnstein|move: Toxic Spikes
|
|-end|p2a: Blissey|move: Future Sight
|-damage|p2a: Blissey|63/100
|upkeep
|turn|5
|
|t:|1641826369
|move|p2a: Blissey|Wish|p2a: Blissey
|move|p1a: Toxapex|Knock Off|p2a: Blissey
|-damage|p2a: Blissey|50/100
|-enditem|p2a: Blissey|Heavy-Duty Boots|[from] move: Knock Off|[of] p1a: Toxapex
|
|upkeep
|turn|6
|
|t:|1641826376
|move|p2a: Blissey|Seismic Toss|p1a: Toxapex
|-damage|p1a: Toxapex|35/100
|-damage|p2a: Blissey|33/100|[from] item: Rocky Helmet|[of] p1a: Toxapex
|move|p1a: Toxapex|Toxic Spikes|p2a: Blissey
|-sidestart|p2: Count Karnstein|move: Toxic Spikes
|
|-heal|p2a: Blissey|83/100|[from] move: Wish|[wisher] Blissey
|upkeep
|turn|7
|
|t:|1641826385
|switch|p2a: Toxapex|Toxapex, M|100/100
|-sideend|p2: Count Karnstein|move: Toxic Spikes|[of] p2a: Toxapex
|move|p1a: Toxapex|Recover|p1a: Toxapex
|-heal|p1a: Toxapex|85/100
|
|upkeep
|turn|8
|
|t:|1641826393
|switch|p2a: Ferrothorn|Ferrothorn, F|100/100
|move|p1a: Toxapex|Toxic Spikes|p2a: Ferrothorn
|-sidestart|p2: Count Karnstein|move: Toxic Spikes
|
|upkeep
|turn|9
|
|t:|1641826398
|switch|p1a: Tornadus|Tornadus-Therian, M|100/100
|move|p2a: Ferrothorn|Leech Seed|p1a: Tornadus
|-start|p1a: Tornadus|move: Leech Seed
|
|-damage|p1a: Tornadus|88/100|[from] Leech Seed|[of] p2a: Ferrothorn
|upkeep
|turn|10
|
|t:|1641826407
|switch|p2a: Toxapex|Toxapex, M|100/100
|-sideend|p2: Count Karnstein|move: Toxic Spikes|[of] p2a: Toxapex
|move|p1a: Tornadus|Knock Off|p2a: Toxapex
|-damage|p2a: Toxapex|87/100
|-enditem|p2a: Toxapex|Black Sludge|[from] move: Knock Off|[of] p1a: Tornadus
|
|-damage|p1a: Tornadus|76/100|[from] Leech Seed|[of] p2a: Toxapex
|-heal|p2a: Toxapex|99/100|[silent]
|upkeep
|turn|11
|
|t:|1641826415
|switch|p1a: Slowking|Slowking-Galar, F|100/100
|-damage|p1a: Slowking|88/100|[from] Stealth Rock
|switch|p2a: Lopunny|Lopunny, M|100/100
|
|upkeep
|turn|12
|
|t:|1641826425
|switch|p1a: Tangrowth|Tangrowth, F|100/100
|-damage|p1a: Tangrowth|88/100|[from] Stealth Rock
|move|p2a: Lopunny|Toxic|p1a: Tangrowth
|-status|p1a: Tangrowth|tox
|
|-damage|p1a: Tangrowth|82/100 tox|[from] psn
|upkeep
|turn|13
|
|t:|1641826436
|move|p2a: Lopunny|U-turn|p1a: Tangrowth
|-supereffective|p1a: Tangrowth
|-damage|p1a: Tangrowth|67/100 tox
|-damage|p2a: Lopunny|84/100|[from] item: Rocky Helmet|[of] p1a: Tangrowth
|
|t:|1641826442
|switch|p2a: Blissey|Blissey, F|83/100|[from]move: U-turn
|move|p1a: Tangrowth|Giga Drain|p2a: Blissey
|-damage|p2a: Blissey|72/100
|-heal|p1a: Tangrowth|77/100 tox|[from] drain|[of] p2a: Blissey
|
|-damage|p1a: Tangrowth|64/100 tox|[from] psn
|upkeep
|turn|14
|
|t:|1641826454
|switch|p1a: Mienshao|Mienshao, F|100/100
|-damage|p1a: Mienshao|95/100|[from] Stealth Rock
|move|p2a: Blissey|Wish|p2a: Blissey
|
|upkeep
|turn|15
|
|t:|1641826468
|move|p2a: Blissey|Protect|p2a: Blissey
|-singleturn|p2a: Blissey|Protect
|move|p1a: Mienshao|Close Combat|p2a: Blissey
|-activate|p2a: Blissey|move: Protect
|
|-heal|p2a: Blissey|100/100|[from] move: Wish|[wisher] Blissey
|upkeep
|turn|16
|
|t:|1641826476
|switch|p2a: Toxapex|Toxapex, M|100/100
|move|p1a: Mienshao|Stone Edge|p2a: Toxapex|[miss]
|-miss|p1a: Mienshao|p2a: Toxapex
|
|upkeep
|turn|17
|
|t:|1641826488
|switch|p1a: Slowking|Slowking-Galar, F|100/100
|-damage|p1a: Slowking|88/100|[from] Stealth Rock
|switch|p2a: Lopunny|Lopunny, M|84/100
|
|upkeep
|turn|18
|
|t:|1641826495
|move|p2a: Lopunny|Toxic|p1a: Slowking|[miss]
|-miss|p2a: Lopunny|p1a: Slowking
|move|p1a: Slowking|Future Sight|p2a: Lopunny
|-start|p1a: Slowking|move: Future Sight
|
|upkeep
|turn|19
|
|t:|1641826501
|move|p2a: Lopunny|Encore|p1a: Slowking
|-start|p1a: Slowking|Encore
|move|p1a: Slowking|Future Sight||[still]
|-fail|p1a: Slowking
|
|upkeep
|turn|20
|
|t:|1641826508
|move|p2a: Lopunny|U-turn|p1a: Slowking
|-damage|p1a: Slowking|75/100
|
|t:|1641826512
|switch|p2a: Blissey|Blissey, F|100/100|[from]move: U-turn
|move|p1a: Slowking|Future Sight||[still]
|-fail|p1a: Slowking
|
|-end|p2a: Blissey|move: Future Sight
|-crit|p2a: Blissey
|-damage|p2a: Blissey|70/100
|upkeep
|turn|21
|
|t:|1641826522
|move|p2a: Blissey|Wish|p2a: Blissey
|move|p1a: Slowking|Future Sight|p2a: Blissey
|-start|p1a: Slowking|move: Future Sight
|
|-end|p1a: Slowking|Encore
|upkeep
|turn|22
|
|t:|1641826528
|switch|p1a: Reuniclus|Reuniclus, M|100/100
|-damage|p1a: Reuniclus|88/100|[from] Stealth Rock
|move|p2a: Blissey|Seismic Toss|p1a: Reuniclus
|-damage|p1a: Reuniclus|64/100
|
|-heal|p2a: Blissey|100/100|[from] move: Wish|[wisher] Blissey
|upkeep
|turn|23
|
|t:|1641826537
|move|p2a: Blissey|Seismic Toss|p1a: Reuniclus
|-damage|p1a: Reuniclus|41/100
|move|p1a: Reuniclus|Calm Mind|p1a: Reuniclus
|-boost|p1a: Reuniclus|spa|1
|-boost|p1a: Reuniclus|spd|1
|
|-end|p2a: Blissey|move: Future Sight
|-damage|p2a: Blissey|82/100
|upkeep
|turn|24
|
|t:|1641826549
|switch|p2a: Lopunny|Lopunny, M|84/100
|move|p1a: Reuniclus|Recover|p1a: Reuniclus
|-heal|p1a: Reuniclus|91/100
|
|upkeep
|turn|25
|
|t:|1641826555
|move|p2a: Lopunny|Switcheroo|p1a: Reuniclus
|-activate|p2a: Lopunny|move: Trick|[of] p1a: Reuniclus
|-item|p1a: Reuniclus|Assault Vest|[from] move: Switcheroo
|-item|p2a: Lopunny|Life Orb|[from] move: Switcheroo
|move|p1a: Reuniclus|Psyshock|p2a: Lopunny
|-damage|p2a: Lopunny|24/100
|
|upkeep
|turn|26
|inactive|The wrong phanto has 120 seconds left.
|c|☆The wrong phanto|!dt assaut veste
No Pokémon, item, move, ability or nature named 'assaut veste' was found. Showing the data of 'Assault Vest' instead.
|raw|<ul class="utilichart"><li class="result"><span class="col itemiconcol"><psicon item="assaultvest"></span> <span class="col namecol"><a href="https://dex.pokemonshowdown.com/items/assaultvest">Assault Vest</a></span> <span class="col itemdesccol">Holder's Sp. Def is 1.5x, but it can only select damaging moves.</span> </li><li style="clear:both"></li></ul>
|raw|<font size="1"><font color="#686868">Gen:</font> 6&nbsp;|&ThickSpace;<font color="#686868">Fling Base Power:</font> 80</font>

|c|☆The wrong phanto|You are cheat
|
|t:|1641826612
|move|p2a: Lopunny|U-turn|p1a: Reuniclus
|-supereffective|p1a: Reuniclus
|-damage|p1a: Reuniclus|73/100
|c|☆Count Karnstein|Lopunny has Klutz ability
|
|t:|1641826619
|switch|p2a: Steelix|Steelix, F|100/100|[from]move: U-turn
|move|p1a: Reuniclus|Psyshock|p2a: Steelix
|-resisted|p2a: Steelix
|-damage|p2a: Steelix|90/100
|
|upkeep
|turn|27
|c|☆The wrong phanto|!dt klutz
|raw|<ul class="utilichart"><li class="result"><span class="col namecol"><a href="https://dex.pokemonshowdown.com/abilities/klutz">Klutz</a></span> <span class="col abilitydesccol">This Pokemon's held item has no effect, except Macho Brace. Fling cannot be used.</span> </li><li style="clear:both"></li></ul>
|raw|<font size="1"><font color="#686868">Gen:</font> 4</font>

|c|☆The wrong phanto|Oh sorry
|inactive|The wrong phanto has 90 seconds left.
|c|☆The wrong phanto|I don't know this abilyti
|
|t:|1641826661
|switch|p1a: Tangrowth|Tangrowth, F|98/100 tox
|-damage|p1a: Tangrowth|85/100 tox|[from] Stealth Rock
|switch|p2a: Blissey|Blissey, F|82/100
|
|-damage|p1a: Tangrowth|79/100 tox|[from] psn
|upkeep
|turn|28
|
|t:|1641826677
|switch|p2a: Ferrothorn|Ferrothorn, F|100/100
|move|p1a: Tangrowth|Focus Blast|p2a: Ferrothorn|[miss]
|-miss|p1a: Tangrowth|p2a: Ferrothorn
|
|-damage|p1a: Tangrowth|67/100 tox|[from] psn
|upkeep
|turn|29
|
|t:|1641826689
|switch|p2a: Toxapex|Toxapex, M|100/100
|move|p1a: Tangrowth|Focus Blast|p2a: Toxapex
|-resisted|p2a: Toxapex
|-damage|p2a: Toxapex|89/100
|-unboost|p2a: Toxapex|spd|1
|
|-damage|p1a: Tangrowth|48/100 tox|[from] psn
|upkeep
|turn|30
|inactive|The wrong phanto has 90 seconds left.
|
|t:|1641826699
|switch|p1a: Toxapex|Toxapex, F|100/100
|-damage|p1a: Toxapex|88/100|[from] Stealth Rock
|switch|p2a: Blissey|Blissey, F|82/100
|
|upkeep
|turn|31
|
|t:|1641826709
|switch|p2a: Ferrothorn|Ferrothorn, F|100/100
|move|p1a: Toxapex|Toxic Spikes|p2a: Ferrothorn
|-sidestart|p2: Count Karnstein|move: Toxic Spikes
|
|upkeep
|turn|32
|
|t:|1641826719
|switch|p1a: Tornadus|Tornadus-Therian, M|100/100
|move|p2a: Ferrothorn|Leech Seed|p1a: Tornadus
|-start|p1a: Tornadus|move: Leech Seed
|
|-damage|p1a: Tornadus|88/100|[from] Leech Seed|[of] p2a: Ferrothorn
|upkeep
|turn|33
|
|t:|1641826727
|switch|p2a: Toxapex|Toxapex, M|100/100
|-sideend|p2: Count Karnstein|move: Toxic Spikes|[of] p2a: Toxapex
|move|p1a: Tornadus|Nasty Plot|p1a: Tornadus
|-boost|p1a: Tornadus|spa|2
|
|-damage|p1a: Tornadus|76/100|[from] Leech Seed|[of] p2a: Toxapex
|upkeep
|turn|34
|
|t:|1641826736
|switch|p2a: Lopunny|Lopunny, M|24/100
|move|p1a: Tornadus|Hurricane|p2a: Lopunny
|-damage|p2a: Lopunny|0 fnt
|faint|p2a: Lopunny
|
|upkeep
|
|t:|1641826744
|switch|p2a: Ditto|Ditto|100/100
|-transform|p2a: Ditto|p1a: Tornadus|[from] ability: Imposter
|turn|35
|
|t:|1641826752
|move|p2a: Ditto|Hurricane|p1a: Tornadus
|-damage|p1a: Tornadus|0 fnt
|faint|p1a: Tornadus
|
|upkeep
|
|t:|1641826756
|switch|p1a: Toxapex|Toxapex, F|100/100
|-damage|p1a: Toxapex|88/100|[from] Stealth Rock
|turn|36
|
|t:|1641826769
|switch|p2a: Blissey|Blissey, F|82/100
|move|p1a: Toxapex|Recover|p1a: Toxapex
|-heal|p1a: Toxapex|100/100
|
|upkeep
|turn|37
|
|t:|1641826777
|switch|p2a: Ferrothorn|Ferrothorn, F|100/100
|move|p1a: Toxapex|Toxic Spikes|p2a: Ferrothorn
|-sidestart|p2: Count Karnstein|move: Toxic Spikes
|
|upkeep
|turn|38
|
|t:|1641826784
|switch|p1a: Slowking|Slowking-Galar, F|100/100
|-damage|p1a: Slowking|88/100|[from] Stealth Rock
|move|p2a: Ferrothorn|Leech Seed|p1a: Slowking
|-start|p1a: Slowking|move: Leech Seed
|
|-damage|p1a: Slowking|76/100|[from] Leech Seed|[of] p2a: Ferrothorn
|upkeep
|turn|39
|
|t:|1641826793
|switch|p2a: Toxapex|Toxapex, M|100/100
|-sideend|p2: Count Karnstein|move: Toxic Spikes|[of] p2a: Toxapex
|move|p1a: Slowking|Future Sight|p2a: Toxapex
|-start|p1a: Slowking|move: Future Sight
|
|-damage|p1a: Slowking|63/100|[from] Leech Seed|[of] p2a: Toxapex
|upkeep
|turn|40
|
|t:|1641826800
|switch|p2a: Blissey|Blissey, F|82/100
|move|p1a: Slowking|Earthquake|p2a: Blissey
|-damage|p2a: Blissey|69/100
|
|-damage|p1a: Slowking|51/100|[from] Leech Seed|[of] p2a: Blissey
|-heal|p2a: Blissey|76/100|[silent]
|upkeep
|turn|41
|
|t:|1641826811
|switch|p2a: Ferrothorn|Ferrothorn, F|100/100
|switch|p1a: Reuniclus|Reuniclus, M|100/100
|-damage|p1a: Reuniclus|88/100|[from] Stealth Rock
|
|-end|p2a: Ferrothorn|move: Future Sight
|-resisted|p2a: Ferrothorn
|-damage|p2a: Ferrothorn|83/100
|-heal|p2a: Ferrothorn|90/100|[from] item: Leftovers
|upkeep
|turn|42
|
|t:|1641826821
|switch|p1a: Mienshao|Mienshao, F|100/100
|-damage|p1a: Mienshao|95/100|[from] Stealth Rock
|move|p2a: Ferrothorn|Spikes|p1a: Mienshao
|-sidestart|p1: The wrong phanto|Spikes
|
|-heal|p2a: Ferrothorn|96/100|[from] item: Leftovers
|upkeep
|turn|43
|
|t:|1641826829
|switch|p2a: Toxapex|Toxapex, M|100/100
|move|p1a: Mienshao|Stone Edge|p2a: Toxapex|[miss]
|-miss|p1a: Mienshao|p2a: Toxapex
|
|upkeep
|turn|44
|
|t:|1641826840
|move|p1a: Mienshao|U-turn|p2a: Toxapex
|-resisted|p2a: Toxapex
|-damage|p2a: Toxapex|89/100
|-damage|p1a: Mienshao|85/100|[from] item: Life Orb
|-message|The wrong phanto forfeited.
|
|win|Count Karnstein
|raw|The wrong phanto's rating: 1418 &rarr; <strong>1397</strong><br />(-21 for losing)
|raw|Count Karnstein's rating: 1402 &rarr; <strong>1423</strong><br />(+21 for winning)
|l|☆The wrong phanto
||Ladder isn't responding, score probably updated but might not have (Request timeout).
