|j|☆Jqlove
|j|☆comradesquidwar
|t:|1641781845
|gametype|singles
|player|p1|Jqlove|caitlin|1541
|player|p2|comradesquidwar|janitor|1639
|teamsize|p1|6
|teamsize|p2|6
|gen|8
|tier|[Gen 8] OU
|rated|
|rule|Sleep Clause Mod: Limit one foe put to sleep
|rule|Species Clause: Limit one of each Pokémon
|rule|OHKO Clause: OHKO moves are banned
|rule|Evasion Moves Clause: Evasion moves are banned
|rule|Endless Battle Clause: Forcing endless battles is banned
|rule|HP Percentage Mod: HP is shown in percentages
|rule|Dynamax Clause: You cannot dynamax
|clearpoke
|poke|p1|Marowak-Alola, M|
|poke|p1|Hatterene, F|
|poke|p1|Crawdaunt, M|
|poke|p1|Melmetal|
|poke|p1|Porygon2|
|poke|p1|Cresselia, F|
|poke|p2|Clefable, M|
|poke|p2|Tapu Lele|
|poke|p2|Tornadus-Therian, M|
|poke|p2|Seismitoad, M|
|poke|p2|Gengar, M|
|poke|p2|Toxapex, F|
|teampreview
|inactive|Battle timer is ON: inactive players will automatically lose when time's up. (requested by comradesquidwar)
|j| MarketablePlushie
|
|t:|1641781852
|start
|switch|p1a: Hatterene|Hatterene, F|100/100
|switch|p2a: Gengar|Gengar, M|100/100
|turn|1
|
|t:|1641781857
|move|p2a: Gengar|Trick|p1a: Hatterene
|-activate|p2a: Gengar|move: Trick|[of] p1a: Hatterene
|-item|p1a: Hatterene|Choice Scarf|[from] move: Trick
|-item|p2a: Gengar|Focus Sash|[from] move: Trick
|move|p1a: Hatterene|Trick Room|p1a: Hatterene
|-fieldstart|move: Trick Room|[of] p1a: Hatterene
|
|upkeep
|turn|2
|
|t:|1641781863
|switch|p1a: Melmetal|Melmetal|100/100
|move|p2a: Gengar|Nasty Plot|p2a: Gengar
|-boost|p2a: Gengar|spa|2
|
|upkeep
|turn|3
|
|t:|1641781868
|switch|p2a: Toxapex|Toxapex, F, shiny|100/100
|move|p1a: Melmetal|Double Iron Bash|p2a: Toxapex
|-resisted|p2a: Toxapex
|-damage|p2a: Toxapex|81/100
|-damage|p1a: Melmetal|84/100|[from] item: Rocky Helmet|[of] p2a: Toxapex
|-resisted|p2a: Toxapex
|-damage|p2a: Toxapex|58/100
|-damage|p1a: Melmetal|67/100|[from] item: Rocky Helmet|[of] p2a: Toxapex
|-hitcount|p2a: Toxapex|2
|
|upkeep
|turn|4
|
|t:|1641781875
|switch|p1a: Porygon2|Porygon2|100/100
|-ability|p1a: Porygon2|Download|boost
|-boost|p1a: Porygon2|spa|1
|move|p2a: Toxapex|Recover|p2a: Toxapex
|-heal|p2a: Toxapex|100/100
|
|upkeep
|turn|5
|
|t:|1641781880
|move|p2a: Toxapex|Knock Off|p1a: Porygon2
|-damage|p1a: Porygon2|90/100
|-enditem|p1a: Porygon2|Eviolite|[from] move: Knock Off|[of] p2a: Toxapex
|move|p1a: Porygon2|Thunderbolt|p2a: Toxapex
|-supereffective|p2a: Toxapex
|-crit|p2a: Toxapex
|-damage|p2a: Toxapex|4/100
|
|-fieldend|move: Trick Room
|upkeep
|turn|6
|
|t:|1641781889
|switch|p2a: Seismitoad|Seismitoad, M, shiny|100/100
|move|p1a: Porygon2|Trick Room|p1a: Porygon2
|-fieldstart|move: Trick Room|[of] p1a: Porygon2
|
|upkeep
|turn|7
|
|t:|1641781894
|move|p2a: Seismitoad|Scald|p1a: Porygon2
|-damage|p1a: Porygon2|68/100
|move|p1a: Porygon2|Teleport|p1a: Porygon2
|
|t:|1641781898
|switch|p1a: Crawdaunt|Crawdaunt, M|100/100|[from]move: Teleport
|
|upkeep
|turn|8
|
|t:|1641781901
|move|p1a: Crawdaunt|Swords Dance|p1a: Crawdaunt
|-boost|p1a: Crawdaunt|atk|2
|move|p2a: Seismitoad|Scald|p1a: Crawdaunt
|-resisted|p1a: Crawdaunt
|-crit|p1a: Crawdaunt
|-damage|p1a: Crawdaunt|69/100
|
|upkeep
|turn|9
|
|t:|1641781911
|move|p1a: Crawdaunt|Crabhammer|p2a: Seismitoad
|-immune|p2a: Seismitoad|[from] ability: Water Absorb
|move|p2a: Seismitoad|Scald|p1a: Crawdaunt
|-resisted|p1a: Crawdaunt
|-damage|p1a: Crawdaunt|50/100
|
|upkeep
|turn|10
|
|t:|1641781918
|move|p1a: Crawdaunt|Knock Off|p2a: Seismitoad
|-damage|p2a: Seismitoad|0 fnt
|-enditem|p2a: Seismitoad|Leftovers|[from] move: Knock Off|[of] p1a: Crawdaunt
|faint|p2a: Seismitoad
|-damage|p1a: Crawdaunt|40/100|[from] item: Life Orb
|
|-fieldend|move: Trick Room
|upkeep
|
|t:|1641781921
|switch|p2a: Tapu Lele|Tapu Lele|100/100
|-fieldstart|move: Psychic Terrain|[from] ability: Psychic Surge|[of] p2a: Tapu Lele
|turn|11
|
|t:|1641781928
|switch|p1a: Melmetal|Melmetal|67/100
|move|p2a: Tapu Lele|Moonblast|p1a: Melmetal
|-resisted|p1a: Melmetal
|-damage|p1a: Melmetal|43/100
|-unboost|p1a: Melmetal|spa|1
|
|upkeep
|turn|12
|
|t:|1641781944
|move|p2a: Tapu Lele|Moonblast|p1a: Melmetal
|-resisted|p1a: Melmetal
|-damage|p1a: Melmetal|20/100
|-unboost|p1a: Melmetal|spa|1
|move|p1a: Melmetal|Double Iron Bash|p2a: Tapu Lele
|-supereffective|p2a: Tapu Lele
|-damage|p2a: Tapu Lele|0 fnt
|faint|p2a: Tapu Lele
|-hitcount|p2: Tapu Lele|1
|
|upkeep
|j| GalarianN00b
|
|t:|1641781950
|switch|p2a: Gengar|Gengar, M|100/100
|turn|13
|
|t:|1641781957
|move|p2a: Gengar|Shadow Ball|p1a: Melmetal
|-damage|p1a: Melmetal|0 fnt
|faint|p1a: Melmetal
|
|upkeep
|
|t:|1641781960
|switch|p1a: Porygon2|Porygon2|68/100
|-ability|p1a: Porygon2|Download|boost
|-boost|p1a: Porygon2|atk|1
|turn|14
|
|t:|1641781970
|move|p2a: Gengar|Nasty Plot|p2a: Gengar
|-boost|p2a: Gengar|spa|2
|move|p1a: Porygon2|Trick Room|p1a: Porygon2
|-fieldstart|move: Trick Room|[of] p1a: Porygon2
|
|upkeep
|turn|15
|
|t:|1641781975
|move|p2a: Gengar|Sludge Wave|p1a: Porygon2
|-damage|p1a: Porygon2|0 fnt
|faint|p1a: Porygon2
|
|-fieldend|move: Psychic Terrain
|upkeep
|
|t:|1641781977
|switch|p1a: Crawdaunt|Crawdaunt, M|40/100
|turn|16
|
|t:|1641781981
|move|p1a: Crawdaunt|Knock Off|p2a: Gengar
|-supereffective|p2a: Gengar
|-enditem|p2a: Gengar|Focus Sash
|-damage|p2a: Gengar|1/100
|-start|p1a: Crawdaunt|Disable|Knock Off|[from] ability: Cursed Body|[of] p2a: Gengar
|-damage|p1a: Crawdaunt|30/100|[from] item: Life Orb
|move|p2a: Gengar|Sludge Wave|p1a: Crawdaunt
|-damage|p1a: Crawdaunt|0 fnt
|faint|p1a: Crawdaunt
|
|upkeep
|
|t:|1641781985
|switch|p1a: Marowak|Marowak-Alola, M|100/100
|turn|17
|
|t:|1641781992
|switch|p2a: Tornadus|Tornadus-Therian, M, shiny|100/100
|move|p1a: Marowak|Earthquake|p2a: Tornadus
|-immune|p2a: Tornadus
|
|upkeep
|turn|18
|
|t:|1641782000
|switch|p1a: Hatterene|Hatterene, F|100/100
|move|p2a: Tornadus|U-turn|p1a: Hatterene
|-damage|p1a: Hatterene|89/100
|j| Fourthstar
|
|t:|1641782003
|switch|p2a: Gengar|Gengar, M|1/100|[from]move: U-turn
|
|-fieldend|move: Trick Room
|upkeep
|turn|19
|
|t:|1641782007
|move|p2a: Gengar|Sludge Wave|p1a: Hatterene
|-supereffective|p1a: Hatterene
|-damage|p1a: Hatterene|0 fnt
|faint|p1a: Hatterene
|
|upkeep
|
|t:|1641782010
|switch|p1a: Marowak|Marowak-Alola, M|100/100
|turn|20
|
|t:|1641782014
|move|p2a: Gengar|Shadow Ball|p1a: Marowak
|-supereffective|p1a: Marowak
|-damage|p1a: Marowak|0 fnt
|faint|p1a: Marowak
|
|upkeep
|-message|Jqlove forfeited.
|
|win|comradesquidwar
|raw|Jqlove's rating: 1541 &rarr; <strong>1526</strong><br />(-15 for losing)
|raw|comradesquidwar's rating: 1639 &rarr; <strong>1654</strong><br />(+15 for winning)
|l|☆Jqlove
