|j|☆outh xxo
|j|☆greystaple
|t:|1641844304
|gametype|singles
|player|p1|outh xxo|169|1639
|player|p2|greystaple|hilbert-wonderlauncher|1667
|teamsize|p1|6
|teamsize|p2|6
|gen|8
|tier|[Gen 8] OU
|rated|
|rule|Sleep Clause Mod: Limit one foe put to sleep
|rule|Species Clause: Limit one of each Pokémon
|rule|OHKO Clause: OHKO moves are banned
|rule|Evasion Moves Clause: Evasion moves are banned
|rule|Endless Battle Clause: Forcing endless battles is banned
|rule|HP Percentage Mod: HP is shown in percentages
|rule|Dynamax Clause: You cannot dynamax
|clearpoke
|poke|p1|Ninetales-Alola, M|
|poke|p1|Volcarona, F|
|poke|p1|Clefable, M|
|poke|p1|Zeraora|
|poke|p1|Slowking-Galar, M|
|poke|p1|Latias, F|
|poke|p2|Garchomp, F|
|poke|p2|Melmetal|
|poke|p2|Tapu Lele|
|poke|p2|Tornadus-Therian, M|
|poke|p2|Ferrothorn, F|
|poke|p2|Rotom-Wash|
|teampreview
|
|t:|1641844325
|start
|switch|p1a: Ninetales|Ninetales-Alola, M|100/100
|switch|p2a: Melmetal|Melmetal|100/100
|-weather|Hail|[from] ability: Snow Warning|[of] p1a: Ninetales
|turn|1
|
|t:|1641844333
|move|p1a: Ninetales|Aurora Veil|p1a: Ninetales
|-sidestart|p1: outh xxo|move: Aurora Veil
|move|p2a: Melmetal|Double Iron Bash|p1a: Ninetales
|-supereffective|p1a: Ninetales
|-damage|p1a: Ninetales|0 fnt
|faint|p1a: Ninetales
|-hitcount|p1: Ninetales|1
|
|-weather|Hail|[upkeep]
|-damage|p2a: Melmetal|94/100|[from] Hail
|upkeep
|
|t:|1641844335
|switch|p1a: Volcarona|Volcarona, F|100/100
|turn|2
|
|t:|1641844339
|move|p1a: Volcarona|Quiver Dance|p1a: Volcarona
|-boost|p1a: Volcarona|spa|1
|-boost|p1a: Volcarona|spd|1
|-boost|p1a: Volcarona|spe|1
|move|p2a: Melmetal|Toxic|p1a: Volcarona
|-status|p1a: Volcarona|tox
|
|-weather|Hail|[upkeep]
|-damage|p1a: Volcarona|94/100 tox|[from] Hail
|-damage|p2a: Melmetal|88/100|[from] Hail
|-damage|p1a: Volcarona|88/100 tox|[from] psn
|upkeep
|turn|3
|
|t:|1641844342
|switch|p2a: Tornadus|Tornadus-Therian, M|100/100
|move|p1a: Volcarona|Fiery Dance|p2a: Tornadus
|-damage|p2a: Tornadus|57/100
|-boost|p1a: Volcarona|spa|1
|
|-weather|Hail|[upkeep]
|-damage|p1a: Volcarona|82/100 tox|[from] Hail
|-damage|p2a: Tornadus|51/100|[from] Hail
|-damage|p1a: Volcarona|70/100 tox|[from] psn
|upkeep
|turn|4
|
|t:|1641844350
|switch|p2a: Rotom|Rotom-Wash|100/100
|move|p1a: Volcarona|Fiery Dance|p2a: Rotom
|-resisted|p2a: Rotom
|-damage|p2a: Rotom|65/100
|
|-weather|Hail|[upkeep]
|-damage|p1a: Volcarona|64/100 tox|[from] Hail
|-damage|p2a: Rotom|59/100|[from] Hail
|-heal|p2a: Rotom|65/100|[from] item: Leftovers
|-damage|p1a: Volcarona|46/100 tox|[from] psn
|upkeep
|turn|5
|
|t:|1641844360
|move|p1a: Volcarona|Fiery Dance|p2a: Rotom
|-resisted|p2a: Rotom
|-damage|p2a: Rotom|29/100
|-boost|p1a: Volcarona|spa|1
|move|p2a: Rotom|Hydro Pump|p1a: Volcarona
|-supereffective|p1a: Volcarona
|-damage|p1a: Volcarona|16/100 tox
|
|-weather|none
|-heal|p2a: Rotom|36/100|[from] item: Leftovers
|-damage|p1a: Volcarona|0 fnt|[from] psn
|faint|p1a: Volcarona
|upkeep
|
|t:|1641844367
|switch|p1a: Slowking|Slowking-Galar, M|100/100
|turn|6
|
|t:|1641844371
|move|p2a: Rotom|Volt Switch|p1a: Slowking
|-damage|p1a: Slowking|92/100
|j| B4tt1enet
|
|t:|1641844380
|switch|p2a: Tornadus|Tornadus-Therian, M|84/100|[from]move: Volt Switch
|move|p1a: Slowking|Calm Mind|p1a: Slowking
|-boost|p1a: Slowking|spa|1
|-boost|p1a: Slowking|spd|1
|
|upkeep
|turn|7
|
|t:|1641844392
|move|p2a: Tornadus|Knock Off|p1a: Slowking
|-supereffective|p1a: Slowking
|-damage|p1a: Slowking|75/100
|-enditem|p1a: Slowking|Shuca Berry|[from] move: Knock Off|[of] p2a: Tornadus
|move|p1a: Slowking|Calm Mind|p1a: Slowking
|-boost|p1a: Slowking|spa|1
|-boost|p1a: Slowking|spd|1
|
|upkeep
|turn|8
|j| BabyPigsAreLaughin
|
|t:|1641844403
|move|p2a: Tornadus|Hurricane|p1a: Slowking|[miss]
|-miss|p2a: Tornadus|p1a: Slowking
|move|p1a: Slowking|Slack Off|p1a: Slowking
|-heal|p1a: Slowking|100/100
|
|-sideend|p1: outh xxo|move: Aurora Veil
|upkeep
|turn|9
|
|t:|1641844413
|move|p2a: Tornadus|U-turn|p1a: Slowking
|-crit|p1a: Slowking
|-damage|p1a: Slowking|82/100
|
|t:|1641844417
|switch|p2a: Ferrothorn|Ferrothorn, F|100/100|[from]move: U-turn
|move|p1a: Slowking|Psyshock|p2a: Ferrothorn
|-resisted|p2a: Ferrothorn
|-damage|p2a: Ferrothorn|81/100
|
|upkeep
|turn|10
|
|t:|1641844423
|move|p1a: Slowking|Scald|p2a: Ferrothorn
|-resisted|p2a: Ferrothorn
|-damage|p2a: Ferrothorn|64/100
|-status|p2a: Ferrothorn|brn
|move|p2a: Ferrothorn|Leech Seed|p1a: Slowking
|-start|p1a: Slowking|move: Leech Seed
|
|-damage|p1a: Slowking|69/100|[from] Leech Seed|[of] p2a: Ferrothorn
|-heal|p2a: Ferrothorn|78/100 brn|[silent]
|-damage|p2a: Ferrothorn|72/100 brn|[from] brn
|upkeep
|turn|11
|
|t:|1641844427
|move|p1a: Slowking|Calm Mind|p1a: Slowking
|-boost|p1a: Slowking|spa|1
|-boost|p1a: Slowking|spd|1
|move|p2a: Ferrothorn|Stealth Rock|p1a: Slowking
|-sidestart|p1: outh xxo|move: Stealth Rock
|
|-damage|p1a: Slowking|57/100|[from] Leech Seed|[of] p2a: Ferrothorn
|-heal|p2a: Ferrothorn|86/100 brn|[silent]
|-damage|p2a: Ferrothorn|80/100 brn|[from] brn
|upkeep
|turn|12
|
|t:|1641844444
|switch|p2a: Rotom|Rotom-Wash|36/100
|move|p1a: Slowking|Psyshock|p2a: Rotom
|-damage|p2a: Rotom|0 fnt
|faint|p2a: Rotom
|
|upkeep
|
|t:|1641844446
|switch|p2a: Melmetal|Melmetal|88/100
|turn|13
|
|t:|1641844454
|move|p2a: Melmetal|Double Iron Bash|p1a: Slowking
|-damage|p1a: Slowking|23/100
|-damage|p1a: Slowking|0 fnt
|faint|p1a: Slowking
|-hitcount|p1: Slowking|2
|
|upkeep
|
|t:|1641844460
|switch|p1a: Zeraora|Zeraora|100/100
|-damage|p1a: Zeraora|88/100|[from] Stealth Rock
|turn|14
|
|t:|1641844463
|switch|p2a: Garchomp|Garchomp, F|100/100
|move|p1a: Zeraora|Focus Blast|p2a: Garchomp
|-damage|p2a: Garchomp|64/100
|
|-heal|p1a: Zeraora|94/100|[from] item: Leftovers
|-heal|p2a: Garchomp|70/100|[from] item: Leftovers
|upkeep
|turn|15
|
|t:|1641844473
|switch|p1a: Clefable|Clefable, M|100/100
|move|p2a: Garchomp|Earthquake|p1a: Clefable
|-damage|p1a: Clefable|62/100
|
|-heal|p2a: Garchomp|76/100|[from] item: Leftovers
|-heal|p1a: Clefable|68/100|[from] item: Leftovers
|upkeep
|turn|16
|
|t:|1641844478
|switch|p2a: Melmetal|Melmetal|88/100
|switch|p1a: Zeraora|Zeraora|94/100
|-damage|p1a: Zeraora|82/100|[from] Stealth Rock
|
|-heal|p1a: Zeraora|88/100|[from] item: Leftovers
|upkeep
|turn|17
|
|t:|1641844490
|switch|p2a: Tapu Lele|Tapu Lele|100/100
|-fieldstart|move: Psychic Terrain|[from] ability: Psychic Surge|[of] p2a: Tapu Lele
|move|p1a: Zeraora|Focus Blast|p2a: Tapu Lele
|-resisted|p2a: Tapu Lele
|-crit|p2a: Tapu Lele
|-damage|p2a: Tapu Lele|87/100
|
|-heal|p1a: Zeraora|94/100|[from] item: Leftovers
|upkeep
|turn|18
|
|t:|1641844497
|move|p2a: Tapu Lele|Moonblast|p1a: Zeraora
|-damage|p1a: Zeraora|35/100
|move|p1a: Zeraora|Calm Mind|p1a: Zeraora
|-boost|p1a: Zeraora|spa|1
|-boost|p1a: Zeraora|spd|1
|
|-heal|p1a: Zeraora|41/100|[from] item: Leftovers
|upkeep
|turn|19
|
|t:|1641844508
|move|p2a: Tapu Lele|Moonblast|p1a: Zeraora
|-damage|p1a: Zeraora|0 fnt
|faint|p1a: Zeraora
|
|upkeep
|
|t:|1641844515
|switch|p1a: Clefable|Clefable, M|68/100
|turn|20
|
|t:|1641844517
|switch|p2a: Melmetal|Melmetal|88/100
|move|p1a: Clefable|Soft-Boiled|p1a: Clefable
|-heal|p1a: Clefable|100/100
|
|upkeep
|turn|21
|
|t:|1641844521
|move|p2a: Melmetal|Double Iron Bash|p1a: Clefable
|-supereffective|p1a: Clefable
|-damage|p1a: Clefable|28/100
|-supereffective|p1a: Clefable
|-damage|p1a: Clefable|0 fnt
|faint|p1a: Clefable
|-hitcount|p1: Clefable|2
|
|-fieldend|move: Psychic Terrain
|upkeep
|
|t:|1641844524
|switch|p1a: Latias|Latias, F|100/100
|-damage|p1a: Latias|88/100|[from] Stealth Rock
|turn|22
|-message|outh xxo forfeited.
|
|win|greystaple
|raw|outh xxo's rating: 1639 &rarr; <strong>1621</strong><br />(-18 for losing)
|raw|greystaple's rating: 1667 &rarr; <strong>1685</strong><br />(+18 for winning)
|l|☆outh xxo
|l| B4tt1enet
|c|☆greystaple|gg
|c| BabyPigsAreLaughin|Nice 5-0.
||Ladder isn't responding, score probably updated but might not have (Request timeout).
|l| BabyPigsAreLaughin
