|j|‽testingbot42o
|j|☆DumbLick1337
|t:|1641834523
|gametype|singles
|player|p1|testingbot42o|102|1337
|player|p2|DumbLick1337|102|1344
|teamsize|p1|6
|teamsize|p2|6
|gen|8
|tier|[Gen 8] OU
|rated|
|rule|Sleep Clause Mod: Limit one foe put to sleep
|rule|Species Clause: Limit one of each Pokémon
|rule|OHKO Clause: OHKO moves are banned
|rule|Evasion Moves Clause: Evasion moves are banned
|rule|Endless Battle Clause: Forcing endless battles is banned
|rule|HP Percentage Mod: HP is shown in percentages
|rule|Dynamax Clause: You cannot dynamax
|clearpoke
|poke|p1|Clefable, M|
|poke|p1|Corviknight, F|
|poke|p1|Hydreigon, M|
|poke|p1|Rotom-Wash|
|poke|p1|Hippowdon, M|
|poke|p1|Excadrill, M|
|poke|p2|Rotom-Heat|
|poke|p2|Corviknight, M|
|poke|p2|Clefable, M|
|poke|p2|Seismitoad, M|
|poke|p2|Hydreigon, M|
|poke|p2|Gyarados, F|
|teampreview
|
|t:|1641834526
|start
|switch|p1a: Clefable|Clefable, M|100/100
|switch|p2a: Seismitoad|Seismitoad, M|100/100
|turn|1
|inactive|Battle timer is ON: inactive players will automatically lose when time's up. (requested by testingbot42o)
|c|☆DumbLick1337|hf
|inactive|DumbLick1337 also wants the timer to be on.
|
|t:|1641834530
|switch|p1a: Hydreigon|Hydreigon, M|100/100
|move|p2a: Seismitoad|Stealth Rock|p1a: Hydreigon
|-sidestart|p1: testingbot42o|move: Stealth Rock
|
|upkeep
|turn|2
|
|t:|1641834534
|switch|p2a: Clefable|Clefable, M|100/100
|move|p1a: Hydreigon|Substitute|p1a: Hydreigon
|-start|p1a: Hydreigon|Substitute
|-damage|p1a: Hydreigon|76/100
|
|-heal|p1a: Hydreigon|82/100|[from] item: Leftovers
|upkeep
|turn|3
|
|t:|1641834538
|move|p1a: Hydreigon|Nasty Plot|p1a: Hydreigon
|-boost|p1a: Hydreigon|spa|2
|move|p2a: Clefable|Moonblast|p1a: Hydreigon
|-supereffective|p1a: Hydreigon
|-end|p1a: Hydreigon|Substitute
|
|-heal|p1a: Hydreigon|88/100|[from] item: Leftovers
|upkeep
|turn|4
|
|t:|1641834540
|move|p1a: Hydreigon|Substitute|p1a: Hydreigon
|-start|p1a: Hydreigon|Substitute
|-damage|p1a: Hydreigon|63/100
|move|p2a: Clefable|Moonblast|p1a: Hydreigon
|-supereffective|p1a: Hydreigon
|-end|p1a: Hydreigon|Substitute
|
|-heal|p1a: Hydreigon|69/100|[from] item: Leftovers
|upkeep
|turn|5
|
|t:|1641834542
|move|p1a: Hydreigon|Substitute|p1a: Hydreigon
|-start|p1a: Hydreigon|Substitute
|-damage|p1a: Hydreigon|44/100
|move|p2a: Clefable|Moonblast|p1a: Hydreigon
|-supereffective|p1a: Hydreigon
|-end|p1a: Hydreigon|Substitute
|
|-heal|p1a: Hydreigon|50/100|[from] item: Leftovers
|upkeep
|turn|6
|
|t:|1641834544
|move|p1a: Hydreigon|Substitute|p1a: Hydreigon
|-start|p1a: Hydreigon|Substitute
|-damage|p1a: Hydreigon|25/100
|move|p2a: Clefable|Moonblast|p1a: Hydreigon
|-supereffective|p1a: Hydreigon
|-end|p1a: Hydreigon|Substitute
|
|-heal|p1a: Hydreigon|32/100|[from] item: Leftovers
|upkeep
|turn|7
|
|t:|1641834546
|move|p1a: Hydreigon|Flash Cannon|p2a: Clefable
|-supereffective|p2a: Clefable
|-damage|p2a: Clefable|16/100
|-unboost|p2a: Clefable|spd|1
|move|p2a: Clefable|Moonblast|p1a: Hydreigon
|-supereffective|p1a: Hydreigon
|-damage|p1a: Hydreigon|0 fnt
|faint|p1a: Hydreigon
|
|-heal|p2a: Clefable|22/100|[from] item: Leftovers
|upkeep
|
|t:|1641834546
|switch|p1a: Corviknight|Corviknight, F|100/100
|-damage|p1a: Corviknight|88/100|[from] Stealth Rock
|-ability|p1a: Corviknight|Pressure
|turn|8
|
|t:|1641834548
|switch|p2a: Seismitoad|Seismitoad, M|100/100
|move|p1a: Corviknight|Bulk Up|p1a: Corviknight
|-boost|p1a: Corviknight|atk|1
|-boost|p1a: Corviknight|def|1
|
|-heal|p1a: Corviknight|94/100|[from] item: Leftovers
|upkeep
|turn|9
|
|t:|1641834550
|switch|p2a: rotomheat|Rotom-Heat|100/100
|move|p1a: Corviknight|Substitute|p1a: Corviknight
|-start|p1a: Corviknight|Substitute
|-damage|p1a: Corviknight|69/100
|
|-heal|p1a: Corviknight|75/100|[from] item: Leftovers
|upkeep
|turn|10
|
|t:|1641834554
|move|p2a: rotomheat|Thunderbolt|p1a: Corviknight
|-supereffective|p1a: Corviknight
|-end|p1a: Corviknight|Substitute
|move|p1a: Corviknight|Substitute|p1a: Corviknight
|-start|p1a: Corviknight|Substitute
|-damage|p1a: Corviknight|50/100
|
|-heal|p1a: Corviknight|57/100|[from] item: Leftovers
|upkeep
|turn|11
|
|t:|1641834557
|move|p2a: rotomheat|Thunderbolt|p1a: Corviknight
|-supereffective|p1a: Corviknight
|-end|p1a: Corviknight|Substitute
|move|p1a: Corviknight|Substitute|p1a: Corviknight
|-start|p1a: Corviknight|Substitute
|-damage|p1a: Corviknight|32/100
|
|-heal|p1a: Corviknight|38/100|[from] item: Leftovers
|upkeep
|turn|12
|
|t:|1641834561
|move|p2a: rotomheat|Thunderbolt|p1a: Corviknight
|-supereffective|p1a: Corviknight
|-end|p1a: Corviknight|Substitute
|move|p1a: Corviknight|Substitute|p1a: Corviknight
|-start|p1a: Corviknight|Substitute
|-damage|p1a: Corviknight|13/100
|
|-heal|p1a: Corviknight|19/100|[from] item: Leftovers
|upkeep
|turn|13
|
|t:|1641834565
|move|p2a: rotomheat|Thunderbolt|p1a: Corviknight
|-supereffective|p1a: Corviknight
|-end|p1a: Corviknight|Substitute
|move|p1a: Corviknight|Roost|p1a: Corviknight
|-heal|p1a: Corviknight|69/100
|-singleturn|p1a: Corviknight|move: Roost
|
|-heal|p1a: Corviknight|75/100|[from] item: Leftovers
|upkeep
|turn|14
|
|t:|1641834569
|switch|p1a: Rotom|Rotom-Wash|100/100
|-damage|p1a: Rotom|88/100|[from] Stealth Rock
|move|p2a: rotomheat|Overheat|p1a: Rotom
|-resisted|p1a: Rotom
|-damage|p1a: Rotom|50/100
|-unboost|p2a: rotomheat|spa|2
|
|upkeep
|turn|15
|
|t:|1641834572
|switch|p2a: Hydreigon|Hydreigon, M|100/100
|move|p1a: Rotom|Volt Switch|p2a: Hydreigon
|-resisted|p2a: Hydreigon
|-damage|p2a: Hydreigon|83/100
|
|t:|1641834572
|switch|p1a: Clefable|Clefable, M|100/100|[from]move: Volt Switch
|
|upkeep
|turn|16
|
|t:|1641834574
|switch|p2a: Seismitoad|Seismitoad, M|100/100
|move|p1a: Clefable|Moonblast|p2a: Seismitoad
|-damage|p2a: Seismitoad|41/100
|-unboost|p2a: Seismitoad|spa|1
|
|-heal|p2a: Seismitoad|47/100|[from] item: Leftovers
|upkeep
|turn|17
|
|t:|1641834576
|move|p1a: Clefable|Moonblast|p2a: Seismitoad
|-damage|p2a: Seismitoad|0 fnt
|faint|p2a: Seismitoad
|
|upkeep
|
|t:|1641834576
|switch|p2a: Gyarados|Gyarados, F|100/100
|turn|18
|
|t:|1641834588
|move|p2a: Gyarados|Dragon Dance|p2a: Gyarados
|-boost|p2a: Gyarados|atk|1
|-boost|p2a: Gyarados|spe|1
|move|p1a: Clefable|Thunderbolt|p2a: Gyarados
|-supereffective|p2a: Gyarados
|-damage|p2a: Gyarados|0 fnt
|faint|p2a: Gyarados
|
|upkeep
|
|t:|1641834588
|switch|p2a: rotomheat|Rotom-Heat|100/100
|turn|19
|
|t:|1641834591
|switch|p1a: Rotom|Rotom-Wash|50/100
|-damage|p1a: Rotom|38/100|[from] Stealth Rock
|move|p2a: rotomheat|Nasty Plot|p2a: rotomheat
|-boost|p2a: rotomheat|spa|2
|
|upkeep
|turn|20
|
|t:|1641834591
|move|p1a: Rotom|Hydro Pump|p2a: rotomheat
|-supereffective|p2a: rotomheat
|-damage|p2a: rotomheat|0 fnt
|faint|p2a: rotomheat
|
|upkeep
|
|t:|1641834592
|switch|p2a: Clefable|Clefable, M|22/100
|turn|21
|
|t:|1641834592
|switch|p2a: Hydreigon|Hydreigon, M|83/100
|move|p1a: Rotom|Hydro Pump|p2a: Hydreigon
|-resisted|p2a: Hydreigon
|-damage|p2a: Hydreigon|57/100
|
|upkeep
|turn|22
|
|t:|1641834594
|move|p2a: Hydreigon|Dark Pulse|p1a: Rotom
|-damage|p1a: Rotom|0 fnt
|faint|p1a: Rotom
|
|upkeep
|
|t:|1641834595
|switch|p1a: Clefable|Clefable, M|100/100
|turn|23
|
|t:|1641834595
|switch|p2a: Corviknight|Corviknight, M|100/100
|-ability|p2a: Corviknight|Pressure
|move|p1a: Clefable|Thunderbolt|p2a: Corviknight
|-supereffective|p2a: Corviknight
|-damage|p2a: Corviknight|46/100
|
|-heal|p2a: Corviknight|53/100|[from] item: Leftovers
|upkeep
|turn|24
|
|t:|1641834596
|move|p1a: Clefable|Thunderbolt|p2a: Corviknight
|-supereffective|p2a: Corviknight
|-damage|p2a: Corviknight|0 fnt
|faint|p2a: Corviknight
|
|upkeep
|
|t:|1641834596
|switch|p2a: Clefable|Clefable, M|22/100
|turn|25
|
|t:|1641834597
|move|p1a: Clefable|Moonblast|p2a: Clefable
|-damage|p2a: Clefable|0 fnt
|faint|p2a: Clefable
|
|upkeep
|
|t:|1641834597
|switch|p2a: Hydreigon|Hydreigon, M|57/100
|turn|26
|
|t:|1641834598
|move|p2a: Hydreigon|Flash Cannon|p1a: Clefable
|-supereffective|p1a: Clefable
|-damage|p1a: Clefable|39/100
|move|p1a: Clefable|Moonblast|p2a: Hydreigon
|-supereffective|p2a: Hydreigon
|-damage|p2a: Hydreigon|0 fnt
|faint|p2a: Hydreigon
|
|win|testingbot42o
|raw|testingbot42o's rating: 1337 &rarr; <strong>1357</strong><br />(+20 for winning)
|raw|DumbLick1337's rating: 1344 &rarr; <strong>1324</strong><br />(-20 for losing)
|c|☆DumbLick1337|gg
|l|‽testingbot42o
