|j|☆Dartanua
|j|☆F352
|t:|1641734929
|gametype|singles
|player|p1|Dartanua|alder|1190
|player|p2|F352|roughneck|1191
|teamsize|p1|6
|teamsize|p2|6
|gen|8
|tier|[Gen 8] OU
|rated|
|rule|Sleep Clause Mod: Limit one foe put to sleep
|rule|Species Clause: Limit one of each Pokémon
|rule|OHKO Clause: OHKO moves are banned
|rule|Evasion Moves Clause: Evasion moves are banned
|rule|Endless Battle Clause: Forcing endless battles is banned
|rule|HP Percentage Mod: HP is shown in percentages
|rule|Dynamax Clause: You cannot dynamax
|clearpoke
|poke|p1|Urshifu-*, F|
|poke|p1|Thundurus-Therian, M|
|poke|p1|Pelipper, F|
|poke|p1|Rillaboom, M|
|poke|p1|Incineroar, M|
|poke|p1|Celesteela|
|poke|p2|Ferrothorn, M|
|poke|p2|Heatran, M|
|poke|p2|Urshifu-*, F|
|poke|p2|Corviknight, M|
|poke|p2|Garchomp, M|
|poke|p2|Tapu Lele|
|teampreview
|
|t:|1641734940
|start
|switch|p1a: Pelipper|Pelipper, F|100/100
|switch|p2a: Ferrothorn|Ferrothorn, M|100/100
|-weather|RainDance|[from] ability: Drizzle|[of] p1a: Pelipper
|turn|1
|
|t:|1641734953
|switch|p1a: Urshifu|Urshifu-Rapid-Strike, F|100/100
|move|p2a: Ferrothorn|Leech Seed|p1a: Urshifu|[miss]
|-miss|p2a: Ferrothorn|p1a: Urshifu
|
|-weather|RainDance|[upkeep]
|upkeep
|turn|2
|
|t:|1641734962
|move|p1a: Urshifu|Thunder Punch|p2a: Ferrothorn
|-resisted|p2a: Ferrothorn
|-damage|p2a: Ferrothorn|93/100
|-damage|p1a: Urshifu|88/100|[from] ability: Iron Barbs|[of] p2a: Ferrothorn
|-damage|p1a: Urshifu|72/100|[from] item: Rocky Helmet|[of] p2a: Ferrothorn
|move|p2a: Ferrothorn|Stealth Rock|p1a: Urshifu
|-sidestart|p1: Dartanua|move: Stealth Rock
|
|-weather|RainDance|[upkeep]
|upkeep
|turn|3
|
|t:|1641734971
|move|p1a: Urshifu|Close Combat|p2a: Ferrothorn
|-supereffective|p2a: Ferrothorn
|-damage|p2a: Ferrothorn|18/100
|-unboost|p1a: Urshifu|def|1
|-unboost|p1a: Urshifu|spd|1
|-damage|p1a: Urshifu|59/100|[from] ability: Iron Barbs|[of] p2a: Ferrothorn
|-damage|p1a: Urshifu|43/100|[from] item: Rocky Helmet|[of] p2a: Ferrothorn
|move|p2a: Ferrothorn|Leech Seed|p1a: Urshifu
|-start|p1a: Urshifu|move: Leech Seed
|
|-weather|RainDance|[upkeep]
|-damage|p1a: Urshifu|31/100|[from] Leech Seed|[of] p2a: Ferrothorn
|-heal|p2a: Ferrothorn|30/100|[silent]
|upkeep
|turn|4
|
|t:|1641734984
|move|p1a: Urshifu|Close Combat|p2a: Ferrothorn
|-supereffective|p2a: Ferrothorn
|-damage|p2a: Ferrothorn|0 fnt
|-unboost|p1a: Urshifu|def|1
|-unboost|p1a: Urshifu|spd|1
|-damage|p1a: Urshifu|18/100|[from] ability: Iron Barbs|[of] p2a: Ferrothorn
|-damage|p1a: Urshifu|2/100|[from] item: Rocky Helmet|[of] p2a: Ferrothorn
|faint|p2a: Ferrothorn
|
|-weather|RainDance|[upkeep]
|upkeep
|
|t:|1641734995
|switch|p2a: Corviknight|Corviknight, M|100/100
|-ability|p2a: Corviknight|Pressure
|turn|5
|
|t:|1641734999
|move|p1a: Urshifu|Close Combat|p2a: Corviknight
|-damage|p2a: Corviknight|66/100
|-unboost|p1a: Urshifu|def|1
|-unboost|p1a: Urshifu|spd|1
|move|p2a: Corviknight|U-turn|p1a: Urshifu
|-resisted|p1a: Urshifu
|-damage|p1a: Urshifu|0 fnt
|faint|p1a: Urshifu
|
|t:|1641735013
|switch|p2a: Urshifu|Urshifu-Rapid-Strike, F|100/100|[from]move: U-turn
|
|-weather|RainDance|[upkeep]
|upkeep
|
|t:|1641735021
|switch|p1a: Rillaboom|Rillaboom, M|100/100
|-damage|p1a: Rillaboom|88/100|[from] Stealth Rock
|-fieldstart|move: Grassy Terrain|[from] ability: Grassy Surge|[of] p1a: Rillaboom
|turn|6
|
|t:|1641735028
|switch|p2a: Heatran|Heatran, M|100/100
|move|p1a: Rillaboom|Drum Beating|p2a: Heatran
|-resisted|p2a: Heatran
|-damage|p2a: Heatran|91/100
|-unboost|p2a: Heatran|spe|1
|
|-weather|RainDance|[upkeep]
|-heal|p1a: Rillaboom|94/100|[from] Grassy Terrain
|-heal|p1a: Rillaboom|100/100|[from] item: Leftovers
|-heal|p2a: Heatran|97/100|[from] Grassy Terrain
|-heal|p2a: Heatran|100/100|[from] item: Leftovers
|upkeep
|turn|7
|
|t:|1641735040
|move|p1a: Rillaboom|U-turn|p2a: Heatran
|-resisted|p2a: Heatran
|-damage|p2a: Heatran|96/100
|
|t:|1641735046
|switch|p1a: Incineroar|Incineroar, M, shiny|100/100|[from]move: U-turn
|-ability|p1a: Incineroar|Intimidate|boost
|-unboost|p2a: Heatran|atk|1
|move|p2a: Heatran|Taunt|p1a: Incineroar
|-start|p1a: Incineroar|move: Taunt
|
|-weather|RainDance|[upkeep]
|-heal|p2a: Heatran|100/100|[from] Grassy Terrain
|upkeep
|turn|8
|
|t:|1641735057
|move|p1a: Incineroar|Fake Out|p2a: Heatran
|-resisted|p2a: Heatran
|-damage|p2a: Heatran|96/100
|cant|p2a: Heatran|flinch
|
|-weather|none
|-heal|p2a: Heatran|100/100|[from] Grassy Terrain
|upkeep
|turn|9
|
|t:|1641735064
|move|p1a: Incineroar|Knock Off|p2a: Heatran
|-damage|p2a: Heatran|68/100
|-enditem|p2a: Heatran|Leftovers|[from] move: Knock Off|[of] p1a: Incineroar
|move|p2a: Heatran|Flash Cannon|p1a: Incineroar
|-resisted|p1a: Incineroar
|-damage|p1a: Incineroar|82/100
|
|-heal|p1a: Incineroar|88/100|[from] Grassy Terrain
|-heal|p2a: Heatran|74/100|[from] Grassy Terrain
|-end|p1a: Incineroar|move: Taunt
|upkeep
|turn|10
|
|t:|1641735075
|move|p1a: Incineroar|U-turn|p2a: Heatran
|-resisted|p2a: Heatran
|-damage|p2a: Heatran|70/100
|
|t:|1641735080
|switch|p1a: Pelipper|Pelipper, F|100/100|[from]move: U-turn
|-damage|p1a: Pelipper|76/100|[from] Stealth Rock
|-weather|RainDance|[from] ability: Drizzle|[of] p1a: Pelipper
|move|p2a: Heatran|Taunt|p1a: Pelipper
|-start|p1a: Pelipper|move: Taunt
|
|-weather|RainDance|[upkeep]
|-heal|p2a: Heatran|77/100|[from] Grassy Terrain
|-fieldend|move: Grassy Terrain
|upkeep
|turn|11
|
|t:|1641735091
|switch|p2a: Corviknight|Corviknight, M|66/100
|-ability|p2a: Corviknight|Pressure
|move|p1a: Pelipper|Scald|p2a: Corviknight
|-damage|p2a: Corviknight|15/100
|
|-weather|RainDance|[upkeep]
|-heal|p2a: Corviknight|21/100|[from] item: Leftovers
|upkeep
|turn|12
|
|t:|1641735101
|move|p1a: Pelipper|Scald|p2a: Corviknight
|-damage|p2a: Corviknight|0 fnt
|faint|p2a: Corviknight
|
|-weather|RainDance|[upkeep]
|-end|p1a: Pelipper|move: Taunt
|upkeep
|
|t:|1641735114
|switch|p2a: Tapu Lele|Tapu Lele|100/100
|-fieldstart|move: Psychic Terrain|[from] ability: Psychic Surge|[of] p2a: Tapu Lele
|turn|13
|
|t:|1641735120
|switch|p1a: Incineroar|Incineroar, M, shiny|88/100
|-ability|p1a: Incineroar|Intimidate|boost
|-unboost|p2a: Tapu Lele|atk|1
|move|p2a: Tapu Lele|Thunderbolt|p1a: Incineroar
|-damage|p1a: Incineroar|60/100
|
|-weather|RainDance|[upkeep]
|upkeep
|turn|14
|
|t:|1641735133
|switch|p2a: Urshifu|Urshifu-Rapid-Strike, F|100/100
|move|p1a: Incineroar|Knock Off|p2a: Urshifu
|-resisted|p2a: Urshifu
|-damage|p2a: Urshifu|81/100
|-enditem|p2a: Urshifu|Choice Band|[from] move: Knock Off|[of] p1a: Incineroar
|
|-weather|RainDance|[upkeep]
|upkeep
|turn|15
|
|t:|1641735143
|switch|p1a: Rillaboom|Rillaboom, M|100/100
|-damage|p1a: Rillaboom|88/100|[from] Stealth Rock
|-fieldstart|move: Grassy Terrain|[from] ability: Grassy Surge|[of] p1a: Rillaboom
|move|p2a: Urshifu|Surging Strikes|p1a: Rillaboom
|-resisted|p1a: Rillaboom
|-crit|p1a: Rillaboom
|-damage|p1a: Rillaboom|72/100
|-resisted|p1a: Rillaboom
|-crit|p1a: Rillaboom
|-damage|p1a: Rillaboom|57/100
|-resisted|p1a: Rillaboom
|-crit|p1a: Rillaboom
|-damage|p1a: Rillaboom|42/100
|-hitcount|p1a: Rillaboom|3
|
|-weather|RainDance|[upkeep]
|-heal|p2a: Urshifu|88/100|[from] Grassy Terrain
|-heal|p1a: Rillaboom|48/100|[from] Grassy Terrain
|-heal|p1a: Rillaboom|54/100|[from] item: Leftovers
|upkeep
|turn|16
|
|t:|1641735162
|move|p2a: Urshifu|U-turn|p1a: Rillaboom
|-supereffective|p1a: Rillaboom
|-damage|p1a: Rillaboom|0 fnt
|faint|p1a: Rillaboom
|
|t:|1641735171
|switch|p2a: Tapu Lele|Tapu Lele|100/100|[from]move: U-turn
|-fieldstart|move: Psychic Terrain|[from] ability: Psychic Surge|[of] p2a: Tapu Lele
|
|-weather|RainDance|[upkeep]
|upkeep
|
|t:|1641735177
|switch|p1a: Celesteela|Celesteela|100/100
|-damage|p1a: Celesteela|88/100|[from] Stealth Rock
|turn|17
|
|t:|1641735182
|move|p2a: Tapu Lele|Thunderbolt|p1a: Celesteela
|-supereffective|p1a: Celesteela
|-damage|p1a: Celesteela|28/100
|move|p1a: Celesteela|Substitute|p1a: Celesteela
|-start|p1a: Celesteela|Substitute
|-damage|p1a: Celesteela|3/100
|
|-weather|none
|-heal|p1a: Celesteela|9/100|[from] item: Leftovers
|upkeep
|turn|18
|
|t:|1641735189
|move|p1a: Celesteela|Protect|p1a: Celesteela
|-singleturn|p1a: Celesteela|Protect
|move|p2a: Tapu Lele|Thunderbolt|p1a: Celesteela
|-activate|p1a: Celesteela|move: Protect
|
|-heal|p1a: Celesteela|15/100|[from] item: Leftovers
|upkeep
|turn|19
|
|t:|1641735197
|move|p2a: Tapu Lele|Thunderbolt|p1a: Celesteela
|-supereffective|p1a: Celesteela
|-end|p1a: Celesteela|Substitute
|move|p1a: Celesteela|Leech Seed|p2a: Tapu Lele
|-start|p2a: Tapu Lele|move: Leech Seed
|
|-heal|p1a: Celesteela|21/100|[from] item: Leftovers
|-damage|p2a: Tapu Lele|88/100|[from] Leech Seed|[of] p1a: Celesteela
|-heal|p1a: Celesteela|30/100|[silent]
|upkeep
|turn|20
|
|t:|1641735205
|move|p1a: Celesteela|Protect|p1a: Celesteela
|-singleturn|p1a: Celesteela|Protect
|move|p2a: Tapu Lele|Thunderbolt|p1a: Celesteela
|-activate|p1a: Celesteela|move: Protect
|
|-heal|p1a: Celesteela|36/100|[from] item: Leftovers
|-damage|p2a: Tapu Lele|76/100|[from] Leech Seed|[of] p1a: Celesteela
|-heal|p1a: Celesteela|45/100|[silent]
|-fieldend|move: Psychic Terrain
|upkeep
|turn|21
|
|t:|1641735214
|switch|p1a: Thundurus|Thundurus-Therian, M|100/100
|move|p2a: Tapu Lele|Thunderbolt|p1a: Thundurus
|-immune|p1a: Thundurus|[from] ability: Volt Absorb
|
|-damage|p2a: Tapu Lele|63/100|[from] Leech Seed|[of] p1a: Thundurus
|upkeep
|turn|22
|
|t:|1641735221
|switch|p2a: Garchomp|Garchomp, M|100/100
|move|p1a: Thundurus|Volt Switch|p2a: Garchomp
|-immune|p2a: Garchomp
|
|upkeep
|turn|23
|
|t:|1641735237
|switch|p1a: Incineroar|Incineroar, M, shiny|60/100
|-ability|p1a: Incineroar|Intimidate|boost
|-unboost|p2a: Garchomp|atk|1
|move|p2a: Garchomp|Swords Dance|p2a: Garchomp
|-boost|p2a: Garchomp|atk|2
|
|upkeep
|turn|24
|
|t:|1641735248
|move|p2a: Garchomp|Scale Shot|p1a: Incineroar
|-damage|p1a: Incineroar|41/100
|-damage|p1a: Incineroar|22/100
|-damage|p1a: Incineroar|2/100
|-damage|p1a: Incineroar|0 fnt
|faint|p1a: Incineroar
|-hitcount|p1: Incineroar|4
|-unboost|p2a: Garchomp|def|1
|-boost|p2a: Garchomp|spe|1
|
|upkeep
|
|t:|1641735259
|switch|p1a: Pelipper|Pelipper, F|76/100
|-damage|p1a: Pelipper|51/100|[from] Stealth Rock
|-weather|RainDance|[from] ability: Drizzle|[of] p1a: Pelipper
|turn|25
|
|t:|1641735267
|move|p2a: Garchomp|Scale Shot|p1a: Pelipper
|-damage|p1a: Pelipper|31/100
|-damage|p1a: Pelipper|12/100
|-hitcount|p1a: Pelipper|2
|-unboost|p2a: Garchomp|def|1
|-boost|p2a: Garchomp|spe|1
|move|p1a: Pelipper|Hurricane|p2a: Garchomp
|-damage|p2a: Garchomp|51/100
|
|-weather|RainDance|[upkeep]
|-heal|p2a: Garchomp|57/100|[from] item: Leftovers
|upkeep
|turn|26
|
|t:|1641735279
|move|p2a: Garchomp|Poison Jab|p1a: Pelipper
|-crit|p1a: Pelipper
|-damage|p1a: Pelipper|0 fnt
|faint|p1a: Pelipper
|
|-weather|RainDance|[upkeep]
|-heal|p2a: Garchomp|63/100|[from] item: Leftovers
|upkeep
|
|t:|1641735285
|switch|p1a: Thundurus|Thundurus-Therian, M|100/100
|turn|27
|
|t:|1641735291
|switch|p2a: Heatran|Heatran, M|77/100
|move|p1a: Thundurus|Weather Ball|p2a: Heatran
|-supereffective|p2a: Heatran
|-crit|p2a: Heatran
|-damage|p2a: Heatran|0 fnt
|faint|p2a: Heatran
|
|-weather|RainDance|[upkeep]
|upkeep
|
|t:|1641735313
|switch|p2a: Tapu Lele|Tapu Lele|63/100
|-fieldstart|move: Psychic Terrain|[from] ability: Psychic Surge|[of] p2a: Tapu Lele
|turn|28
|
|t:|1641735318
|move|p2a: Tapu Lele|Psychic|p1a: Thundurus
|-damage|p1a: Thundurus|9/100
|move|p1a: Thundurus|Thunder|p2a: Tapu Lele
|-damage|p2a: Tapu Lele|0 fnt
|faint|p2a: Tapu Lele
|
|-weather|RainDance|[upkeep]
|upkeep
|
|t:|1641735326
|switch|p2a: Urshifu|Urshifu-Rapid-Strike, F|88/100
|turn|29
|
|t:|1641735329
|move|p1a: Thundurus|Thunder|p2a: Urshifu
|-supereffective|p2a: Urshifu
|-damage|p2a: Urshifu|0 fnt
|faint|p2a: Urshifu
|
|-weather|RainDance|[upkeep]
|upkeep
|
|t:|1641735337
|switch|p2a: Garchomp|Garchomp, M|63/100
|turn|30
|
|t:|1641735341
|move|p2a: Garchomp|Poison Jab|p1a: Thundurus
|-damage|p1a: Thundurus|0 fnt
|faint|p1a: Thundurus
|
|-weather|RainDance|[upkeep]
|-heal|p2a: Garchomp|69/100|[from] item: Leftovers
|upkeep
|
|t:|1641735345
|switch|p1a: Celesteela|Celesteela|45/100
|-damage|p1a: Celesteela|33/100|[from] Stealth Rock
|turn|31
|
|t:|1641735354
|move|p2a: Garchomp|Swords Dance|p2a: Garchomp
|-boost|p2a: Garchomp|atk|2
|move|p1a: Celesteela|Leech Seed|p2a: Garchomp
|-start|p2a: Garchomp|move: Leech Seed
|
|-weather|RainDance|[upkeep]
|-heal|p2a: Garchomp|76/100|[from] item: Leftovers
|-heal|p1a: Celesteela|39/100|[from] item: Leftovers
|-damage|p2a: Garchomp|63/100|[from] Leech Seed|[of] p1a: Celesteela
|-heal|p1a: Celesteela|50/100|[silent]
|upkeep
|turn|32
|
|t:|1641735363
|move|p2a: Garchomp|Scale Shot|p1a: Celesteela
|-resisted|p1a: Celesteela
|-damage|p1a: Celesteela|40/100
|-resisted|p1a: Celesteela
|-damage|p1a: Celesteela|28/100
|-hitcount|p1a: Celesteela|2
|-unboost|p2a: Garchomp|def|1
|-boost|p2a: Garchomp|spe|1
|move|p1a: Celesteela|Substitute|p1a: Celesteela
|-start|p1a: Celesteela|Substitute
|-damage|p1a: Celesteela|3/100
|
|-weather|none
|-heal|p2a: Garchomp|69/100|[from] item: Leftovers
|-heal|p1a: Celesteela|9/100|[from] item: Leftovers
|-damage|p2a: Garchomp|57/100|[from] Leech Seed|[of] p1a: Celesteela
|-heal|p1a: Celesteela|20/100|[silent]
|-fieldend|move: Psychic Terrain
|upkeep
|turn|33
|
|t:|1641735377
|move|p1a: Celesteela|Protect|p1a: Celesteela
|-singleturn|p1a: Celesteela|Protect
|move|p2a: Garchomp|Swords Dance|p2a: Garchomp
|-boost|p2a: Garchomp|atk|2
|
|-heal|p2a: Garchomp|63/100|[from] item: Leftovers
|-heal|p1a: Celesteela|26/100|[from] item: Leftovers
|-damage|p2a: Garchomp|51/100|[from] Leech Seed|[of] p1a: Celesteela
|-heal|p1a: Celesteela|38/100|[silent]
|upkeep
|turn|34
|
|t:|1641735389
|move|p2a: Garchomp|Scale Shot|p1a: Celesteela
|-resisted|p1a: Celesteela
|-activate|p1a: Celesteela|move: Substitute|[damage]
|-resisted|p1a: Celesteela
|-end|p1a: Celesteela|Substitute
|-resisted|p1a: Celesteela
|-damage|p1a: Celesteela|22/100
|-resisted|p1a: Celesteela
|-damage|p1a: Celesteela|5/100
|-resisted|p1a: Celesteela
|-damage|p1a: Celesteela|0 fnt
|faint|p1a: Celesteela
|-hitcount|p1: Celesteela|5
|
|win|F352
|raw|Dartanua's rating: 1190 &rarr; <strong>1165</strong><br />(-25 for losing)
|raw|F352's rating: 1191 &rarr; <strong>1216</strong><br />(+25 for winning)
|l|☆Dartanua
|c|☆F352|gg
