|j|☆Flailinks
|j|☆0nlyGray
|t:|1641759611
|gametype|singles
|player|p1|Flailinks|101|1078
|player|p2|0nlyGray|102|1000
|teamsize|p1|6
|teamsize|p2|6
|gen|8
|tier|[Gen 8] OU
|rated|
|rule|Sleep Clause Mod: Limit one foe put to sleep
|rule|Species Clause: Limit one of each Pokémon
|rule|OHKO Clause: OHKO moves are banned
|rule|Evasion Moves Clause: Evasion moves are banned
|rule|Endless Battle Clause: Forcing endless battles is banned
|rule|HP Percentage Mod: HP is shown in percentages
|rule|Dynamax Clause: You cannot dynamax
|clearpoke
|poke|p1|Azumarill, F|
|poke|p1|Skarmory, F|
|poke|p1|Diggersby, F|
|poke|p1|Ninetales-Alola, M|
|poke|p1|Swampert, M|
|poke|p1|Talonflame, M|
|poke|p2|Noivern, M|
|poke|p2|Vikavolt, M|
|poke|p2|Malamar, F|
|poke|p2|Kommo-o, F|
|poke|p2|Toxapex, F|
|poke|p2|Bisharp, F|
|teampreview
|
|t:|1641759619
|start
|switch|p1a: Azumarill|Azumarill, F|100/100
|switch|p2a: Malamar|Malamar, F|100/100
|turn|1
|
|t:|1641759626
|move|p2a: Malamar|Switcheroo|p1a: Azumarill
|-activate|p2a: Malamar|move: Trick|[of] p1a: Azumarill
|-item|p1a: Azumarill|Ring Target|[from] move: Switcheroo
|-item|p2a: Malamar|Sitrus Berry|[from] move: Switcheroo
|move|p1a: Azumarill|Belly Drum|p1a: Azumarill
|-damage|p1a: Azumarill|50/100
|-setboost|p1a: Azumarill|atk|6|[from] move: Belly Drum
|
|upkeep
|turn|2
|
|t:|1641759647
|move|p1a: Azumarill|Aqua Jet|p2a: Malamar
|-damage|p2a: Malamar|1/100
|-enditem|p2a: Malamar|Sitrus Berry|[eat]
|-heal|p2a: Malamar|26/100|[from] item: Sitrus Berry
|move|p2a: Malamar|Psychic|p1a: Azumarill
|-damage|p1a: Azumarill|21/100
|
|upkeep
|turn|3
|
|t:|1641759657
|move|p1a: Azumarill|Aqua Jet|p2a: Malamar
|-crit|p2a: Malamar
|-damage|p2a: Malamar|0 fnt
|faint|p2a: Malamar
|
|upkeep
|
|t:|1641759671
|switch|p2a: Vikavolt|Vikavolt, M|100/100
|turn|4
|
|t:|1641759678
|move|p1a: Azumarill|Aqua Jet|p2a: Vikavolt
|-damage|p2a: Vikavolt|0 fnt
|faint|p2a: Vikavolt
|
|upkeep
|
|t:|1641759684
|switch|p2a: Bisharp|Bisharp, F|100/100
|turn|5
|
|t:|1641759695
|move|p1a: Azumarill|Aqua Jet|p2a: Bisharp
|-damage|p2a: Bisharp|0 fnt
|faint|p2a: Bisharp
|
|upkeep
|inactive|Battle timer is ON: inactive players will automatically lose when time's up. (requested by Flailinks)
|
|t:|1641759707
|switch|p2a: Noivern|Noivern, M|100/100
|turn|6
|
|t:|1641759711
|move|p1a: Azumarill|Aqua Jet|p2a: Noivern
|-resisted|p2a: Noivern
|-damage|p2a: Noivern|40/100
|move|p2a: Noivern|Hurricane|p1a: Azumarill
|-damage|p1a: Azumarill|0 fnt
|faint|p1a: Azumarill
|
|upkeep
|
|t:|1641759718
|switch|p1a: Ninetales|Ninetales-Alola, M|100/100
|-weather|Hail|[from] ability: Snow Warning|[of] p1a: Ninetales
|turn|7
|
|t:|1641759725
|switch|p2a: Toxapex|Toxapex, F|100/100
|move|p1a: Ninetales|Blizzard|p2a: Toxapex
|-resisted|p2a: Toxapex
|-crit|p2a: Toxapex
|-damage|p2a: Toxapex|54/100
|
|-weather|Hail|[upkeep]
|-damage|p2a: Toxapex|48/100|[from] Hail
|-heal|p2a: Toxapex|54/100|[from] item: Black Sludge
|upkeep
|turn|8
|
|t:|1641759735
|move|p1a: Ninetales|Blizzard|p2a: Toxapex
|-resisted|p2a: Toxapex
|-damage|p2a: Toxapex|26/100
|move|p2a: Toxapex|Gunk Shot|p1a: Ninetales
|-supereffective|p1a: Ninetales
|-damage|p1a: Ninetales|0 fnt
|faint|p1a: Ninetales
|
|-weather|Hail|[upkeep]
|-damage|p2a: Toxapex|20/100|[from] Hail
|-heal|p2a: Toxapex|26/100|[from] item: Black Sludge
|upkeep
|
|t:|1641759753
|switch|p1a: Diggersby|Diggersby, F|100/100
|turn|9
|
|t:|1641759757
|move|p1a: Diggersby|Earthquake|p2a: Toxapex
|-supereffective|p2a: Toxapex
|-damage|p2a: Toxapex|0 fnt
|faint|p2a: Toxapex
|
|-weather|Hail|[upkeep]
|-damage|p1a: Diggersby|94/100|[from] Hail
|-heal|p1a: Diggersby|100/100|[from] item: Leftovers
|upkeep
|
|t:|1641759770
|switch|p2a: Noivern|Noivern, M|40/100
|turn|10
|
|t:|1641759774
|move|p2a: Noivern|Boomburst|p1a: Diggersby
|-damage|p1a: Diggersby|62/100
|move|p1a: Diggersby|Ice Punch|p2a: Noivern
|-supereffective|p2a: Noivern
|-damage|p2a: Noivern|0 fnt
|faint|p2a: Noivern
|
|-weather|Hail|[upkeep]
|-damage|p1a: Diggersby|56/100|[from] Hail
|-heal|p1a: Diggersby|62/100|[from] item: Leftovers
|upkeep
|
|t:|1641759783
|switch|p2a: Kommo-o|Kommo-o, F|100/100
|turn|11
|
|t:|1641759803
|switch|p1a: Skarmory|Skarmory, F|100/100
|move|p2a: Kommo-o|Clanging Scales|p1a: Skarmory
|-resisted|p1a: Skarmory
|-damage|p1a: Skarmory|71/100
|-unboost|p2a: Kommo-o|def|1
|
|-weather|none
|upkeep
|turn|12
|
|t:|1641759825
|move|p1a: Skarmory|Brave Bird|p2a: Kommo-o
|-supereffective|p2a: Kommo-o
|-damage|p2a: Kommo-o|0 fnt
|faint|p2a: Kommo-o
|-damage|p1a: Skarmory|30/100|[from] Recoil
|-damage|p1a: Skarmory|20/100|[from] item: Life Orb
|
|win|Flailinks
|raw|Flailinks's rating: 1078 &rarr; <strong>1100</strong><br />(+22 for winning)
|raw|0nlyGray's rating: 1000 &rarr; <strong>1000</strong><br />(+0 for losing)
