|j|☆insania test v2
|j|☆Sunesis
|t:|1641870498
|gametype|singles
|player|p1|insania test v2|pokekid|1137
|player|p2|Sunesis|caitlin|1158
|teamsize|p1|4
|teamsize|p2|6
|gen|8
|tier|[Gen 8] OU
|rated|
|rule|Sleep Clause Mod: Limit one foe put to sleep
|rule|Species Clause: Limit one of each Pokémon
|rule|OHKO Clause: OHKO moves are banned
|rule|Evasion Moves Clause: Evasion moves are banned
|rule|Endless Battle Clause: Forcing endless battles is banned
|rule|HP Percentage Mod: HP is shown in percentages
|rule|Dynamax Clause: You cannot dynamax
|clearpoke
|poke|p1|Blacephalon|
|poke|p1|Mew|
|poke|p1|Ditto|
|poke|p1|Clefable, F|
|poke|p2|Volcanion|
|poke|p2|Ninetales-Alola, M|
|poke|p2|Corviknight, F|
|poke|p2|Arctozolt|
|poke|p2|Landorus-Therian, M|
|poke|p2|Tornadus-Therian, M|
|teampreview
|inactive|Battle timer is ON: inactive players will automatically lose when time's up. (requested by Sunesis)
|c|☆insania test v2|why is your name familiar
|c|☆Sunesis|april fools day sprites
|c|☆Sunesis|i play ag
|c|☆insania test v2|oh
|c|☆Sunesis|im a ship in eve online
|c|☆insania test v2|ohhh very cool :)
|inactive|Sunesis has 120 seconds left.
|
|t:|1641870532
|start
|switch|p1a: Clefable|Clefable, F|100/100
|switch|p2a: Ninetales|Ninetales-Alola, M|100/100
|-weather|Hail|[from] ability: Snow Warning|[of] p2a: Ninetales
|turn|1
|c|☆insania test v2|i think ive seen u in ag
|
|t:|1641870538
|move|p2a: Ninetales|Aurora Veil|p2a: Ninetales
|-sidestart|p2: Sunesis|move: Aurora Veil
|move|p1a: Clefable|Trick|p2a: Ninetales
|-activate|p1a: Clefable|move: Trick|[of] p2a: Ninetales
|-item|p2a: Ninetales|Choice Scarf|[from] move: Trick
|-item|p1a: Clefable|Icy Rock|[from] move: Trick
|
|-weather|Hail|[upkeep]
|upkeep
|turn|2
|c|☆Sunesis|yea probably
|
|t:|1641870545
|move|p2a: Ninetales|Encore|p1a: Clefable
|-start|p1a: Clefable|Encore
|move|p1a: Clefable|Trick|p2a: Ninetales
|-activate|p1a: Clefable|move: Trick|[of] p2a: Ninetales
|-item|p2a: Ninetales|Icy Rock|[from] move: Trick
|-item|p1a: Clefable|Choice Scarf|[from] move: Trick
|
|-weather|Hail|[upkeep]
|upkeep
|turn|3
|c|☆Sunesis|lol
|
|t:|1641870560
|switch|p2a: Arctozolt|Arctozolt|100/100
|move|p1a: Clefable|Trick|p2a: Arctozolt
|-activate|p1a: Clefable|move: Trick|[of] p2a: Arctozolt
|-item|p2a: Arctozolt|Choice Scarf|[from] move: Trick
|-item|p1a: Clefable|Leftovers|[from] move: Trick
|
|-weather|Hail|[upkeep]
|upkeep
|turn|4
|
|t:|1641870568
|switch|p1a: no u|Ditto|100/100
|-transform|p1a: no u|p2a: Arctozolt|[from] ability: Imposter
|move|p2a: Arctozolt|Bolt Beak|p1a: no u
|-resisted|p1a: no u
|-damage|p1a: no u|54/100
|
|-weather|Hail|[upkeep]
|upkeep
|turn|5
|
|t:|1641870581
|switch|p2a: Landorus|Landorus-Therian, M|100/100
|-ability|p2a: Landorus|Intimidate|boost
|-unboost|p1a: no u|atk|1
|move|p1a: no u|Blizzard|p2a: Landorus
|-supereffective|p2a: Landorus
|-damage|p2a: Landorus|45/100
|
|-weather|Hail|[upkeep]
|-damage|p2a: Landorus|39/100|[from] Hail
|-heal|p2a: Landorus|45/100|[from] item: Leftovers
|-sideend|p2: Sunesis|move: Aurora Veil
|upkeep
|turn|6
|c|☆Sunesis|sad
|
|t:|1641870602
|switch|p1a: Clefable|Clefable, F|100/100
|switch|p2a: Corviknight|Corviknight, F|100/100
|-ability|p2a: Corviknight|Pressure
|
|-weather|Hail|[upkeep]
|-damage|p2a: Corviknight|94/100|[from] Hail
|upkeep
|turn|7
|
|t:|1641870618
|switch|p2a: Landorus|Landorus-Therian, M|45/100
|-ability|p2a: Landorus|Intimidate|boost
|-unboost|p1a: Clefable|atk|1
|move|p1a: Clefable|Calm Mind|p1a: Clefable
|-boost|p1a: Clefable|spa|1
|-boost|p1a: Clefable|spd|1
|
|-weather|Hail|[upkeep]
|-damage|p2a: Landorus|39/100|[from] Hail
|-heal|p2a: Landorus|45/100|[from] item: Leftovers
|upkeep
|turn|8
|
|t:|1641870627
|move|p2a: Landorus|U-turn|p1a: Clefable
|-resisted|p1a: Clefable
|-damage|p1a: Clefable|92/100
|
|t:|1641870633
|switch|p2a: Ninetales|Ninetales-Alola, M|100/100|[from]move: U-turn
|move|p1a: Clefable|Moonblast|p2a: Ninetales
|-damage|p2a: Ninetales|53/100
|
|-weather|none
|-heal|p1a: Clefable|98/100|[from] item: Leftovers
|upkeep
|turn|9
|c|☆Sunesis|oop
|
|t:|1641870646
|move|p2a: Ninetales|Encore|p1a: Clefable
|-start|p1a: Clefable|Encore
|move|p1a: Clefable|Moonblast|p2a: Ninetales
|-damage|p2a: Ninetales|9/100
|
|-heal|p1a: Clefable|100/100|[from] item: Leftovers
|upkeep
|turn|10
|
|t:|1641870650
|move|p2a: Ninetales|Pain Split|p1a: Clefable
|-sethp|p1a: Clefable|54/100|[from] move: Pain Split|[silent]
|-sethp|p2a: Ninetales|61/100|[from] move: Pain Split
|move|p1a: Clefable|Moonblast|p2a: Ninetales
|-damage|p2a: Ninetales|17/100
|
|-heal|p1a: Clefable|60/100|[from] item: Leftovers
|upkeep
|turn|11
|
|t:|1641870654
|move|p2a: Ninetales|Pain Split|p1a: Clefable
|-sethp|p1a: Clefable|38/100|[from] move: Pain Split|[silent]
|-sethp|p2a: Ninetales|42/100|[from] move: Pain Split
|move|p1a: Clefable|Moonblast|p2a: Ninetales
|-damage|p2a: Ninetales|0 fnt
|faint|p2a: Ninetales
|
|-heal|p1a: Clefable|44/100|[from] item: Leftovers
|-end|p1a: Clefable|Encore
|upkeep
|c|☆insania test v2|PAIN SPLIT
|
|t:|1641870663
|switch|p2a: Arctozolt|Arctozolt|100/100
|turn|12
|
|t:|1641870672
|move|p2a: Arctozolt|Bolt Beak|p1a: Clefable
|-damage|p1a: Clefable|0 fnt
|faint|p1a: Clefable
|
|upkeep
|
|t:|1641870681
|switch|p1a: Blacephalon|Blacephalon|100/100
|turn|13
|
|t:|1641870686
|move|p1a: Blacephalon|Shadow Ball|p2a: Arctozolt
|-damage|p2a: Arctozolt|39/100
|move|p2a: Arctozolt|Bolt Beak|p1a: Blacephalon
|-damage|p1a: Blacephalon|21/100
|
|upkeep
|turn|14
|
|t:|1641870695
|switch|p2a: Tornadus|Tornadus-Therian, M|100/100
|move|p1a: Blacephalon|Shadow Ball|p2a: Tornadus
|-damage|p2a: Tornadus|68/100
|
|upkeep
|turn|15
|c|☆insania test v2|oh ye ur scarf
|c|☆insania test v2|Wow
|c|☆Sunesis|yes I am
|c|☆insania test v2|What isthis AV
|c|☆Sunesis|yes
|
|t:|1641870707
|switch|p1a: no u|Ditto|54/100
|-transform|p1a: no u|p2a: Tornadus|[from] ability: Imposter
|move|p2a: Tornadus|U-turn|p1a: no u
|-resisted|p1a: no u
|-damage|p1a: no u|45/100
|c|☆Sunesis|lol
|c|☆Sunesis|u r specs
|
|t:|1641870719
|switch|p2a: Volcanion|Volcanion|100/100|[from]move: U-turn
|
|upkeep
|turn|16
|
|t:|1641870726
|move|p1a: no u|Knock Off|p2a: Volcanion
|-damage|p2a: Volcanion|80/100
|-enditem|p2a: Volcanion|Choice Specs|[from] move: Knock Off|[of] p1a: no u
|move|p2a: Volcanion|Steam Eruption|p1a: no u
|-damage|p1a: no u|0 fnt
|faint|p1a: no u
|
|upkeep
|c|☆Sunesis|gg
|
|t:|1641870734
|switch|p1a: :)|Mew|100/100
|turn|17
|c|☆Sunesis|ou trash tier
|
|t:|1641870739
|move|p1a: :)|Cosmic Power|p1a: :)
|-boost|p1a: :)|def|1
|-boost|p1a: :)|spd|1
|move|p2a: Volcanion|Steam Eruption|p1a: :)
|-damage|p1a: :)|66/100
|-status|p1a: :)|brn
|-activate|p1a: :)|ability: Synchronize
|-immune|p2a: Volcanion
|
|-damage|p1a: :)|60/100 brn|[from] brn
|upkeep
|turn|18
|c|☆insania test v2|what do you mean
|
|t:|1641870747
|switch|p2a: Corviknight|Corviknight, F|94/100
|-ability|p2a: Corviknight|Pressure
|move|p1a: :)|Soft-Boiled|p1a: :)
|-heal|p1a: :)|100/100 brn
|
|-damage|p1a: :)|94/100 brn|[from] brn
|upkeep
|turn|19
|
|t:|1641870756
|move|p1a: :)|Cosmic Power|p1a: :)
|-boost|p1a: :)|def|1
|-boost|p1a: :)|spd|1
|move|p2a: Corviknight|U-turn|p1a: :)
|-supereffective|p1a: :)
|-damage|p1a: :)|82/100 brn
|-enditem|p1a: :)|Weakness Policy
|-boost|p1a: :)|atk|2|[from] item: Weakness Policy
|-boost|p1a: :)|spa|2|[from] item: Weakness Policy
|c|☆Sunesis|help
|c|☆Sunesis|im scared
|c|☆Sunesis|oh frick
|c|☆insania test v2|>:DDDDDDDDDD
|
|t:|1641870768
|switch|p2a: Arctozolt|Arctozolt|39/100|[from]move: U-turn
|
|-damage|p1a: :)|76/100 brn|[from] brn
|upkeep
|turn|20
|
|t:|1641870773
|move|p2a: Arctozolt|Bolt Beak|p1a: :)
|-damage|p1a: :)|47/100 brn
|move|p1a: :)|Soft-Boiled|p1a: :)
|-heal|p1a: :)|97/100 brn
|
|-damage|p1a: :)|90/100 brn|[from] brn
|upkeep
|turn|21
|
|t:|1641870777
|move|p2a: Arctozolt|Bolt Beak|p1a: :)
|-damage|p1a: :)|58/100 brn
|move|p1a: :)|Stored Power|p2a: Arctozolt
|-damage|p2a: Arctozolt|0 fnt
|faint|p2a: Arctozolt
|
|-damage|p1a: :)|52/100 brn|[from] brn
|upkeep
|
|t:|1641870781
|switch|p2a: Tornadus|Tornadus-Therian, M|100/100
|turn|22
|
|t:|1641870790
|move|p2a: Tornadus|Knock Off|p1a: :)
|-supereffective|p1a: :)
|-damage|p1a: :)|40/100 brn
|move|p1a: :)|Soft-Boiled|p1a: :)
|-heal|p1a: :)|90/100 brn
|
|-damage|p1a: :)|84/100 brn|[from] brn
|upkeep
|turn|23
|
|t:|1641870795
|move|p2a: Tornadus|U-turn|p1a: :)
|-supereffective|p1a: :)
|-damage|p1a: :)|71/100 brn
|c|☆Sunesis|stop
|c|☆Sunesis|pelase
|
|t:|1641870799
|switch|p2a: Corviknight|Corviknight, F|94/100|[from]move: U-turn
|-ability|p2a: Corviknight|Pressure
|move|p1a: :)|Soft-Boiled|p1a: :)
|-heal|p1a: :)|100/100 brn
|
|-damage|p1a: :)|94/100 brn|[from] brn
|upkeep
|turn|24
|c|☆Sunesis|AAA
|c|☆Sunesis|i hate ou
|
|t:|1641870806
|move|p1a: :)|Cosmic Power|p1a: :)
|-boost|p1a: :)|def|1
|-boost|p1a: :)|spd|1
|move|p2a: Corviknight|Body Press|p1a: :)
|-resisted|p1a: :)
|-damage|p1a: :)|90/100 brn
|
|-damage|p1a: :)|84/100 brn|[from] brn
|upkeep
|turn|25
|c|☆insania test v2|ye this is an evil set
|
|t:|1641870815
|move|p1a: :)|Cosmic Power|p1a: :)
|-boost|p1a: :)|def|1
|-boost|p1a: :)|spd|1
|move|p2a: Corviknight|U-turn|p1a: :)
|-supereffective|p1a: :)
|-damage|p1a: :)|75/100 brn
|c|☆Sunesis|rip if only i didnt burn
|
|t:|1641870819
|switch|p2a: Landorus|Landorus-Therian, M|45/100|[from]move: U-turn
|-ability|p2a: Landorus|Intimidate|boost
|-unboost|p1a: :)|atk|1
|
|-heal|p2a: Landorus|51/100|[from] item: Leftovers
|-damage|p1a: :)|69/100 brn|[from] brn
|upkeep
|turn|26
|c|☆Sunesis|then I toxic u and u die
|
|t:|1641870827
|move|p1a: :)|Soft-Boiled|p1a: :)
|-heal|p1a: :)|100/100 brn
|move|p2a: Landorus|U-turn|p1a: :)
|-supereffective|p1a: :)
|-damage|p1a: :)|88/100 brn
|-message|Sunesis forfeited.
|
|win|insania test v2
|raw|insania test v2's rating: 1109 &rarr; <strong>1138</strong><br />(+29 for winning)
|raw|Sunesis's rating: 1158 &rarr; <strong>1129</strong><br />(-29 for losing)
|c|☆insania test v2|I have taunt
|l|☆Sunesis
|c|☆insania test v2|gg
