|j|☆Caramelcat8
|j|☆justatest123
|t:|1641698018
|gametype|singles
|player|p1|Caramelcat8|crasherwake|1607
|player|p2|justatest123|backpacker|1745
|teamsize|p1|6
|teamsize|p2|6
|gen|8
|tier|[Gen 8] OU
|rated|
|rule|Sleep Clause Mod: Limit one foe put to sleep
|rule|Species Clause: Limit one of each Pokémon
|rule|OHKO Clause: OHKO moves are banned
|rule|Evasion Moves Clause: Evasion moves are banned
|rule|Endless Battle Clause: Forcing endless battles is banned
|rule|HP Percentage Mod: HP is shown in percentages
|rule|Dynamax Clause: You cannot dynamax
|clearpoke
|poke|p1|Blacephalon|
|poke|p1|Bisharp, M|
|poke|p1|Urshifu-*, F|
|poke|p1|Dragonite, M|
|poke|p1|Garchomp, F|
|poke|p1|Slowking-Galar, M|
|poke|p2|Weavile, F|
|poke|p2|Tapu Lele|
|poke|p2|Heatran, F|
|poke|p2|Landorus-Therian, M|
|poke|p2|Ferrothorn, M|
|poke|p2|Zapdos|
|teampreview
|inactive|Battle timer is ON: inactive players will automatically lose when time's up. (requested by Caramelcat8)
|j|+azure nights
|inactive|justatest123 has 120 seconds left.
|c|+azure nights|among us
|l|+azure nights
|inactive|justatest123 has 90 seconds left.
|
|t:|1641698088
|start
|switch|p1a: Garchomp|Garchomp, F|100/100
|switch|p2a: Weavile|Weavile, F|100/100
|-ability|p2a: Weavile|Pressure
|turn|1
|
|t:|1641698096
|switch|p1a: Urshifu|Urshifu-Rapid-Strike, F|100/100
|move|p2a: Weavile|Triple Axel|p1a: Urshifu
|-resisted|p1a: Urshifu
|-damage|p1a: Urshifu|93/100
|-resisted|p1a: Urshifu
|-damage|p1a: Urshifu|79/100
|-resisted|p1a: Urshifu
|-damage|p1a: Urshifu|57/100
|-hitcount|p1a: Urshifu|3
|
|upkeep
|turn|2
|
|t:|1641698100
|switch|p2a: Zapdos|Zapdos|100/100
|move|p1a: Urshifu|U-turn|p2a: Zapdos
|-resisted|p2a: Zapdos
|-damage|p2a: Zapdos|86/100
|
|t:|1641698105
|switch|p1a: Garchomp|Garchomp, F|100/100|[from]move: U-turn
|
|upkeep
|turn|3
|j|+azure nights
|
|t:|1641698134
|switch|p2a: Landorus|Landorus-Therian, M|100/100
|-ability|p2a: Landorus|Intimidate|boost
|-unboost|p1a: Garchomp|atk|1
|move|p1a: Garchomp|Toxic|p2a: Landorus
|-status|p2a: Landorus|tox
|
|-damage|p2a: Landorus|94/100 tox|[from] psn
|upkeep
|turn|4
|
|t:|1641698139
|move|p1a: Garchomp|Stealth Rock|p2a: Landorus
|-sidestart|p2: justatest123|move: Stealth Rock
|move|p2a: Landorus|Toxic|p1a: Garchomp
|-status|p1a: Garchomp|tox
|
|-heal|p2a: Landorus|100/100 tox|[from] item: Leftovers
|-damage|p1a: Garchomp|94/100 tox|[from] psn
|-damage|p2a: Landorus|88/100 tox|[from] psn
|upkeep
|turn|5
|
|t:|1641698142
|move|p1a: Garchomp|Stone Edge|p2a: Landorus
|-damage|p2a: Landorus|64/100 tox
|move|p2a: Landorus|Stealth Rock|p1a: Garchomp
|-sidestart|p1: Caramelcat8|move: Stealth Rock
|
|-heal|p2a: Landorus|70/100 tox|[from] item: Leftovers
|-damage|p1a: Garchomp|82/100 tox|[from] psn
|-damage|p2a: Landorus|52/100 tox|[from] psn
|upkeep
|turn|6
|inactive|justatest123 has 120 seconds left.
|j| georgiethefirst
|
|t:|1641698178
|move|p1a: Garchomp|Stone Edge|p2a: Landorus
|-damage|p2a: Landorus|26/100 tox
|move|p2a: Landorus|Earthquake|p1a: Garchomp
|-damage|p1a: Garchomp|42/100 tox
|
|-heal|p2a: Landorus|32/100 tox|[from] item: Leftovers
|-damage|p1a: Garchomp|23/100 tox|[from] psn
|-damage|p2a: Landorus|8/100 tox|[from] psn
|upkeep
|turn|7
|
|t:|1641698185
|move|p1a: Garchomp|Earthquake|p2a: Landorus
|-immune|p2a: Landorus
|move|p2a: Landorus|Earthquake|p1a: Garchomp
|-damage|p1a: Garchomp|0 fnt
|faint|p1a: Garchomp
|
|-heal|p2a: Landorus|14/100 tox|[from] item: Leftovers
|-damage|p2a: Landorus|0 fnt|[from] psn
|faint|p2a: Landorus
|upkeep
|inactive|justatest123 has 120 seconds left.
|inactive|justatest123 has 90 seconds left.
|
|t:|1641698238
|switch|p1a: Urshifu|Urshifu-Rapid-Strike, F|57/100
|switch|p2a: Heatran|Heatran, F|100/100
|-damage|p1a: Urshifu|50/100|[from] Stealth Rock
|-damage|p2a: Heatran|88/100|[from] Stealth Rock
|turn|8
|
|t:|1641698243
|switch|p2a: Zapdos|Zapdos|86/100
|move|p1a: Urshifu|Close Combat|p2a: Zapdos
|-resisted|p2a: Zapdos
|-damage|p2a: Zapdos|52/100
|-unboost|p1a: Urshifu|def|1
|-unboost|p1a: Urshifu|spd|1
|-status|p1a: Urshifu|par|[from] ability: Static|[of] p2a: Zapdos
|
|upkeep
|turn|9
|
|t:|1641698250
|switch|p1a: Slowking|Slowking-Galar, M|100/100
|-damage|p1a: Slowking|88/100|[from] Stealth Rock
|move|p2a: Zapdos|Volt Switch|p1a: Slowking
|-damage|p1a: Slowking|77/100
|
|t:|1641698263
|switch|p2a: Weavile|Weavile, F|100/100|[from]move: Volt Switch
|-damage|p2a: Weavile|76/100|[from] Stealth Rock
|-ability|p2a: Weavile|Pressure
|
|upkeep
|turn|10
|
|t:|1641698267
|move|p2a: Weavile|Knock Off|p1a: Slowking
|-supereffective|p1a: Slowking
|-damage|p1a: Slowking|0 fnt
|-enditem|p1a: Slowking|Assault Vest|[from] move: Knock Off|[of] p2a: Weavile
|faint|p1a: Slowking
|
|upkeep
|
|t:|1641698271
|switch|p1a: Urshifu|Urshifu-Rapid-Strike, F|50/100 par
|-damage|p1a: Urshifu|44/100 par|[from] Stealth Rock
|turn|11
|
|t:|1641698284
|switch|p2a: Ferrothorn|Ferrothorn, M|100/100
|-damage|p2a: Ferrothorn|94/100|[from] Stealth Rock
|move|p1a: Urshifu|Close Combat|p2a: Ferrothorn
|-supereffective|p2a: Ferrothorn
|-damage|p2a: Ferrothorn|0 fnt
|-unboost|p1a: Urshifu|def|1
|-unboost|p1a: Urshifu|spd|1
|-damage|p1a: Urshifu|32/100 par|[from] ability: Iron Barbs|[of] p2a: Ferrothorn
|faint|p2a: Ferrothorn
|
|upkeep
|
|t:|1641698286
|switch|p2a: Zapdos|Zapdos|52/100
|turn|12
|
|t:|1641698289
|move|p2a: Zapdos|Defog|p1a: Urshifu
|-unboost|p1a: Urshifu|evasion|1
|-sideend|p1: Caramelcat8|Stealth Rock|[from] move: Defog|[of] p2a: Zapdos
|-sideend|p2: justatest123|Stealth Rock|[from] move: Defog|[of] p2a: Zapdos
|move|p1a: Urshifu|Close Combat|p2a: Zapdos
|-resisted|p2a: Zapdos
|-damage|p2a: Zapdos|19/100
|-unboost|p1a: Urshifu|def|1
|-unboost|p1a: Urshifu|spd|1
|
|upkeep
|turn|13
|
|t:|1641698295
|switch|p1a: Bisharp|Bisharp, M|100/100
|move|p2a: Zapdos|Volt Switch|p1a: Bisharp
|-damage|p1a: Bisharp|63/100
|
|t:|1641698298
|switch|p2a: Tapu Lele|Tapu Lele|100/100|[from]move: Volt Switch
|-fieldstart|move: Psychic Terrain|[from] ability: Psychic Surge|[of] p2a: Tapu Lele
|
|upkeep
|turn|14
|
|t:|1641698302
|move|p2a: Tapu Lele|Moonblast|p1a: Bisharp
|-damage|p1a: Bisharp|0 fnt
|faint|p1a: Bisharp
|
|upkeep
|
|t:|1641698305
|switch|p1a: Blacephalon|Blacephalon|100/100
|turn|15
|
|t:|1641698314
|switch|p2a: Heatran|Heatran, F|88/100
|move|p1a: Blacephalon|Shadow Ball|p2a: Heatran
|-crit|p2a: Heatran
|-damage|p2a: Heatran|43/100
|
|-heal|p2a: Heatran|49/100|[from] item: Leftovers
|upkeep
|turn|16
|
|t:|1641698325
|move|p1a: Blacephalon|Shadow Ball|p2a: Heatran
|-damage|p2a: Heatran|17/100
|move|p2a: Heatran|Earth Power|p1a: Blacephalon
|-supereffective|p1a: Blacephalon
|-damage|p1a: Blacephalon|20/100
|
|-heal|p2a: Heatran|23/100|[from] item: Leftovers
|upkeep
|turn|17
|
|t:|1641698338
|move|p1a: Blacephalon|Shadow Ball|p2a: Heatran
|-damage|p2a: Heatran|0 fnt
|faint|p2a: Heatran
|-ability|p1a: Blacephalon|Beast Boost|boost
|-boost|p1a: Blacephalon|spa|1
|
|-fieldend|move: Psychic Terrain
|upkeep
|
|t:|1641698350
|switch|p2a: Weavile|Weavile, F|76/100
|-ability|p2a: Weavile|Pressure
|turn|18
|
|t:|1641698365
|switch|p1a: Urshifu|Urshifu-Rapid-Strike, F|32/100 par
|move|p2a: Weavile|Ice Shard|p1a: Urshifu
|-resisted|p1a: Urshifu
|-damage|p1a: Urshifu|16/100 par
|
|upkeep
|turn|19
|
|t:|1641698377
|switch|p2a: Zapdos|Zapdos|19/100
|move|p1a: Urshifu|Surging Strikes|p2a: Zapdos
|-crit|p2a: Zapdos
|-damage|p2a: Zapdos|0 fnt
|faint|p2a: Zapdos
|-hitcount|p2: Zapdos|1
|
|upkeep
|
|t:|1641698387
|switch|p2a: Tapu Lele|Tapu Lele|100/100
|-fieldstart|move: Psychic Terrain|[from] ability: Psychic Surge|[of] p2a: Tapu Lele
|turn|20
|inactive|justatest123 has 120 seconds left.
|
|t:|1641698416
|move|p2a: Tapu Lele|Moonblast|p1a: Urshifu
|-supereffective|p1a: Urshifu
|-damage|p1a: Urshifu|0 fnt
|faint|p1a: Urshifu
|
|upkeep
|
|t:|1641698424
|switch|p1a: Blacephalon|Blacephalon|20/100
|turn|21
|
|t:|1641698434
|move|p1a: Blacephalon|Shadow Ball|p2a: Tapu Lele
|-supereffective|p2a: Tapu Lele
|-damage|p2a: Tapu Lele|0 fnt
|faint|p2a: Tapu Lele
|-ability|p1a: Blacephalon|Beast Boost|boost
|-boost|p1a: Blacephalon|spa|1
|
|upkeep
|
|t:|1641698437
|switch|p2a: Weavile|Weavile, F|76/100
|-ability|p2a: Weavile|Pressure
|turn|22
|
|t:|1641698442
|switch|p1a: Dragonite|Dragonite, M|100/100
|move|p2a: Weavile|Knock Off|p1a: Dragonite
|-damage|p1a: Dragonite|60/100
|-enditem|p1a: Dragonite|Heavy-Duty Boots|[from] move: Knock Off|[of] p2a: Weavile
|
|upkeep
|turn|23
|-message|justatest123 forfeited.
|
|win|Caramelcat8
|raw|Caramelcat8's rating: 1607 &rarr; <strong>1635</strong><br />(+28 for winning)
|raw|justatest123's rating: 1745 &rarr; <strong>1717</strong><br />(-28 for losing)
