|j|☆RedSpin
|j|☆DumbLick1337
|t:|1641844206
|gametype|singles
|player|p1|RedSpin|102|1324
|player|p2|DumbLick1337|102|1326
|teamsize|p1|6
|teamsize|p2|6
|gen|8
|tier|[Gen 8] OU
|rated|
|rule|Sleep Clause Mod: Limit one foe put to sleep
|rule|Species Clause: Limit one of each Pokémon
|rule|OHKO Clause: OHKO moves are banned
|rule|Evasion Moves Clause: Evasion moves are banned
|rule|Endless Battle Clause: Forcing endless battles is banned
|rule|HP Percentage Mod: HP is shown in percentages
|rule|Dynamax Clause: You cannot dynamax
|clearpoke
|poke|p1|Toxapex, M|
|poke|p1|Dragapult, F|
|poke|p1|Rillaboom, F|
|poke|p1|Heatran, M|
|poke|p1|Ferrothorn, M|
|poke|p1|Obstagoon, M|
|poke|p2|Rotom-Heat|
|poke|p2|Corviknight, F|
|poke|p2|Clefable, F|
|poke|p2|Seismitoad, M|
|poke|p2|Hydreigon, F|
|poke|p2|Gyarados, M|
|teampreview
|inactive|Battle timer is ON: inactive players will automatically lose when time's up. (requested by RedSpin)
|c|☆DumbLick1337|hf
|inactive|DumbLick1337 also wants the timer to be on.
|
|t:|1641844213
|start
|switch|p1a: Dragapult|Dragapult, F|100/100
|switch|p2a: Clefable|Clefable, F|100/100
|turn|1
|
|t:|1641844222
|switch|p1a: Toxapex|Toxapex, M|100/100
|move|p2a: Clefable|Calm Mind|p2a: Clefable
|-boost|p2a: Clefable|spa|1
|-boost|p2a: Clefable|spd|1
|
|upkeep
|turn|2
|
|t:|1641844228
|move|p2a: Clefable|Moonblast|p1a: Toxapex
|-resisted|p1a: Toxapex
|-damage|p1a: Toxapex|81/100
|move|p1a: Toxapex|Toxic Spikes|p2a: Clefable
|-sidestart|p2: DumbLick1337|move: Toxic Spikes
|
|upkeep
|turn|3
|
|t:|1641844233
|move|p2a: Clefable|Moonblast|p1a: Toxapex
|-resisted|p1a: Toxapex
|-damage|p1a: Toxapex|60/100
|move|p1a: Toxapex|Toxic Spikes|p2a: Clefable
|-sidestart|p2: DumbLick1337|move: Toxic Spikes
|
|upkeep
|turn|4
|
|t:|1641844238
|move|p2a: Clefable|Moonblast|p1a: Toxapex
|-resisted|p1a: Toxapex
|-damage|p1a: Toxapex|43/100
|move|p1a: Toxapex|Haze|p1a: Toxapex
|-clearallboost
|
|upkeep
|turn|5
|
|t:|1641844244
|move|p2a: Clefable|Calm Mind|p2a: Clefable
|-boost|p2a: Clefable|spa|1
|-boost|p2a: Clefable|spd|1
|move|p1a: Toxapex|Recover|p1a: Toxapex
|-heal|p1a: Toxapex|93/100
|
|upkeep
|turn|6
|
|t:|1641844248
|move|p2a: Clefable|Calm Mind|p2a: Clefable
|-boost|p2a: Clefable|spa|1
|-boost|p2a: Clefable|spd|1
|move|p1a: Toxapex|Haze|p1a: Toxapex
|-clearallboost
|
|upkeep
|turn|7
|
|t:|1641844254
|move|p2a: Clefable|Calm Mind|p2a: Clefable
|-boost|p2a: Clefable|spa|1
|-boost|p2a: Clefable|spd|1
|move|p1a: Toxapex|Scald|p2a: Clefable
|-damage|p2a: Clefable|90/100
|
|-heal|p2a: Clefable|96/100|[from] item: Leftovers
|upkeep
|turn|8
|
|t:|1641844262
|move|p2a: Clefable|Calm Mind|p2a: Clefable
|-boost|p2a: Clefable|spa|1
|-boost|p2a: Clefable|spd|1
|move|p1a: Toxapex|Haze|p1a: Toxapex
|-clearallboost
|
|-heal|p2a: Clefable|100/100|[from] item: Leftovers
|upkeep
|turn|9
|
|t:|1641844267
|move|p2a: Clefable|Calm Mind|p2a: Clefable
|-boost|p2a: Clefable|spa|1
|-boost|p2a: Clefable|spd|1
|move|p1a: Toxapex|Scald|p2a: Clefable
|-damage|p2a: Clefable|91/100
|-status|p2a: Clefable|brn
|
|-heal|p2a: Clefable|97/100 brn|[from] item: Leftovers
|upkeep
|turn|10
|
|t:|1641844272
|move|p2a: Clefable|Calm Mind|p2a: Clefable
|-boost|p2a: Clefable|spa|1
|-boost|p2a: Clefable|spd|1
|move|p1a: Toxapex|Haze|p1a: Toxapex
|-clearallboost
|
|-heal|p2a: Clefable|100/100 brn|[from] item: Leftovers
|upkeep
|turn|11
|
|t:|1641844276
|move|p2a: Clefable|Calm Mind|p2a: Clefable
|-boost|p2a: Clefable|spa|1
|-boost|p2a: Clefable|spd|1
|move|p1a: Toxapex|Haze|p1a: Toxapex
|-clearallboost
|
|upkeep
|turn|12
|
|t:|1641844277
|move|p2a: Clefable|Calm Mind|p2a: Clefable
|-boost|p2a: Clefable|spa|1
|-boost|p2a: Clefable|spd|1
|move|p1a: Toxapex|Haze|p1a: Toxapex
|-clearallboost
|
|upkeep
|turn|13
|
|t:|1641844278
|move|p2a: Clefable|Calm Mind|p2a: Clefable
|-boost|p2a: Clefable|spa|1
|-boost|p2a: Clefable|spd|1
|move|p1a: Toxapex|Haze|p1a: Toxapex
|-clearallboost
|
|upkeep
|turn|14
|
|t:|1641844279
|move|p2a: Clefable|Calm Mind|p2a: Clefable
|-boost|p2a: Clefable|spa|1
|-boost|p2a: Clefable|spd|1
|move|p1a: Toxapex|Haze|p1a: Toxapex
|-clearallboost
|
|upkeep
|turn|15
|
|t:|1641844280
|move|p2a: Clefable|Calm Mind|p2a: Clefable
|-boost|p2a: Clefable|spa|1
|-boost|p2a: Clefable|spd|1
|move|p1a: Toxapex|Haze|p1a: Toxapex
|-clearallboost
|
|upkeep
|turn|16
|
|t:|1641844282
|move|p2a: Clefable|Calm Mind|p2a: Clefable
|-boost|p2a: Clefable|spa|1
|-boost|p2a: Clefable|spd|1
|move|p1a: Toxapex|Haze|p1a: Toxapex
|-clearallboost
|
|upkeep
|turn|17
|
|t:|1641844282
|move|p2a: Clefable|Calm Mind|p2a: Clefable
|-boost|p2a: Clefable|spa|1
|-boost|p2a: Clefable|spd|1
|move|p1a: Toxapex|Haze|p1a: Toxapex
|-clearallboost
|
|upkeep
|turn|18
|
|t:|1641844284
|move|p2a: Clefable|Calm Mind|p2a: Clefable
|-boost|p2a: Clefable|spa|1
|-boost|p2a: Clefable|spd|1
|move|p1a: Toxapex|Haze|p1a: Toxapex
|-clearallboost
|
|upkeep
|turn|19
|
|t:|1641844285
|move|p2a: Clefable|Calm Mind|p2a: Clefable
|-boost|p2a: Clefable|spa|1
|-boost|p2a: Clefable|spd|1
|move|p1a: Toxapex|Haze|p1a: Toxapex
|-clearallboost
|
|upkeep
|turn|20
|
|t:|1641844287
|move|p2a: Clefable|Calm Mind|p2a: Clefable
|-boost|p2a: Clefable|spa|1
|-boost|p2a: Clefable|spd|1
|move|p1a: Toxapex|Haze|p1a: Toxapex
|-clearallboost
|
|upkeep
|turn|21
|
|t:|1641844288
|move|p2a: Clefable|Calm Mind|p2a: Clefable
|-boost|p2a: Clefable|spa|1
|-boost|p2a: Clefable|spd|1
|move|p1a: Toxapex|Haze|p1a: Toxapex
|-clearallboost
|
|upkeep
|turn|22
|
|t:|1641844289
|move|p2a: Clefable|Calm Mind|p2a: Clefable
|-boost|p2a: Clefable|spa|1
|-boost|p2a: Clefable|spd|1
|move|p1a: Toxapex|Haze|p1a: Toxapex
|-clearallboost
|
|upkeep
|turn|23
|
|t:|1641844290
|move|p2a: Clefable|Calm Mind|p2a: Clefable
|-boost|p2a: Clefable|spa|1
|-boost|p2a: Clefable|spd|1
|move|p1a: Toxapex|Haze|p1a: Toxapex
|-clearallboost
|
|upkeep
|turn|24
|
|t:|1641844291
|move|p2a: Clefable|Calm Mind|p2a: Clefable
|-boost|p2a: Clefable|spa|1
|-boost|p2a: Clefable|spd|1
|move|p1a: Toxapex|Haze|p1a: Toxapex
|-clearallboost
|
|upkeep
|turn|25
|
|t:|1641844292
|move|p2a: Clefable|Calm Mind|p2a: Clefable
|-boost|p2a: Clefable|spa|1
|-boost|p2a: Clefable|spd|1
|move|p1a: Toxapex|Haze|p1a: Toxapex
|-clearallboost
|
|upkeep
|turn|26
|
|t:|1641844293
|move|p2a: Clefable|Calm Mind|p2a: Clefable
|-boost|p2a: Clefable|spa|1
|-boost|p2a: Clefable|spd|1
|move|p1a: Toxapex|Haze|p1a: Toxapex
|-clearallboost
|
|upkeep
|turn|27
|
|t:|1641844294
|move|p2a: Clefable|Calm Mind|p2a: Clefable
|-boost|p2a: Clefable|spa|1
|-boost|p2a: Clefable|spd|1
|move|p1a: Toxapex|Haze|p1a: Toxapex
|-clearallboost
|
|upkeep
|turn|28
|
|t:|1641844295
|move|p2a: Clefable|Calm Mind|p2a: Clefable
|-boost|p2a: Clefable|spa|1
|-boost|p2a: Clefable|spd|1
|move|p1a: Toxapex|Haze|p1a: Toxapex
|-clearallboost
|
|upkeep
|turn|29
|
|t:|1641844296
|move|p2a: Clefable|Calm Mind|p2a: Clefable
|-boost|p2a: Clefable|spa|1
|-boost|p2a: Clefable|spd|1
|move|p1a: Toxapex|Haze|p1a: Toxapex
|-clearallboost
|
|upkeep
|turn|30
|
|t:|1641844297
|move|p2a: Clefable|Calm Mind|p2a: Clefable
|-boost|p2a: Clefable|spa|1
|-boost|p2a: Clefable|spd|1
|move|p1a: Toxapex|Haze|p1a: Toxapex
|-clearallboost
|
|upkeep
|turn|31
|
|t:|1641844298
|move|p2a: Clefable|Calm Mind|p2a: Clefable
|-boost|p2a: Clefable|spa|1
|-boost|p2a: Clefable|spd|1
|move|p1a: Toxapex|Haze|p1a: Toxapex
|-clearallboost
|
|upkeep
|turn|32
|
|t:|1641844300
|move|p2a: Clefable|Calm Mind|p2a: Clefable
|-boost|p2a: Clefable|spa|1
|-boost|p2a: Clefable|spd|1
|move|p1a: Toxapex|Haze|p1a: Toxapex
|-clearallboost
|
|upkeep
|turn|33
|
|t:|1641844301
|move|p2a: Clefable|Calm Mind|p2a: Clefable
|-boost|p2a: Clefable|spa|1
|-boost|p2a: Clefable|spd|1
|move|p1a: Toxapex|Haze|p1a: Toxapex
|-clearallboost
|
|upkeep
|turn|34
|
|t:|1641844305
|move|p2a: Clefable|Calm Mind|p2a: Clefable
|-boost|p2a: Clefable|spa|1
|-boost|p2a: Clefable|spd|1
|move|p1a: Toxapex|Haze|p1a: Toxapex
|-clearallboost
|
|upkeep
|turn|35
|
|t:|1641844306
|move|p2a: Clefable|Calm Mind|p2a: Clefable
|-boost|p2a: Clefable|spa|1
|-boost|p2a: Clefable|spd|1
|move|p1a: Toxapex|Haze|p1a: Toxapex
|-clearallboost
|
|upkeep
|turn|36
|
|t:|1641844316
|switch|p2a: Corviknight|Corviknight, F|100/100
|-ability|p2a: Corviknight|Pressure
|move|p1a: Toxapex|Haze|p1a: Toxapex
|-clearallboost
|
|upkeep
|turn|37
|
|t:|1641844323
|move|p2a: Corviknight|Defog|p1a: Toxapex
|-unboost|p1a: Toxapex|evasion|1
|-sideend|p2: DumbLick1337|Toxic Spikes|[from] move: Defog|[of] p2a: Corviknight
|move|p1a: Toxapex|Scald|p2a: Corviknight
|-damage|p2a: Corviknight|85/100
|
|-heal|p2a: Corviknight|92/100|[from] item: Leftovers
|upkeep
|turn|38
|
|t:|1641844326
|move|p2a: Corviknight|U-turn|p1a: Toxapex
|-resisted|p1a: Toxapex
|-damage|p1a: Toxapex|88/100
|-damage|p2a: Corviknight|75/100|[from] item: Rocky Helmet|[of] p1a: Toxapex
|
|t:|1641844326
|switch|p2a: Seismitoad|Seismitoad, M|100/100|[from]move: U-turn
|move|p1a: Toxapex|Toxic Spikes|p2a: Seismitoad
|-sidestart|p2: DumbLick1337|move: Toxic Spikes
|
|upkeep
|turn|39
|inactive|RedSpin has 120 seconds left.
|inactive|RedSpin has 90 seconds left.
|
|t:|1641844388
|switch|p1a: Dragapult|Dragapult, F|100/100
|move|p2a: Seismitoad|Stealth Rock|p1a: Dragapult
|-sidestart|p1: RedSpin|move: Stealth Rock
|
|upkeep
|turn|40
|inactive|RedSpin has 90 seconds left.
|
|t:|1641844399
|switch|p2a: Clefable|Clefable, F|100/100 brn
|move|p1a: Dragapult|Shadow Ball|p2a: Clefable
|-damage|p2a: Clefable|52/100 brn
|-unboost|p2a: Clefable|spd|1
|
|-heal|p2a: Clefable|58/100 brn|[from] item: Leftovers
|upkeep
|turn|41
|inactive|RedSpin has 90 seconds left.
|
|t:|1641844415
|switch|p2a: Hydreigon|Hydreigon, F|100/100
|move|p1a: Dragapult|Shadow Ball|p2a: Hydreigon
|-resisted|p2a: Hydreigon
|-damage|p2a: Hydreigon|73/100
|
|upkeep
|turn|42
|inactive|RedSpin has 90 seconds left.
|
|t:|1641844428
|switch|p1a: Toxapex|Toxapex, M|100/100
|-damage|p1a: Toxapex|88/100|[from] Stealth Rock
|move|p2a: Hydreigon|Draco Meteor|p1a: Toxapex
|-damage|p1a: Toxapex|37/100
|-unboost|p2a: Hydreigon|spa|2
|
|upkeep
|turn|43
|inactive|RedSpin has 90 seconds left.
|
|t:|1641844442
|switch|p2a: Clefable|Clefable, F|58/100 brn
|move|p1a: Toxapex|Recover|p1a: Toxapex
|-heal|p1a: Toxapex|87/100
|
|-heal|p2a: Clefable|64/100 brn|[from] item: Leftovers
|upkeep
|turn|44
|
|t:|1641844447
|switch|p1a: Rillaboom|Rillaboom, F|100/100
|-damage|p1a: Rillaboom|88/100|[from] Stealth Rock
|-fieldstart|move: Grassy Terrain|[from] ability: Grassy Surge|[of] p1a: Rillaboom
|move|p2a: Clefable|Soft-Boiled|p2a: Clefable
|-heal|p2a: Clefable|100/100 brn
|
|-heal|p1a: Rillaboom|94/100|[from] Grassy Terrain
|upkeep
|turn|45
|
|t:|1641844456
|switch|p2a: Corviknight|Corviknight, F|75/100
|-ability|p2a: Corviknight|Pressure
|move|p1a: Rillaboom|Grassy Glide|p2a: Corviknight
|-resisted|p2a: Corviknight
|-damage|p2a: Corviknight|64/100
|-damage|p1a: Rillaboom|84/100|[from] item: Life Orb
|
|-heal|p1a: Rillaboom|91/100|[from] Grassy Terrain
|-heal|p2a: Corviknight|70/100|[from] item: Leftovers
|upkeep
|turn|46
|
|t:|1641844472
|switch|p1a: Dragapult|Dragapult, F|100/100
|-damage|p1a: Dragapult|88/100|[from] Stealth Rock
|move|p2a: Corviknight|Brave Bird|p1a: Dragapult
|-damage|p1a: Dragapult|42/100
|-damage|p2a: Corviknight|58/100|[from] Recoil
|
|-heal|p1a: Dragapult|48/100|[from] Grassy Terrain
|-heal|p2a: Corviknight|64/100|[from] item: Leftovers
|upkeep
|turn|47
|
|t:|1641844482
|switch|p2a: Clefable|Clefable, F|100/100 brn
|move|p1a: Dragapult|Shadow Ball|p2a: Clefable
|-damage|p2a: Clefable|53/100 brn
|
|-heal|p1a: Dragapult|54/100|[from] Grassy Terrain
|-heal|p2a: Clefable|59/100 brn|[from] Grassy Terrain
|-heal|p2a: Clefable|65/100 brn|[from] item: Leftovers
|upkeep
|turn|48
|
|t:|1641844492
|switch|p1a: Rillaboom|Rillaboom, F|91/100
|-damage|p1a: Rillaboom|78/100|[from] Stealth Rock
|move|p2a: Clefable|Moonblast|p1a: Rillaboom
|-damage|p1a: Rillaboom|36/100
|
|-heal|p1a: Rillaboom|42/100|[from] Grassy Terrain
|-heal|p2a: Clefable|72/100 brn|[from] Grassy Terrain
|-heal|p2a: Clefable|78/100 brn|[from] item: Leftovers
|-fieldend|move: Grassy Terrain
|upkeep
|turn|49
|
|t:|1641844503
|move|p1a: Rillaboom|Grassy Glide|p2a: Clefable
|-damage|p2a: Clefable|34/100 brn
|-damage|p1a: Rillaboom|32/100|[from] item: Life Orb
|move|p2a: Clefable|Moonblast|p1a: Rillaboom
|-damage|p1a: Rillaboom|0 fnt
|faint|p1a: Rillaboom
|
|-heal|p2a: Clefable|40/100 brn|[from] item: Leftovers
|upkeep
|
|t:|1641844514
|switch|p1a: Dragapult|Dragapult, F|54/100
|-damage|p1a: Dragapult|42/100|[from] Stealth Rock
|turn|50
|
|t:|1641844519
|move|p2a: Clefable|Protect|p2a: Clefable
|-singleturn|p2a: Clefable|Protect
|move|p1a: Dragapult|Shadow Ball|p2a: Clefable
|-activate|p2a: Clefable|move: Protect
|
|-heal|p2a: Clefable|46/100 brn|[from] item: Leftovers
|upkeep
|turn|51
|
|t:|1641844525
|switch|p2a: Hydreigon|Hydreigon, F|73/100
|move|p1a: Dragapult|Shadow Ball|p2a: Hydreigon
|-resisted|p2a: Hydreigon
|-damage|p2a: Hydreigon|44/100
|-unboost|p2a: Hydreigon|spd|1
|
|upkeep
|turn|52
|
|t:|1641844535
|move|p2a: Hydreigon|Draco Meteor|p1a: Dragapult
|-supereffective|p1a: Dragapult
|-damage|p1a: Dragapult|0 fnt
|-unboost|p2a: Hydreigon|spa|2
|faint|p1a: Dragapult
|
|upkeep
|
|t:|1641844543
|switch|p1a: Ferrothorn|Ferrothorn, M|100/100
|-damage|p1a: Ferrothorn|94/100|[from] Stealth Rock
|turn|53
|
|t:|1641844547
|switch|p2a: Clefable|Clefable, F|46/100 brn
|move|p1a: Ferrothorn|Leech Seed|p2a: Clefable
|-start|p2a: Clefable|move: Leech Seed
|
|-heal|p2a: Clefable|52/100 brn|[from] item: Leftovers
|-heal|p1a: Ferrothorn|100/100|[from] item: Leftovers
|upkeep
|turn|54
|
|t:|1641844556
|move|p2a: Clefable|Soft-Boiled|p2a: Clefable
|-heal|p2a: Clefable|100/100 brn
|move|p1a: Ferrothorn|Knock Off|p2a: Clefable
|-resisted|p2a: Clefable
|-damage|p2a: Clefable|92/100 brn
|-enditem|p2a: Clefable|Leftovers|[from] move: Knock Off|[of] p1a: Ferrothorn
|
|upkeep
|turn|55
|
|t:|1641844559
|switch|p2a: Corviknight|Corviknight, F|64/100
|-ability|p2a: Corviknight|Pressure
|move|p1a: Ferrothorn|Spikes|p2a: Corviknight
|-sidestart|p2: DumbLick1337|Spikes
|
|-heal|p2a: Corviknight|71/100|[from] item: Leftovers
|upkeep
|turn|56
|
|t:|1641844564
|move|p2a: Corviknight|Defog|p1a: Ferrothorn
|-unboost|p1a: Ferrothorn|evasion|1
|-sideend|p1: RedSpin|Stealth Rock|[from] move: Defog|[of] p2a: Corviknight
|-sideend|p2: DumbLick1337|Spikes|[from] move: Defog|[of] p2a: Corviknight
|-sideend|p2: DumbLick1337|Toxic Spikes|[from] move: Defog|[of] p2a: Corviknight
|move|p1a: Ferrothorn|Leech Seed|p2a: Corviknight
|-start|p2a: Corviknight|move: Leech Seed
|
|-heal|p2a: Corviknight|77/100|[from] item: Leftovers
|-damage|p2a: Corviknight|64/100|[from] Leech Seed|[of] p1a: Ferrothorn
|upkeep
|turn|57
|
|t:|1641844575
|switch|p2a: Clefable|Clefable, F|92/100 brn
|move|p1a: Ferrothorn|Knock Off|p2a: Clefable
|-resisted|p2a: Clefable
|-damage|p2a: Clefable|86/100 brn
|
|upkeep
|turn|58
|
|t:|1641844581
|move|p2a: Clefable|Soft-Boiled|p2a: Clefable
|-heal|p2a: Clefable|100/100 brn
|move|p1a: Ferrothorn|Spikes|p2a: Clefable
|-sidestart|p2: DumbLick1337|Spikes
|
|upkeep
|turn|59
|
|t:|1641844587
|switch|p2a: Corviknight|Corviknight, F|64/100
|-ability|p2a: Corviknight|Pressure
|move|p1a: Ferrothorn|Spikes|p2a: Corviknight
|-sidestart|p2: DumbLick1337|Spikes
|
|-heal|p2a: Corviknight|71/100|[from] item: Leftovers
|upkeep
|turn|60
|
|t:|1641844591
|move|p2a: Corviknight|Defog|p1a: Ferrothorn
|-unboost|p1a: Ferrothorn|evasion|1
|-sideend|p2: DumbLick1337|Spikes|[from] move: Defog|[of] p2a: Corviknight
|move|p1a: Ferrothorn|Knock Off|p2a: Corviknight
|-damage|p2a: Corviknight|56/100
|-enditem|p2a: Corviknight|Leftovers|[from] move: Knock Off|[of] p1a: Ferrothorn
|
|upkeep
|turn|61
|
|t:|1641844602
|move|p2a: Corviknight|Roost|p2a: Corviknight
|-heal|p2a: Corviknight|100/100
|-singleturn|p2a: Corviknight|move: Roost
|move|p1a: Ferrothorn|Leech Seed|p2a: Corviknight
|-start|p2a: Corviknight|move: Leech Seed
|
|-damage|p2a: Corviknight|88/100|[from] Leech Seed|[of] p1a: Ferrothorn
|upkeep
|turn|62
|
|t:|1641844606
|switch|p2a: Clefable|Clefable, F|100/100 brn
|move|p1a: Ferrothorn|Spikes|p2a: Clefable
|-sidestart|p2: DumbLick1337|Spikes
|
|upkeep
|turn|63
|j| haywirehax
|
|t:|1641844614
|move|p2a: Clefable|Moonblast|p1a: Ferrothorn
|-resisted|p1a: Ferrothorn
|-damage|p1a: Ferrothorn|87/100
|-unboost|p1a: Ferrothorn|spa|1
|move|p1a: Ferrothorn|Spikes|p2a: Clefable
|-sidestart|p2: DumbLick1337|Spikes
|
|-heal|p1a: Ferrothorn|93/100|[from] item: Leftovers
|upkeep
|turn|64
|
|t:|1641844616
|move|p2a: Clefable|Moonblast|p1a: Ferrothorn
|-resisted|p1a: Ferrothorn
|-damage|p1a: Ferrothorn|79/100
|-unboost|p1a: Ferrothorn|spa|1
|move|p1a: Ferrothorn|Spikes|p2a: Clefable
|-sidestart|p2: DumbLick1337|Spikes
|
|-heal|p1a: Ferrothorn|85/100|[from] item: Leftovers
|upkeep
|turn|65
|inactive|RedSpin has 120 seconds left.
|
|t:|1641844663
|switch|p2a: Corviknight|Corviknight, F|88/100
|-ability|p2a: Corviknight|Pressure
|switch|p1a: Heatran|Heatran, M|100/100
|
|upkeep
|turn|66
|
|t:|1641844666
|move|p1a: Heatran|Magma Storm|p2a: Corviknight
|-supereffective|p2a: Corviknight
|-crit|p2a: Corviknight
|-damage|p2a: Corviknight|0 fnt
|faint|p2a: Corviknight
|
|upkeep
|
|t:|1641844666
|switch|p2a: Gyarados|Gyarados, M|100/100
|turn|67
|
|t:|1641844675
|switch|p1a: Toxapex|Toxapex, M|100/100
|move|p2a: Gyarados|Waterfall|p1a: Toxapex
|-resisted|p1a: Toxapex
|-damage|p1a: Toxapex|87/100
|-damage|p2a: Gyarados|84/100|[from] item: Rocky Helmet|[of] p1a: Toxapex
|
|-heal|p2a: Gyarados|90/100|[from] item: Leftovers
|upkeep
|turn|68
|
|t:|1641844683
|move|p2a: Gyarados|Waterfall|p1a: Toxapex
|-resisted|p1a: Toxapex
|-damage|p1a: Toxapex|73/100
|-damage|p2a: Gyarados|73/100|[from] item: Rocky Helmet|[of] p1a: Toxapex
|move|p1a: Toxapex|Toxic Spikes|p2a: Gyarados
|-sidestart|p2: DumbLick1337|move: Toxic Spikes
|
|-heal|p2a: Gyarados|79/100|[from] item: Leftovers
|upkeep
|turn|69
|
|t:|1641844685
|move|p2a: Gyarados|Dragon Dance|p2a: Gyarados
|-boost|p2a: Gyarados|atk|1
|-boost|p2a: Gyarados|spe|1
|move|p1a: Toxapex|Toxic Spikes|p2a: Gyarados
|-sidestart|p2: DumbLick1337|move: Toxic Spikes
|
|-heal|p2a: Gyarados|85/100|[from] item: Leftovers
|upkeep
|turn|70
|
|t:|1641844687
|move|p2a: Gyarados|Earthquake|p1a: Toxapex
|-supereffective|p1a: Toxapex
|-damage|p1a: Toxapex|3/100
|move|p1a: Toxapex|Haze|p1a: Toxapex
|-clearallboost
|
|-heal|p2a: Gyarados|91/100|[from] item: Leftovers
|upkeep
|turn|71
|
|t:|1641844695
|switch|p2a: Hydreigon|Hydreigon, F|44/100
|switch|p1a: Ferrothorn|Ferrothorn, M|85/100
|
|-heal|p1a: Ferrothorn|91/100|[from] item: Leftovers
|upkeep
|turn|72
|
|t:|1641844702
|move|p2a: Hydreigon|Fire Blast|p1a: Ferrothorn
|-supereffective|p1a: Ferrothorn
|-damage|p1a: Ferrothorn|0 fnt
|faint|p1a: Ferrothorn
|
|upkeep
|
|t:|1641844707
|switch|p1a: Heatran|Heatran, M|100/100
|turn|73
|
|t:|1641844710
|switch|p2a: Clefable|Clefable, F|100/100 brn
|move|p1a: Heatran|Toxic||[still]
|-fail|p1a: Heatran
|
|upkeep
|turn|74
|
|t:|1641844715
|move|p2a: Clefable|Protect|p2a: Clefable
|-singleturn|p2a: Clefable|Protect
|move|p1a: Heatran|Taunt|p2a: Clefable
|-activate|p2a: Clefable|move: Protect
|
|upkeep
|turn|75
|
|t:|1641844717
|move|p1a: Heatran|Taunt|p2a: Clefable
|-start|p2a: Clefable|move: Taunt
|cant|p2a: Clefable|move: Taunt|Soft-Boiled
|
|upkeep
|turn|76
|
|t:|1641844723
|switch|p2a: Hydreigon|Hydreigon, F|44/100
|move|p1a: Heatran|Magma Storm|p2a: Hydreigon|[miss]
|-miss|p1a: Heatran|p2a: Hydreigon
|
|upkeep
|turn|77
|
|t:|1641844730
|switch|p1a: Toxapex|Toxapex, M|37/100
|move|p2a: Hydreigon|Dark Pulse|p1a: Toxapex
|-damage|p1a: Toxapex|3/100
|
|upkeep
|turn|78
|
|t:|1641844741
|move|p2a: Hydreigon|Dark Pulse|p1a: Toxapex
|-damage|p1a: Toxapex|0 fnt
|faint|p1a: Toxapex
|
|upkeep
|
|t:|1641844743
|switch|p1a: Heatran|Heatran, M|100/100
|turn|79
|
|t:|1641844745
|move|p2a: Hydreigon|Dark Pulse|p1a: Heatran
|-damage|p1a: Heatran|76/100
|move|p1a: Heatran|Magma Storm|p2a: Hydreigon
|-resisted|p2a: Hydreigon
|-damage|p2a: Hydreigon|19/100
|-activate|p2a: Hydreigon|move: Magma Storm|[of] p1a: Heatran
|
|-heal|p1a: Heatran|82/100|[from] item: Leftovers
|-damage|p2a: Hydreigon|7/100|[from] move: Magma Storm|[partiallytrapped]
|upkeep
|turn|80
|
|t:|1641844757
|move|p2a: Hydreigon|Dark Pulse|p1a: Heatran
|-damage|p1a: Heatran|58/100
|move|p1a: Heatran|Taunt|p2a: Hydreigon
|-start|p2a: Hydreigon|move: Taunt
|
|-heal|p1a: Heatran|64/100|[from] item: Leftovers
|-damage|p2a: Hydreigon|0 fnt|[from] move: Magma Storm|[partiallytrapped]
|faint|p2a: Hydreigon
|upkeep
|
|t:|1641844757
|switch|p2a: Gyarados|Gyarados, M|91/100
|turn|81
|
|t:|1641844761
|move|p2a: Gyarados|Dragon Dance|p2a: Gyarados
|-boost|p2a: Gyarados|atk|1
|-boost|p2a: Gyarados|spe|1
|move|p1a: Heatran|Toxic|p2a: Gyarados
|-status|p2a: Gyarados|tox
|
|-heal|p2a: Gyarados|97/100 tox|[from] item: Leftovers
|-heal|p1a: Heatran|71/100|[from] item: Leftovers
|-damage|p2a: Gyarados|91/100 tox|[from] psn
|upkeep
|turn|82
|
|t:|1641844767
|move|p2a: Gyarados|Waterfall|p1a: Heatran
|-supereffective|p1a: Heatran
|-damage|p1a: Heatran|0 fnt
|faint|p1a: Heatran
|-ability|p2a: Gyarados|Moxie|boost
|-boost|p2a: Gyarados|atk|1
|
|-heal|p2a: Gyarados|97/100 tox|[from] item: Leftovers
|-damage|p2a: Gyarados|85/100 tox|[from] psn
|upkeep
|
|t:|1641844770
|switch|p1a: Obstagoon|Obstagoon, M|100/100
|turn|83
|
|t:|1641844774
|move|p2a: Gyarados|Waterfall|p1a: Obstagoon
|-damage|p1a: Obstagoon|7/100
|move|p1a: Obstagoon|Facade|p2a: Gyarados
|-damage|p2a: Gyarados|52/100 tox
|
|-heal|p2a: Gyarados|59/100 tox|[from] item: Leftovers
|-damage|p2a: Gyarados|40/100 tox|[from] psn
|-status|p1a: Obstagoon|brn|[from] item: Flame Orb
|upkeep
|turn|84
|
|t:|1641844781
|move|p2a: Gyarados|Waterfall|p1a: Obstagoon
|-damage|p1a: Obstagoon|0 fnt
|faint|p1a: Obstagoon
|
|win|DumbLick1337
|raw|RedSpin's rating: 1324 &rarr; <strong>1304</strong><br />(-20 for losing)
|raw|DumbLick1337's rating: 1326 &rarr; <strong>1346</strong><br />(+20 for winning)
|c|☆DumbLick1337|gg
