|j|☆Immagamer
|j|☆srimmer32
|t:|1641766174
|gametype|singles
|player|p1|Immagamer|169|1239
|player|p2|srimmer32|lucas|1286
|teamsize|p1|6
|teamsize|p2|6
|gen|8
|tier|[Gen 8] OU
|rated|
|rule|Sleep Clause Mod: Limit one foe put to sleep
|rule|Species Clause: Limit one of each Pokémon
|rule|OHKO Clause: OHKO moves are banned
|rule|Evasion Moves Clause: Evasion moves are banned
|rule|Endless Battle Clause: Forcing endless battles is banned
|rule|HP Percentage Mod: HP is shown in percentages
|rule|Dynamax Clause: You cannot dynamax
|clearpoke
|poke|p1|Crawdaunt, F|
|poke|p1|Nidoking, M|
|poke|p1|Zeraora|
|poke|p1|Chansey, F|
|poke|p1|Tangrowth, M|
|poke|p1|Tapu Fini|
|poke|p2|Excadrill, M|
|poke|p2|Tapu Fini|
|poke|p2|Garchomp, F|
|poke|p2|Heatran, M|
|poke|p2|Zapdos|
|poke|p2|Buzzwole|
|teampreview
|inactive|Battle timer is ON: inactive players will automatically lose when time's up. (requested by srimmer32)
|
|t:|1641766197
|start
|switch|p1a: Crawdaunt|Crawdaunt, F|100/100
|switch|p2a: Zapdos|Zapdos|100/100
|turn|1
|
|t:|1641766215
|switch|p2a: Garchomp|Garchomp, F|100/100
|switch|p1a: Nidoking|Nidoking, M|100/100
|
|upkeep
|turn|2
|
|t:|1641766227
|switch|p1a: Tangrowth|Tangrowth, M|100/100
|move|p2a: Garchomp|Earthquake|p1a: Tangrowth
|-resisted|p1a: Tangrowth
|-damage|p1a: Tangrowth|90/100
|
|upkeep
|turn|3
|
|t:|1641766234
|move|p2a: Garchomp|Fire Blast|p1a: Tangrowth
|-supereffective|p1a: Tangrowth
|-damage|p1a: Tangrowth|35/100
|move|p1a: Tangrowth|Knock Off|p2a: Garchomp
|-crit|p2a: Garchomp
|-damage|p2a: Garchomp|75/100
|-damage|p1a: Tangrowth|23/100|[from] ability: Rough Skin|[of] p2a: Garchomp
|-damage|p1a: Tangrowth|6/100|[from] item: Rocky Helmet|[of] p2a: Garchomp
|-enditem|p2a: Garchomp|Rocky Helmet|[from] move: Knock Off|[of] p1a: Tangrowth
|
|upkeep
|turn|4
|
|t:|1641766251
|switch|p1a: Tapu Fini|Tapu Fini|100/100
|-fieldstart|move: Misty Terrain|[from] ability: Misty Surge|[of] p1a: Tapu Fini
|move|p2a: Garchomp|Iron Head|p1a: Tapu Fini
|-damage|p1a: Tapu Fini|84/100
|
|-heal|p1a: Tapu Fini|90/100|[from] item: Leftovers
|upkeep
|turn|5
|
|t:|1641766270
|switch|p2a: Zapdos|Zapdos|100/100
|move|p1a: Tapu Fini|Nature's Madness|p2a: Zapdos
|-damage|p2a: Zapdos|51/100
|
|-heal|p1a: Tapu Fini|96/100|[from] item: Leftovers
|upkeep
|turn|6
|
|t:|1641766288
|switch|p1a: Nidoking|Nidoking, M|100/100
|move|p2a: Zapdos|Roost|p2a: Zapdos
|-heal|p2a: Zapdos|100/100
|-singleturn|p2a: Zapdos|move: Roost
|
|upkeep
|turn|7
|
|t:|1641766296
|switch|p2a: Excadrill|Excadrill, M|100/100
|-ability|p2a: Excadrill|Mold Breaker
|move|p1a: Nidoking|Ice Beam|p2a: Excadrill
|-damage|p2a: Excadrill|62/100
|
|-heal|p2a: Excadrill|68/100|[from] item: Leftovers
|upkeep
|turn|8
|
|t:|1641766307
|switch|p1a: Tapu Fini|Tapu Fini|96/100
|move|p2a: Excadrill|Swords Dance|p2a: Excadrill
|-boost|p2a: Excadrill|atk|2
|
|-heal|p2a: Excadrill|74/100|[from] item: Leftovers
|-heal|p1a: Tapu Fini|100/100|[from] item: Leftovers
|-fieldend|Misty Terrain
|upkeep
|turn|9
|
|t:|1641766315
|switch|p1a: Tangrowth|Tangrowth, M|40/100
|move|p2a: Excadrill|Iron Head|p1a: Tangrowth
|-damage|p1a: Tangrowth|0 fnt
|-damage|p2a: Excadrill|58/100|[from] item: Rocky Helmet|[of] p1a: Tangrowth
|faint|p1a: Tangrowth
|
|-heal|p2a: Excadrill|64/100|[from] item: Leftovers
|upkeep
|
|t:|1641766322
|switch|p1a: Crawdaunt|Crawdaunt, F|100/100
|turn|10
|
|t:|1641766327
|move|p1a: Crawdaunt|Aqua Jet|p2a: Excadrill
|-supereffective|p2a: Excadrill
|-damage|p2a: Excadrill|0 fnt
|faint|p2a: Excadrill
|-damage|p1a: Crawdaunt|91/100|[from] item: Life Orb
|
|upkeep
|
|t:|1641766342
|switch|p2a: Buzzwole|Buzzwole|100/100
|turn|11
|
|t:|1641766349
|switch|p1a: Tapu Fini|Tapu Fini|100/100
|-fieldstart|move: Misty Terrain|[from] ability: Misty Surge|[of] p1a: Tapu Fini
|move|p2a: Buzzwole|Drain Punch|p1a: Tapu Fini
|-resisted|p1a: Tapu Fini
|-damage|p1a: Tapu Fini|86/100
|
|-heal|p1a: Tapu Fini|92/100|[from] item: Leftovers
|upkeep
|turn|12
|
|t:|1641766359
|move|p1a: Tapu Fini|Moonblast|p2a: Buzzwole
|-supereffective|p2a: Buzzwole
|-damage|p2a: Buzzwole|21/100
|-unboost|p2a: Buzzwole|spa|1
|move|p2a: Buzzwole|Thunder Punch|p1a: Tapu Fini
|-supereffective|p1a: Tapu Fini
|-damage|p1a: Tapu Fini|51/100
|
|-heal|p1a: Tapu Fini|57/100|[from] item: Leftovers
|-heal|p2a: Buzzwole|27/100|[from] item: Leftovers
|upkeep
|turn|13
|
|t:|1641766389
|move|p1a: Tapu Fini|Moonblast|p2a: Buzzwole
|-supereffective|p2a: Buzzwole
|-damage|p2a: Buzzwole|0 fnt
|faint|p2a: Buzzwole
|
|-heal|p1a: Tapu Fini|63/100|[from] item: Leftovers
|upkeep
|
|t:|1641766398
|switch|p2a: Zapdos|Zapdos|100/100
|turn|14
|
|t:|1641766415
|switch|p1a: Chansey|Chansey, F|100/100
|move|p2a: Zapdos|Thunderbolt|p1a: Chansey
|-damage|p1a: Chansey|86/100
|
|upkeep
|turn|15
|
|t:|1641766423
|move|p2a: Zapdos|Volt Switch|p1a: Chansey
|-damage|p1a: Chansey|74/100
|
|t:|1641766430
|switch|p2a: Garchomp|Garchomp, F|75/100|[from]move: Volt Switch
|move|p1a: Chansey|Toxic|p2a: Garchomp|[miss]
|-miss|p1a: Chansey|p2a: Garchomp
|
|-fieldend|Misty Terrain
|upkeep
|turn|16
|
|t:|1641766437
|move|p2a: Garchomp|Earthquake|p1a: Chansey
|-damage|p1a: Chansey|48/100
|move|p1a: Chansey|Toxic|p2a: Garchomp
|-status|p2a: Garchomp|tox
|
|-damage|p2a: Garchomp|69/100 tox|[from] psn
|upkeep
|turn|17
|
|t:|1641766449
|move|p2a: Garchomp|Earthquake|p1a: Chansey
|-damage|p1a: Chansey|21/100
|move|p1a: Chansey|Soft-Boiled|p1a: Chansey
|-heal|p1a: Chansey|71/100
|
|-damage|p2a: Garchomp|57/100 tox|[from] psn
|upkeep
|turn|18
|c|☆srimmer32|too thicc
|c|☆srimmer32|gg
|-message|srimmer32 forfeited.
|
|win|Immagamer
|raw|Immagamer's rating: 1239 &rarr; <strong>1267</strong><br />(+28 for winning)
|raw|srimmer32's rating: 1286 &rarr; <strong>1258</strong><br />(-28 for losing)
|l|☆srimmer32
|c|☆Immagamer|yeah gg
