|j|☆kid who likes pkmn
|j|☆TangsterinE
|t:|1641741754
|gametype|singles
|player|p1|kid who likes pkmn|red|1364
|player|p2|TangsterinE|skierf|1313
|teamsize|p1|6
|teamsize|p2|6
|gen|8
|tier|[Gen 8] OU
|rated|
|rule|Sleep Clause Mod: Limit one foe put to sleep
|rule|Species Clause: Limit one of each Pokémon
|rule|OHKO Clause: OHKO moves are banned
|rule|Evasion Moves Clause: Evasion moves are banned
|rule|Endless Battle Clause: Forcing endless battles is banned
|rule|HP Percentage Mod: HP is shown in percentages
|rule|Dynamax Clause: You cannot dynamax
|clearpoke
|poke|p1|Dragapult, F|
|poke|p1|Garchomp, M|
|poke|p1|Weavile, M|
|poke|p1|Zapdos-Galar|
|poke|p1|Swampert, F|
|poke|p1|Ferrothorn, F|
|poke|p2|Kartana|
|poke|p2|Tapu Fini|
|poke|p2|Heatran, M|
|poke|p2|Weavile, F|
|poke|p2|Landorus-Therian, M|
|poke|p2|Zeraora|
|teampreview
|c|☆kid who likes pkmn|glhf
|
|t:|1641741781
|start
|switch|p1a: Swampert|Swampert, F|100/100
|switch|p2a: Heatran|Heatran, M|100/100
|turn|1
|
|t:|1641741791
|switch|p2a: Tapu Fini|Tapu Fini, shiny|100/100
|-fieldstart|move: Misty Terrain|[from] ability: Misty Surge|[of] p2a: Tapu Fini
|move|p1a: Swampert|Stealth Rock|p2a: Tapu Fini
|-sidestart|p2: TangsterinE|move: Stealth Rock
|
|upkeep
|turn|2
|inactive|Battle timer is ON: inactive players will automatically lose when time's up. (requested by TangsterinE)
|
|t:|1641741798
|move|p2a: Tapu Fini|Taunt|p1a: Swampert
|-start|p1a: Swampert|move: Taunt
|cant|p1a: Swampert|move: Taunt|Toxic
|
|upkeep
|turn|3
|
|t:|1641741804
|move|p2a: Tapu Fini|Nature's Madness|p1a: Swampert
|-damage|p1a: Swampert|50/100
|move|p1a: Swampert|Earthquake|p2a: Tapu Fini
|-damage|p2a: Tapu Fini|74/100
|
|-heal|p2a: Tapu Fini|80/100|[from] item: Leftovers
|-heal|p1a: Swampert|57/100|[from] item: Leftovers
|upkeep
|turn|4
|
|t:|1641741812
|move|p2a: Tapu Fini|Nature's Madness|p1a: Swampert
|-damage|p1a: Swampert|29/100
|move|p1a: Swampert|Earthquake|p2a: Tapu Fini
|-damage|p2a: Tapu Fini|52/100
|
|-heal|p2a: Tapu Fini|58/100|[from] item: Leftovers
|-heal|p1a: Swampert|35/100|[from] item: Leftovers
|-end|p1a: Swampert|move: Taunt
|upkeep
|turn|5
|
|t:|1641741820
|move|p2a: Tapu Fini|Nature's Madness|p1a: Swampert
|-damage|p1a: Swampert|18/100
|move|p1a: Swampert|Toxic|p2a: Tapu Fini
|-activate|p2a: Tapu Fini|move: Misty Terrain
|
|-heal|p2a: Tapu Fini|64/100|[from] item: Leftovers
|-heal|p1a: Swampert|24/100|[from] item: Leftovers
|-fieldend|Misty Terrain
|upkeep
|turn|6
|
|t:|1641741831
|move|p2a: Tapu Fini|Moonblast|p1a: Swampert
|-damage|p1a: Swampert|4/100
|move|p1a: Swampert|Earthquake|p2a: Tapu Fini
|-damage|p2a: Tapu Fini|36/100
|
|-heal|p2a: Tapu Fini|42/100|[from] item: Leftovers
|-heal|p1a: Swampert|10/100|[from] item: Leftovers
|upkeep
|turn|7
|
|t:|1641741837
|move|p2a: Tapu Fini|Moonblast|p1a: Swampert
|-damage|p1a: Swampert|0 fnt
|faint|p1a: Swampert
|
|-heal|p2a: Tapu Fini|48/100|[from] item: Leftovers
|upkeep
|
|t:|1641741852
|switch|p1a: Dragapult|Dragapult, F|100/100
|turn|8
|
|t:|1641741869
|move|p1a: Dragapult|Shadow Ball|p2a: Tapu Fini
|-damage|p2a: Tapu Fini|11/100
|move|p2a: Tapu Fini|Nature's Madness|p1a: Dragapult
|-damage|p1a: Dragapult|51/100
|
|-heal|p2a: Tapu Fini|17/100|[from] item: Leftovers
|upkeep
|turn|9
|
|t:|1641741875
|move|p1a: Dragapult|Shadow Ball|p2a: Tapu Fini
|-damage|p2a: Tapu Fini|0 fnt
|faint|p2a: Tapu Fini
|
|upkeep
|
|t:|1641741899
|switch|p2a: Weavile|Weavile, F|100/100
|-damage|p2a: Weavile|76/100|[from] Stealth Rock
|-ability|p2a: Weavile|Pressure
|turn|10
|
|t:|1641741911
|switch|p1a: Ferrothorn|Ferrothorn, F|100/100
|move|p2a: Weavile|Ice Shard|p1a: Ferrothorn
|-damage|p1a: Ferrothorn|83/100
|
|upkeep
|turn|11
|
|t:|1641741923
|switch|p2a: Kartana|Kartana, shiny|100/100
|-damage|p2a: Kartana|94/100|[from] Stealth Rock
|move|p1a: Ferrothorn|Spikes|p2a: Kartana
|-sidestart|p2: TangsterinE|Spikes
|
|upkeep
|turn|12
|
|t:|1641741933
|move|p2a: Kartana|Swords Dance|p2a: Kartana
|-boost|p2a: Kartana|atk|2
|move|p1a: Ferrothorn|Gyro Ball|p2a: Kartana
|-resisted|p2a: Kartana
|-damage|p2a: Kartana|68/100
|
|upkeep
|turn|13
|
|t:|1641741943
|move|p2a: Kartana|Knock Off|p1a: Ferrothorn
|-damage|p1a: Ferrothorn|12/100
|-damage|p2a: Kartana|56/100|[from] ability: Iron Barbs|[of] p1a: Ferrothorn
|-damage|p2a: Kartana|39/100|[from] item: Rocky Helmet|[of] p1a: Ferrothorn
|-enditem|p1a: Ferrothorn|Rocky Helmet|[from] move: Knock Off|[of] p2a: Kartana
|-damage|p2a: Kartana|30/100|[from] item: Life Orb
|move|p1a: Ferrothorn|Spikes|p2a: Kartana
|-sidestart|p2: TangsterinE|Spikes
|
|upkeep
|turn|14
|
|t:|1641741953
|move|p2a: Kartana|Sacred Sword|p1a: Ferrothorn
|-supereffective|p1a: Ferrothorn
|-damage|p1a: Ferrothorn|0 fnt
|-damage|p2a: Kartana|17/100|[from] ability: Iron Barbs|[of] p1a: Ferrothorn
|faint|p1a: Ferrothorn
|-ability|p2a: Kartana|Beast Boost|boost
|-boost|p2a: Kartana|atk|1
|-damage|p2a: Kartana|8/100|[from] item: Life Orb
|
|upkeep
|
|t:|1641741961
|switch|p1a: Dragapult|Dragapult, F|51/100
|turn|15
|
|t:|1641741975
|move|p1a: Dragapult|Shadow Ball|p2a: Kartana
|-damage|p2a: Kartana|0 fnt
|faint|p2a: Kartana
|
|upkeep
|
|t:|1641741977
|switch|p2a: Landorus|Landorus-Therian, M|100/100
|-damage|p2a: Landorus|88/100|[from] Stealth Rock
|-ability|p2a: Landorus|Intimidate|boost
|-fail|p1a: Dragapult|unboost|[from] ability: Clear Body|[of] p1a: Dragapult
|turn|16
|
|t:|1641741981
|move|p1a: Dragapult|Shadow Ball|p2a: Landorus
|-damage|p2a: Landorus|31/100
|move|p2a: Landorus|Defog|p1a: Dragapult
|-fail|p1a: Dragapult|unboost|[from] ability: Clear Body|[of] p1a: Dragapult
|-sideend|p2: TangsterinE|Spikes|[from] move: Defog|[of] p2a: Landorus
|-sideend|p2: TangsterinE|Stealth Rock|[from] move: Defog|[of] p2a: Landorus
|
|-heal|p2a: Landorus|37/100|[from] item: Leftovers
|upkeep
|turn|17
|
|t:|1641741990
|switch|p2a: Heatran|Heatran, M|100/100
|move|p1a: Dragapult|Shadow Ball|p2a: Heatran
|-damage|p2a: Heatran|45/100
|
|-heal|p2a: Heatran|52/100|[from] item: Leftovers
|upkeep
|turn|18
|c|☆kid who likes pkmn|i keep forgetting to swap to infiltrator
|
|t:|1641742000
|move|p1a: Dragapult|Shadow Ball|p2a: Heatran
|-crit|p2a: Heatran
|-damage|p2a: Heatran|0 fnt
|faint|p2a: Heatran
|
|upkeep
|
|t:|1641742004
|switch|p2a: Weavile|Weavile, F|76/100
|-ability|p2a: Weavile|Pressure
|turn|19
|
|t:|1641742009
|switch|p1a: Weavile|Weavile, M|100/100
|-ability|p1a: Weavile|Pressure
|move|p2a: Weavile|Ice Shard|p1a: Weavile
|-resisted|p1a: Weavile
|-damage|p1a: Weavile|77/100
|
|upkeep
|turn|20
|
|t:|1641742014
|switch|p2a: Landorus|Landorus-Therian, M|37/100
|-ability|p2a: Landorus|Intimidate|boost
|-unboost|p1a: Weavile|atk|1
|move|p1a: Weavile|Swords Dance|p1a: Weavile
|-boost|p1a: Weavile|atk|2
|
|-heal|p2a: Landorus|43/100|[from] item: Leftovers
|upkeep
|turn|21
|
|t:|1641742020
|move|p1a: Weavile|Ice Shard|p2a: Landorus
|-supereffective|p2a: Landorus
|-damage|p2a: Landorus|0 fnt
|faint|p2a: Landorus
|
|upkeep
|
|t:|1641742022
|switch|p2a: Zeraora|Zeraora|100/100
|turn|22
|
|t:|1641742027
|move|p1a: Weavile|Ice Shard|p2a: Zeraora
|-damage|p2a: Zeraora|62/100
|move|p2a: Zeraora|Close Combat|p1a: Weavile
|-supereffective|p1a: Weavile
|-damage|p1a: Weavile|0 fnt
|-unboost|p2a: Zeraora|def|1
|-unboost|p2a: Zeraora|spd|1
|faint|p1a: Weavile
|-damage|p2a: Zeraora|53/100|[from] item: Life Orb
|
|upkeep
|
|t:|1641742035
|switch|p1a: Garchomp|Garchomp, M|100/100
|turn|23
|
|t:|1641742051
|switch|p2a: Weavile|Weavile, F|76/100
|-ability|p2a: Weavile|Pressure
|move|p1a: Garchomp|Scale Shot|p2a: Weavile
|-damage|p2a: Weavile|53/100
|-damage|p2a: Weavile|30/100
|-damage|p2a: Weavile|9/100
|-damage|p2a: Weavile|0 fnt
|faint|p2a: Weavile
|-hitcount|p2: Weavile|4
|-unboost|p1a: Garchomp|def|1
|-boost|p1a: Garchomp|spe|1
|
|upkeep
|
|t:|1641742055
|switch|p2a: Zeraora|Zeraora|53/100
|turn|24
|
|t:|1641742061
|move|p1a: Garchomp|Earthquake|p2a: Zeraora
|-supereffective|p2a: Zeraora
|-crit|p2a: Zeraora
|-damage|p2a: Zeraora|0 fnt
|faint|p2a: Zeraora
|
|win|kid who likes pkmn
|raw|kid who likes pkmn's rating: 1364 &rarr; <strong>1381</strong><br />(+17 for winning)
|raw|TangsterinE's rating: 1313 &rarr; <strong>1296</strong><br />(-17 for losing)
|l|☆TangsterinE
|c|☆kid who likes pkmn|gg
