|j|☆Le-Perpetrator
|j|☆JGMCMJR
|t:|1641853579
|gametype|singles
|player|p1|Le-Perpetrator|1|1651
|player|p2|JGMCMJR|volkner|1685
|teamsize|p1|6
|teamsize|p2|6
|gen|8
|tier|[Gen 8] OU
|rated|
|rule|Sleep Clause Mod: Limit one foe put to sleep
|rule|Species Clause: Limit one of each Pokémon
|rule|OHKO Clause: OHKO moves are banned
|rule|Evasion Moves Clause: Evasion moves are banned
|rule|Endless Battle Clause: Forcing endless battles is banned
|rule|HP Percentage Mod: HP is shown in percentages
|rule|Dynamax Clause: You cannot dynamax
|clearpoke
|poke|p1|Toxapex, M|
|poke|p1|Ferrothorn, M|
|poke|p1|Hatterene, F|
|poke|p1|Landorus-Therian, M|
|poke|p1|Victini|
|poke|p1|Dragapult, M|
|poke|p2|Zapdos|
|poke|p2|Kartana|
|poke|p2|Melmetal|
|poke|p2|Moltres|
|poke|p2|Landorus-Therian, M|
|poke|p2|Slowbro, M|
|teampreview
|j| Venture Laddering
|j| BabyPigsAreLaughin
|inactive|Battle timer is ON: inactive players will automatically lose when time's up. (requested by JGMCMJR)
|
|t:|1641853625
|start
|switch|p1a: Dragapult|Dragapult, M|100/100
|switch|p2a: Zapdos|Zapdos|100/100
|turn|1
|
|t:|1641853632
|switch|p2a: Landorus|Landorus-Therian, M|100/100
|-ability|p2a: Landorus|Intimidate|boost
|-unboost|p1a: Dragapult|atk|1
|move|p1a: Dragapult|Draco Meteor|p2a: Landorus
|-damage|p2a: Landorus|33/100
|-unboost|p1a: Dragapult|spa|2
|
|-heal|p2a: Landorus|39/100|[from] item: Leftovers
|upkeep
|turn|2
|
|t:|1641853642
|switch|p1a: SoftontheInside|Ferrothorn, M|100/100
|move|p2a: Landorus|Stealth Rock|p1a: SoftontheInside
|-sidestart|p1: Le-Perpetrator|move: Stealth Rock
|
|-heal|p2a: Landorus|45/100|[from] item: Leftovers
|upkeep
|turn|3
|
|t:|1641853647
|switch|p2a: Slowbro|Slowbro, M|100/100
|move|p1a: SoftontheInside|Stealth Rock|p2a: Slowbro
|-sidestart|p2: JGMCMJR|move: Stealth Rock
|
|upkeep
|turn|4
|
|t:|1641853652
|move|p1a: SoftontheInside|Spikes|p2a: Slowbro
|-sidestart|p2: JGMCMJR|Spikes
|move|p2a: Slowbro|Teleport|p2a: Slowbro
|
|t:|1641853658
|switch|p2a: Moltres|Moltres|100/100|[from]move: Teleport
|
|upkeep
|turn|5
|
|t:|1641853665
|switch|p1a: Dragapult|Dragapult, M|100/100
|-damage|p1a: Dragapult|88/100|[from] Stealth Rock
|move|p2a: Moltres|Defog|p1a: Dragapult
|-unboost|p1a: Dragapult|evasion|1
|-sideend|p1: Le-Perpetrator|Stealth Rock|[from] move: Defog|[of] p2a: Moltres
|-sideend|p2: JGMCMJR|Spikes|[from] move: Defog|[of] p2a: Moltres
|-sideend|p2: JGMCMJR|Stealth Rock|[from] move: Defog|[of] p2a: Moltres
|
|upkeep
|turn|6
|
|t:|1641853688
|switch|p2a: Melmetal|Melmetal|100/100
|move|p1a: Dragapult|Shadow Ball|p2a: Melmetal
|-damage|p2a: Melmetal|73/100
|-unboost|p2a: Melmetal|spd|1
|
|upkeep
|turn|7
|
|t:|1641853695
|switch|p1a: SoftontheInside|Ferrothorn, M|100/100
|move|p2a: Melmetal|Ice Punch|p1a: SoftontheInside
|-damage|p1a: SoftontheInside|75/100
|-damage|p2a: Melmetal|61/100|[from] ability: Iron Barbs|[of] p1a: SoftontheInside
|-damage|p2a: Melmetal|44/100|[from] item: Rocky Helmet|[of] p1a: SoftontheInside
|
|upkeep
|turn|8
|
|t:|1641853702
|switch|p2a: Moltres|Moltres|100/100
|move|p1a: SoftontheInside|Stealth Rock|p2a: Moltres
|-sidestart|p2: JGMCMJR|move: Stealth Rock
|
|upkeep
|turn|9
|
|t:|1641853707
|switch|p1a: Dragapult|Dragapult, M|88/100
|move|p2a: Moltres|Toxic|p1a: Dragapult
|-status|p1a: Dragapult|tox
|
|-damage|p1a: Dragapult|82/100 tox|[from] psn
|upkeep
|turn|10
|
|t:|1641853714
|switch|p2a: Landorus|Landorus-Therian, M|45/100
|-damage|p2a: Landorus|33/100|[from] Stealth Rock
|-ability|p2a: Landorus|Intimidate|boost
|-unboost|p1a: Dragapult|atk|1
|move|p1a: Dragapult|Shadow Ball|p2a: Landorus
|-damage|p2a: Landorus|0 fnt
|faint|p2a: Landorus
|
|-damage|p1a: Dragapult|70/100 tox|[from] psn
|upkeep
|
|t:|1641853723
|switch|p2a: Kartana|Kartana|100/100
|-damage|p2a: Kartana|94/100|[from] Stealth Rock
|turn|11
|
|t:|1641853737
|switch|p1a: NastyInsertion|Toxapex, M|100/100
|move|p2a: Kartana|Knock Off|p1a: NastyInsertion
|-damage|p1a: NastyInsertion|67/100
|-enditem|p1a: NastyInsertion|Black Sludge|[from] move: Knock Off|[of] p2a: Kartana
|
|upkeep
|turn|12
|
|t:|1641853743
|switch|p2a: Moltres|Moltres|100/100
|move|p1a: NastyInsertion|Scald|p2a: Moltres
|-supereffective|p2a: Moltres
|-damage|p2a: Moltres|55/100
|
|upkeep
|turn|13
|
|t:|1641853749
|switch|p1a: Dragapult|Dragapult, M|70/100 tox
|move|p2a: Moltres|Defog|p1a: Dragapult
|-unboost|p1a: Dragapult|evasion|1
|-sideend|p2: JGMCMJR|Stealth Rock|[from] move: Defog|[of] p2a: Moltres
|
|-damage|p1a: Dragapult|64/100 tox|[from] psn
|upkeep
|turn|14
|
|t:|1641853768
|switch|p2a: Melmetal|Melmetal|44/100
|move|p1a: Dragapult|Shadow Ball|p2a: Melmetal
|-damage|p2a: Melmetal|15/100
|-unboost|p2a: Melmetal|spd|1
|
|-damage|p1a: Dragapult|52/100 tox|[from] psn
|upkeep
|turn|15
|
|t:|1641853775
|switch|p2a: Zapdos|Zapdos|100/100
|move|p1a: Dragapult|Shadow Ball|p2a: Zapdos
|-damage|p2a: Zapdos|36/100
|
|-damage|p1a: Dragapult|34/100 tox|[from] psn
|upkeep
|turn|16
|
|t:|1641853784
|switch|p2a: Melmetal|Melmetal|15/100
|move|p1a: Dragapult|Shadow Ball|p2a: Melmetal
|-crit|p2a: Melmetal
|-damage|p2a: Melmetal|0 fnt
|faint|p2a: Melmetal
|
|-damage|p1a: Dragapult|11/100 tox|[from] psn
|upkeep
|
|t:|1641853789
|switch|p2a: Kartana|Kartana|94/100
|turn|17
|
|t:|1641853806
|switch|p1a: NastyInsertion|Toxapex, M|99/100
|move|p2a: Kartana|Knock Off|p1a: NastyInsertion
|-damage|p1a: NastyInsertion|78/100
|
|upkeep
|turn|18
|
|t:|1641853812
|switch|p2a: Slowbro|Slowbro, M|100/100
|move|p1a: NastyInsertion|Toxic Spikes|p2a: Slowbro
|-sidestart|p2: JGMCMJR|move: Toxic Spikes
|
|upkeep
|turn|19
|
|t:|1641853819
|switch|p1a: SoftontheInside|Ferrothorn, M|75/100
|move|p2a: Slowbro|Scald|p1a: SoftontheInside
|-resisted|p1a: SoftontheInside
|-crit|p1a: SoftontheInside
|-damage|p1a: SoftontheInside|59/100
|
|upkeep
|turn|20
|
|t:|1641853825
|move|p2a: Slowbro|Scald|p1a: SoftontheInside
|-resisted|p1a: SoftontheInside
|-damage|p1a: SoftontheInside|50/100
|move|p1a: SoftontheInside|Stealth Rock|p2a: Slowbro
|-sidestart|p2: JGMCMJR|move: Stealth Rock
|
|upkeep
|turn|21
|
|t:|1641853830
|move|p2a: Slowbro|Scald|p1a: SoftontheInside
|-resisted|p1a: SoftontheInside
|-damage|p1a: SoftontheInside|40/100
|-status|p1a: SoftontheInside|brn
|move|p1a: SoftontheInside|Leech Seed|p2a: Slowbro
|-start|p2a: Slowbro|move: Leech Seed
|
|-damage|p2a: Slowbro|88/100|[from] Leech Seed|[of] p1a: SoftontheInside
|-heal|p1a: SoftontheInside|54/100 brn|[silent]
|-damage|p1a: SoftontheInside|48/100 brn|[from] brn
|upkeep
|turn|22
|
|t:|1641853839
|move|p1a: SoftontheInside|Spikes|p2a: Slowbro
|-sidestart|p2: JGMCMJR|Spikes
|move|p2a: Slowbro|Teleport|p2a: Slowbro
|
|t:|1641853841
|switch|p2a: Moltres|Moltres|55/100|[from]move: Teleport
|
|-damage|p1a: SoftontheInside|42/100 brn|[from] brn
|upkeep
|turn|23
|
|t:|1641853849
|switch|p1a: SpankBang|Victini|100/100
|move|p2a: Moltres|Defog|p1a: SpankBang
|-unboost|p1a: SpankBang|evasion|1
|-sideend|p2: JGMCMJR|Spikes|[from] move: Defog|[of] p2a: Moltres
|-sideend|p2: JGMCMJR|Toxic Spikes|[from] move: Defog|[of] p2a: Moltres
|-sideend|p2: JGMCMJR|Stealth Rock|[from] move: Defog|[of] p2a: Moltres
|
|upkeep
|turn|24
|
|t:|1641853855
|switch|p2a: Slowbro|Slowbro, M|100/100
|move|p1a: SpankBang|Bolt Strike|p2a: Slowbro
|-supereffective|p2a: Slowbro
|-damage|p2a: Slowbro|37/100
|
|upkeep
|turn|25
|
|t:|1641853874
|switch|p2a: Kartana|Kartana|94/100
|move|p1a: SpankBang|Bolt Strike|p2a: Kartana
|-resisted|p2a: Kartana
|-damage|p2a: Kartana|63/100
|-status|p2a: Kartana|par
|
|upkeep
|turn|26
|
|t:|1641853887
|switch|p1a: NastyInsertion|Toxapex, M|100/100
|switch|p2a: Zapdos|Zapdos|36/100
|
|upkeep
|turn|27
|
|t:|1641853893
|switch|p1a: SpankBang|Victini|100/100
|move|p2a: Zapdos|Thunderbolt|p1a: SpankBang
|-damage|p1a: SpankBang|38/100
|
|upkeep
|turn|28
|
|t:|1641853900
|switch|p2a: Slowbro|Slowbro, M|70/100
|move|p1a: SpankBang|Bolt Strike|p2a: Slowbro
|-supereffective|p2a: Slowbro
|-crit|p2a: Slowbro
|-damage|p2a: Slowbro|0 fnt
|faint|p2a: Slowbro
|
|upkeep
|
|t:|1641853905
|switch|p2a: Kartana|Kartana|63/100 par
|turn|29
|
|t:|1641853909
|switch|p1a: NastyInsertion|Toxapex, M|100/100
|switch|p2a: Zapdos|Zapdos|36/100
|
|upkeep
|turn|30
|c| BabyPigsAreLaughin|Is this about to be a 6-0?
|
|t:|1641853915
|switch|p1a: BillieEllish|Landorus-Therian, M|100/100
|-ability|p1a: BillieEllish|Intimidate|boost
|-unboost|p2a: Zapdos|atk|1
|move|p2a: Zapdos|Hurricane|p1a: BillieEllish
|-damage|p1a: BillieEllish|2/100
|-start|p1a: BillieEllish|confusion
|
|upkeep
|turn|31
|
|t:|1641853923
|-activate|p1a: BillieEllish|confusion
|move|p1a: BillieEllish|U-turn|p2a: Zapdos
|-resisted|p2a: Zapdos
|-damage|p2a: Zapdos|18/100
|-status|p1a: BillieEllish|par|[from] ability: Static|[of] p2a: Zapdos
|
|t:|1641853934
|switch|p1a: SoftontheInside|Ferrothorn, M|42/100 brn|[from]move: U-turn
|move|p2a: Zapdos|Hurricane|p1a: SoftontheInside
|-damage|p1a: SoftontheInside|0 fnt
|faint|p1a: SoftontheInside
|
|upkeep
|
|t:|1641853940
|switch|p1a: Dragapult|Dragapult, M|11/100 tox
|turn|32
|
|t:|1641853946
|switch|p2a: Kartana|Kartana|63/100 par
|move|p1a: Dragapult|Shadow Ball|p2a: Kartana
|-damage|p2a: Kartana|0 fnt
|faint|p2a: Kartana
|
|-damage|p1a: Dragapult|5/100 tox|[from] psn
|upkeep
|
|t:|1641853948
|switch|p2a: Moltres|Moltres|55/100
|turn|33
|
|t:|1641853955
|move|p1a: Dragapult|Shadow Ball|p2a: Moltres
|-damage|p2a: Moltres|5/100
|move|p2a: Moltres|Roost|p2a: Moltres
|-heal|p2a: Moltres|55/100
|-singleturn|p2a: Moltres|move: Roost
|
|-damage|p1a: Dragapult|0 fnt|[from] psn
|faint|p1a: Dragapult
|upkeep
|
|t:|1641853964
|switch|p1a: SpankBang|Victini|38/100
|turn|34
|
|t:|1641853968
|move|p1a: SpankBang|Bolt Strike|p2a: Moltres
|-supereffective|p2a: Moltres
|-damage|p2a: Moltres|0 fnt
|faint|p2a: Moltres
|
|upkeep
|
|t:|1641853970
|switch|p2a: Zapdos|Zapdos|18/100
|turn|35
|
|t:|1641853974
|move|p1a: SpankBang|Bolt Strike|p2a: Zapdos
|-crit|p2a: Zapdos
|-damage|p2a: Zapdos|0 fnt
|faint|p2a: Zapdos
|
|win|Le-Perpetrator
|raw|Le-Perpetrator's rating: 1651 &rarr; <strong>1673</strong><br />(+22 for winning)
|raw|JGMCMJR's rating: 1685 &rarr; <strong>1663</strong><br />(-22 for losing)
|c|☆Le-Perpetrator|gg
|l|☆JGMCMJR
||Ladder isn't responding, score probably updated but might not have (Request timeout).
