|j|☆UnviaEther
|j|☆Swumsturm
|t:|1641767013
|gametype|singles
|player|p1|UnviaEther|lady|1135
|player|p2|Swumsturm|265|1101
|teamsize|p1|6
|teamsize|p2|6
|gen|8
|tier|[Gen 8] OU
|rated|
|rule|Sleep Clause Mod: Limit one foe put to sleep
|rule|Species Clause: Limit one of each Pokémon
|rule|OHKO Clause: OHKO moves are banned
|rule|Evasion Moves Clause: Evasion moves are banned
|rule|Endless Battle Clause: Forcing endless battles is banned
|rule|HP Percentage Mod: HP is shown in percentages
|rule|Dynamax Clause: You cannot dynamax
|clearpoke
|poke|p1|Slowking-Galar, F|
|poke|p1|Rillaboom, F|
|poke|p1|Heatran, F|
|poke|p1|Swampert, F|
|poke|p1|Dragapult, M|
|poke|p1|Mandibuzz, F|
|poke|p2|Tapu Koko|
|poke|p2|Volcarona, F|
|poke|p2|Urshifu-*, F|
|poke|p2|Dragonite, M|
|poke|p2|Ferrothorn, M|
|poke|p2|Slowbro, F|
|teampreview
|inactive|Battle timer is ON: inactive players will automatically lose when time's up. (requested by Swumsturm)
|
|t:|1641767027
|start
|switch|p1a: UnviaPandaa|Swampert, F|100/100
|switch|p2a: Ferrothorn|Ferrothorn, M|100/100
|turn|1
|
|t:|1641767045
|switch|p1a: Unvialaggs|Slowking-Galar, F|100/100
|move|p2a: Ferrothorn|Power Whip|p1a: Unvialaggs|[miss]
|-miss|p2a: Ferrothorn|p1a: Unvialaggs
|
|upkeep
|turn|2
|
|t:|1641767060
|move|p1a: Unvialaggs|Flamethrower|p2a: Ferrothorn
|-supereffective|p2a: Ferrothorn
|-damage|p2a: Ferrothorn|8/100
|move|p2a: Ferrothorn|Stealth Rock|p1a: Unvialaggs
|-sidestart|p1: UnviaEther|move: Stealth Rock
|
|-heal|p2a: Ferrothorn|15/100|[from] item: Leftovers
|upkeep
|turn|3
|inactive|Swumsturm has 120 seconds left.
|
|t:|1641767099
|switch|p1a: UnviaPandaa|Swampert, F|100/100
|-damage|p1a: UnviaPandaa|94/100|[from] Stealth Rock
|switch|p2a: Volcarona|Volcarona, F|100/100
|
|-heal|p1a: UnviaPandaa|100/100|[from] item: Leftovers
|upkeep
|turn|4
|inactive|Swumsturm has 120 seconds left.
|
|t:|1641767110
|move|p2a: Volcarona|Substitute|p2a: Volcarona
|-start|p2a: Volcarona|Substitute
|-damage|p2a: Volcarona|76/100
|move|p1a: UnviaPandaa|Toxic||[still]
|-fail|p1a: UnviaPandaa
|
|-heal|p2a: Volcarona|82/100|[from] item: Leftovers
|upkeep
|turn|5
|
|t:|1641767119
|move|p2a: Volcarona|Quiver Dance|p2a: Volcarona
|-boost|p2a: Volcarona|spa|1
|-boost|p2a: Volcarona|spd|1
|-boost|p2a: Volcarona|spe|1
|move|p1a: UnviaPandaa|Flip Turn|p2a: Volcarona
|-supereffective|p2a: Volcarona
|-end|p2a: Volcarona|Substitute
|inactive|UnviaEther has 120 seconds left.
|
|t:|1641767150
|switch|p1a: UnviaEther|Heatran, F|100/100|[from]move: Flip Turn
|-damage|p1a: UnviaEther|88/100|[from] Stealth Rock
|
|-heal|p2a: Volcarona|88/100|[from] item: Leftovers
|-heal|p1a: UnviaEther|94/100|[from] item: Leftovers
|upkeep
|turn|6
|inactive|UnviaEther has 120 seconds left.
|inactive|Swumsturm has 120 seconds left.
|
|t:|1641767178
|switch|p2a: Urshifu|Urshifu-Rapid-Strike, F|100/100
|move|p1a: UnviaEther|Magma Storm|p2a: Urshifu
|-resisted|p2a: Urshifu
|-damage|p2a: Urshifu|68/100
|-activate|p2a: Urshifu|move: Magma Storm|[of] p1a: UnviaEther
|
|-heal|p1a: UnviaEther|100/100|[from] item: Leftovers
|-damage|p2a: Urshifu|56/100|[from] move: Magma Storm|[partiallytrapped]
|upkeep
|turn|7
|inactive|Swumsturm has 120 seconds left.
|inactive|UnviaEther has 120 seconds left.
|
|t:|1641767197
|switch|p1a: Unvialaggs|Slowking-Galar, F|100/100
|-damage|p1a: Unvialaggs|88/100|[from] Stealth Rock
|move|p2a: Urshifu|Surging Strikes|p1a: Unvialaggs
|-crit|p1a: Unvialaggs
|-damage|p1a: Unvialaggs|58/100
|-crit|p1a: Unvialaggs
|-damage|p1a: Unvialaggs|26/100
|-crit|p1a: Unvialaggs
|-damage|p1a: Unvialaggs|0 fnt
|faint|p1a: Unvialaggs
|-hitcount|p1: Unvialaggs|3
|
|-end|p2a: Urshifu|Magma Storm|[partiallytrapped]|[silent]
|upkeep
|inactive|UnviaEther has 90 seconds left.
|
|t:|1641767231
|switch|p1a: UnviaSapphire|Rillaboom, F|100/100
|-damage|p1a: UnviaSapphire|88/100|[from] Stealth Rock
|-fieldstart|move: Grassy Terrain|[from] ability: Grassy Surge|[of] p1a: UnviaSapphire
|turn|8
|inactive|UnviaEther has 90 seconds left.
|inactive|Swumsturm has 120 seconds left.
|
|t:|1641767257
|switch|p2a: Dragonite|Dragonite, M|100/100
|move|p1a: UnviaSapphire|Knock Off|p2a: Dragonite
|-damage|p2a: Dragonite|75/100
|-enditem|p2a: Dragonite|Leftovers|[from] move: Knock Off|[of] p1a: UnviaSapphire
|
|-heal|p1a: UnviaSapphire|94/100|[from] Grassy Terrain
|upkeep
|turn|9
|
|t:|1641767269
|switch|p1a: UnviaNalaa|Mandibuzz, F|100/100
|move|p2a: Dragonite|Roost|p2a: Dragonite
|-heal|p2a: Dragonite|100/100
|-singleturn|p2a: Dragonite|move: Roost
|
|upkeep
|turn|10
|
|t:|1641767277
|move|p1a: UnviaNalaa|Foul Play|p2a: Dragonite
|-damage|p2a: Dragonite|80/100
|move|p2a: Dragonite|Stone Edge|p1a: UnviaNalaa|[miss]
|-miss|p2a: Dragonite|p1a: UnviaNalaa
|
|upkeep
|turn|11
|
|t:|1641767290
|switch|p1a: UnviaPandaa|Swampert, F|100/100
|-damage|p1a: UnviaPandaa|94/100|[from] Stealth Rock
|move|p2a: Dragonite|Roost|p2a: Dragonite
|-heal|p2a: Dragonite|100/100
|-singleturn|p2a: Dragonite|move: Roost
|
|-heal|p1a: UnviaPandaa|100/100|[from] Grassy Terrain
|upkeep
|turn|12
|
|t:|1641767308
|switch|p2a: Slowbro|Slowbro, F|100/100
|move|p1a: UnviaPandaa|Toxic|p2a: Slowbro
|-status|p2a: Slowbro|tox
|
|-damage|p2a: Slowbro|94/100 tox|[from] psn
|-fieldend|move: Grassy Terrain
|upkeep
|turn|13
|inactive|UnviaEther has 90 seconds left.
|
|t:|1641767320
|move|p1a: UnviaPandaa|Flip Turn|p2a: Slowbro
|-resisted|p2a: Slowbro
|-damage|p2a: Slowbro|88/100 tox
|
|t:|1641767323
|switch|p1a: UnviaNalaa|Mandibuzz, F|100/100|[from]move: Flip Turn
|move|p2a: Slowbro|Yawn|p1a: UnviaNalaa
|-start|p1a: UnviaNalaa|move: Yawn|[of] p2a: Slowbro
|
|-heal|p2a: Slowbro|94/100 tox|[from] item: Leftovers
|-damage|p2a: Slowbro|81/100 tox|[from] psn
|upkeep
|turn|14
|
|t:|1641767348
|switch|p2a: Tapu Koko|Tapu Koko|100/100
|-fieldstart|move: Electric Terrain|[from] ability: Electric Surge|[of] p2a: Tapu Koko
|move|p1a: UnviaNalaa|U-turn|p2a: Tapu Koko
|-resisted|p2a: Tapu Koko
|-damage|p2a: Tapu Koko|93/100
|inactive|UnviaEther has 90 seconds left.
|
|t:|1641767364
|switch|p1a: UnviaEther|Heatran, F|100/100|[from]move: U-turn
|-damage|p1a: UnviaEther|88/100|[from] Stealth Rock
|
|-heal|p1a: UnviaEther|94/100|[from] item: Leftovers
|upkeep
|turn|15
|inactive|UnviaEther has 90 seconds left.
|
|t:|1641767375
|move|p2a: Tapu Koko|Volt Switch|p1a: UnviaEther
|-damage|p1a: UnviaEther|57/100
|
|t:|1641767382
|switch|p2a: Ferrothorn|Ferrothorn, M|15/100|[from]move: Volt Switch
|move|p1a: UnviaEther|Magma Storm|p2a: Ferrothorn
|-supereffective|p2a: Ferrothorn
|-damage|p2a: Ferrothorn|0 fnt
|faint|p2a: Ferrothorn
|
|-heal|p1a: UnviaEther|63/100|[from] item: Leftovers
|upkeep
|inactive|Swumsturm has 120 seconds left.
|
|t:|1641767403
|switch|p2a: Urshifu|Urshifu-Rapid-Strike, F|56/100
|turn|16
|inactive|UnviaEther has 90 seconds left.
|
|t:|1641767434
|move|p2a: Urshifu|U-turn|p1a: UnviaEther
|-resisted|p1a: UnviaEther
|-damage|p1a: UnviaEther|56/100
|inactive|Swumsturm has 120 seconds left.
|
|t:|1641767451
|switch|p2a: Slowbro|Slowbro, F|100/100 tox|[from]move: U-turn
|move|p1a: UnviaEther|Toxic|p2a: Slowbro
|-fail|p2a: Slowbro|tox
|
|-heal|p1a: UnviaEther|62/100|[from] item: Leftovers
|-damage|p2a: Slowbro|94/100 tox|[from] psn
|upkeep
|turn|17
|inactive|UnviaEther has 90 seconds left.
|inactive|Swumsturm has 120 seconds left.
|
|t:|1641767465
|move|p1a: UnviaEther|Taunt|p2a: Slowbro
|-start|p2a: Slowbro|move: Taunt
|move|p2a: Slowbro|Scald|p1a: UnviaEther
|-supereffective|p1a: UnviaEther
|-damage|p1a: UnviaEther|24/100
|
|-heal|p1a: UnviaEther|30/100|[from] item: Leftovers
|-heal|p2a: Slowbro|100/100 tox|[from] item: Leftovers
|-damage|p2a: Slowbro|88/100 tox|[from] psn
|upkeep
|turn|18
|inactive|UnviaEther has 90 seconds left.
|
|t:|1641767494
|switch|p1a: UnviaTales|Dragapult, M|100/100
|-damage|p1a: UnviaTales|88/100|[from] Stealth Rock
|move|p2a: Slowbro|Scald|p1a: UnviaTales
|-resisted|p1a: UnviaTales
|-crit|p1a: UnviaTales
|-damage|p1a: UnviaTales|55/100
|
|-heal|p2a: Slowbro|94/100 tox|[from] item: Leftovers
|-damage|p2a: Slowbro|76/100 tox|[from] psn
|-fieldend|move: Electric Terrain
|upkeep
|turn|19
|inactive|Swumsturm has 120 seconds left.
|
|t:|1641767511
|switch|p2a: Dragonite|Dragonite, M|100/100
|move|p1a: UnviaTales|Shadow Ball|p2a: Dragonite
|-damage|p2a: Dragonite|83/100
|-unboost|p2a: Dragonite|spd|1
|
|upkeep
|turn|20
|inactive|UnviaEther has 60 seconds left.
|
|t:|1641767555
|move|p1a: UnviaTales|Shadow Ball|p2a: Dragonite
|-damage|p2a: Dragonite|30/100
|move|p2a: Dragonite|Dragon Claw|p1a: UnviaTales
|-supereffective|p1a: UnviaTales
|-damage|p1a: UnviaTales|0 fnt
|faint|p1a: UnviaTales
|
|upkeep
|inactive|UnviaEther has 30 seconds left.
|
|t:|1641767569
|switch|p1a: UnviaSapphire|Rillaboom, F|94/100
|-damage|p1a: UnviaSapphire|82/100|[from] Stealth Rock
|-fieldstart|move: Grassy Terrain|[from] ability: Grassy Surge|[of] p1a: UnviaSapphire
|turn|21
|inactive|UnviaEther has 30 seconds left.
|
|t:|1641767588
|move|p1a: UnviaSapphire|Knock Off|p2a: Dragonite
|-crit|p2a: Dragonite
|-damage|p2a: Dragonite|0 fnt
|faint|p2a: Dragonite
|
|-heal|p1a: UnviaSapphire|88/100|[from] Grassy Terrain
|upkeep
|inactive|UnviaEther has 30 seconds left this turn.
|
|t:|1641767597
|switch|p2a: Volcarona|Volcarona, F|88/100
|turn|22
|inactive|UnviaEther has 30 seconds left.
|inactive|UnviaEther has 20 seconds left.
|
|t:|1641767618
|switch|p1a: UnviaPandaa|Swampert, F|100/100
|-damage|p1a: UnviaPandaa|94/100|[from] Stealth Rock
|move|p2a: Volcarona|Fiery Dance|p1a: UnviaPandaa
|-resisted|p1a: UnviaPandaa
|-damage|p1a: UnviaPandaa|73/100
|-boost|p2a: Volcarona|spa|1
|
|-heal|p2a: Volcarona|94/100|[from] Grassy Terrain
|-heal|p2a: Volcarona|99/100|[from] item: Leftovers
|-heal|p1a: UnviaPandaa|79/100|[from] Grassy Terrain
|-heal|p1a: UnviaPandaa|85/100|[from] item: Leftovers
|upkeep
|turn|23
|inactive|UnviaEther has 30 seconds left this turn.
|inactive|UnviaEther has 20 seconds left.
|inactive|UnviaEther has 15 seconds left.
|
|t:|1641767643
|move|p2a: Volcarona|Substitute|p2a: Volcarona
|-start|p2a: Volcarona|Substitute
|-damage|p2a: Volcarona|75/100
|move|p1a: UnviaPandaa|Flip Turn|p2a: Volcarona
|-supereffective|p2a: Volcarona
|-end|p2a: Volcarona|Substitute
|inactive|UnviaEther has 20 seconds left this turn.
|inactive|UnviaEther has 15 seconds left.
|
|t:|1641767651
|switch|p1a: UnviaEther|Heatran, F|30/100|[from]move: Flip Turn
|-damage|p1a: UnviaEther|18/100|[from] Stealth Rock
|
|-heal|p2a: Volcarona|82/100|[from] Grassy Terrain
|-heal|p2a: Volcarona|88/100|[from] item: Leftovers
|-heal|p1a: UnviaEther|24/100|[from] Grassy Terrain
|-heal|p1a: UnviaEther|30/100|[from] item: Leftovers
|upkeep
|turn|24
|inactive|UnviaEther has 25 seconds left this turn.
|inactive|UnviaEther has 20 seconds left.
|
|t:|1641767666
|move|p2a: Volcarona|Substitute|p2a: Volcarona
|-start|p2a: Volcarona|Substitute
|-damage|p2a: Volcarona|63/100
|move|p1a: UnviaEther|Taunt|p2a: Volcarona
|-start|p2a: Volcarona|move: Taunt
|
|-heal|p2a: Volcarona|69/100|[from] Grassy Terrain
|-heal|p2a: Volcarona|75/100|[from] item: Leftovers
|-heal|p1a: UnviaEther|36/100|[from] Grassy Terrain
|-heal|p1a: UnviaEther|43/100|[from] item: Leftovers
|upkeep
|turn|25
|inactive|UnviaEther has 30 seconds left this turn.
|
|t:|1641767671
|move|p2a: Volcarona|Fiery Dance|p1a: UnviaEther
|-start|p1a: UnviaEther|ability: Flash Fire
|move|p1a: UnviaEther|Magma Storm|p2a: Volcarona
|-end|p2a: Volcarona|Substitute
|
|-heal|p2a: Volcarona|81/100|[from] Grassy Terrain
|-heal|p2a: Volcarona|87/100|[from] item: Leftovers
|-heal|p1a: UnviaEther|49/100|[from] Grassy Terrain
|-heal|p1a: UnviaEther|55/100|[from] item: Leftovers
|-fieldend|move: Grassy Terrain
|upkeep
|turn|26
|
|t:|1641767680
|move|p2a: Volcarona|Bug Buzz|p1a: UnviaEther
|-resisted|p1a: UnviaEther
|-damage|p1a: UnviaEther|44/100
|-unboost|p1a: UnviaEther|spd|1
|move|p1a: UnviaEther|Magma Storm|p2a: Volcarona
|-damage|p2a: Volcarona|39/100
|-activate|p2a: Volcarona|move: Magma Storm|[of] p1a: UnviaEther
|
|-heal|p2a: Volcarona|45/100|[from] item: Leftovers
|-heal|p1a: UnviaEther|50/100|[from] item: Leftovers
|-damage|p2a: Volcarona|33/100|[from] move: Magma Storm|[partiallytrapped]
|upkeep
|turn|27
|inactive|UnviaEther has 30 seconds left.
|
|t:|1641767705
|move|p2a: Volcarona|Bug Buzz|p1a: UnviaEther
|-resisted|p1a: UnviaEther
|-damage|p1a: UnviaEther|35/100
|move|p1a: UnviaEther|Magma Storm|p2a: Volcarona|[miss]
|-miss|p1a: UnviaEther|p2a: Volcarona
|
|-heal|p2a: Volcarona|39/100|[from] item: Leftovers
|-heal|p1a: UnviaEther|41/100|[from] item: Leftovers
|-damage|p2a: Volcarona|27/100|[from] move: Magma Storm|[partiallytrapped]
|-end|p2a: Volcarona|move: Taunt
|upkeep
|turn|28
|
|t:|1641767715
|move|p2a: Volcarona|Bug Buzz|p1a: UnviaEther
|-resisted|p1a: UnviaEther
|-crit|p1a: UnviaEther
|-damage|p1a: UnviaEther|17/100
|move|p1a: UnviaEther|Taunt|p2a: Volcarona
|-start|p2a: Volcarona|move: Taunt
|
|-heal|p2a: Volcarona|33/100|[from] item: Leftovers
|-heal|p1a: UnviaEther|23/100|[from] item: Leftovers
|-damage|p2a: Volcarona|21/100|[from] move: Magma Storm|[partiallytrapped]
|upkeep
|turn|29
|
|t:|1641767723
|move|p2a: Volcarona|Bug Buzz|p1a: UnviaEther
|-resisted|p1a: UnviaEther
|-damage|p1a: UnviaEther|5/100
|move|p1a: UnviaEther|Earth Power|p2a: Volcarona
|-damage|p2a: Volcarona|1/100
|
|-heal|p2a: Volcarona|7/100|[from] item: Leftovers
|-heal|p1a: UnviaEther|11/100|[from] item: Leftovers
|-damage|p2a: Volcarona|0 fnt|[from] move: Magma Storm|[partiallytrapped]
|faint|p2a: Volcarona
|upkeep
|
|t:|1641767732
|switch|p2a: Tapu Koko|Tapu Koko|93/100
|-fieldstart|move: Electric Terrain|[from] ability: Electric Surge|[of] p2a: Tapu Koko
|turn|30
|
|t:|1641767737
|move|p2a: Tapu Koko|Volt Switch|p1a: UnviaEther
|-damage|p1a: UnviaEther|0 fnt
|faint|p1a: UnviaEther
|
|t:|1641767742
|switch|p2a: Urshifu|Urshifu-Rapid-Strike, F|56/100|[from]move: Volt Switch
|
|upkeep
|inactive|UnviaEther has 60 seconds left.
|
|t:|1641767748
|switch|p1a: UnviaSapphire|Rillaboom, F|88/100
|-damage|p1a: UnviaSapphire|76/100|[from] Stealth Rock
|-fieldstart|move: Grassy Terrain|[from] ability: Grassy Surge|[of] p1a: UnviaSapphire
|turn|31
|
|t:|1641767755
|move|p1a: UnviaSapphire|Grassy Glide|p2a: Urshifu
|-supereffective|p2a: Urshifu
|-damage|p2a: Urshifu|0 fnt
|faint|p2a: Urshifu
|
|-heal|p1a: UnviaSapphire|82/100|[from] Grassy Terrain
|upkeep
|
|t:|1641767765
|switch|p2a: Tapu Koko|Tapu Koko|93/100
|-fieldstart|move: Electric Terrain|[from] ability: Electric Surge|[of] p2a: Tapu Koko
|turn|32
|
|t:|1641767781
|switch|p1a: UnviaNalaa|Mandibuzz, F|100/100
|move|p2a: Tapu Koko|Dazzling Gleam|p1a: UnviaNalaa
|-supereffective|p1a: UnviaNalaa
|-damage|p1a: UnviaNalaa|40/100
|
|upkeep
|turn|33
|
|t:|1641767792
|move|p2a: Tapu Koko|Dazzling Gleam|p1a: UnviaNalaa
|-supereffective|p1a: UnviaNalaa
|-damage|p1a: UnviaNalaa|0 fnt
|faint|p1a: UnviaNalaa
|
|upkeep
|
|t:|1641767798
|switch|p1a: UnviaPandaa|Swampert, F|85/100
|-damage|p1a: UnviaPandaa|79/100|[from] Stealth Rock
|turn|34
|
|t:|1641767806
|switch|p2a: Slowbro|Slowbro, F|100/100 tox
|move|p1a: UnviaPandaa|High Horsepower|p2a: Slowbro
|-damage|p2a: Slowbro|76/100 tox
|
|-heal|p1a: UnviaPandaa|85/100|[from] item: Leftovers
|-heal|p2a: Slowbro|82/100 tox|[from] item: Leftovers
|-damage|p2a: Slowbro|76/100 tox|[from] psn
|upkeep
|turn|35
|
|t:|1641767814
|move|p1a: UnviaPandaa|Stealth Rock|p2a: Slowbro
|-sidestart|p2: Swumsturm|move: Stealth Rock
|move|p2a: Slowbro|Yawn|p1a: UnviaPandaa
|-activate|p1a: UnviaPandaa|move: Electric Terrain
|
|-heal|p1a: UnviaPandaa|92/100|[from] item: Leftovers
|-heal|p2a: Slowbro|82/100 tox|[from] item: Leftovers
|-damage|p2a: Slowbro|70/100 tox|[from] psn
|upkeep
|turn|36
|
|t:|1641767835
|move|p1a: UnviaPandaa|Flip Turn|p2a: Slowbro
|-resisted|p2a: Slowbro
|-damage|p2a: Slowbro|63/100 tox
|
|t:|1641767836
|switch|p1a: UnviaSapphire|Rillaboom, F|82/100|[from]move: Flip Turn
|-damage|p1a: UnviaSapphire|69/100|[from] Stealth Rock
|-fieldstart|move: Grassy Terrain|[from] ability: Grassy Surge|[of] p1a: UnviaSapphire
|move|p2a: Slowbro|Scald|p1a: UnviaSapphire
|-resisted|p1a: UnviaSapphire
|-damage|p1a: UnviaSapphire|52/100
|
|-heal|p1a: UnviaSapphire|58/100|[from] Grassy Terrain
|-heal|p2a: Slowbro|69/100 tox|[from] Grassy Terrain
|-heal|p2a: Slowbro|75/100 tox|[from] item: Leftovers
|-damage|p2a: Slowbro|57/100 tox|[from] psn
|upkeep
|turn|37
|c|☆Swumsturm|shit I always forget that
|inactive|Swumsturm has 120 seconds left.
|
|t:|1641767873
|move|p1a: UnviaSapphire|Wood Hammer|p2a: Slowbro
|-supereffective|p2a: Slowbro
|-damage|p2a: Slowbro|0 fnt
|faint|p2a: Slowbro
|-damage|p1a: UnviaSapphire|40/100|[from] Recoil
|
|-heal|p1a: UnviaSapphire|46/100|[from] Grassy Terrain
|upkeep
|
|t:|1641767876
|switch|p2a: Tapu Koko|Tapu Koko|93/100
|-damage|p2a: Tapu Koko|80/100|[from] Stealth Rock
|-fieldstart|move: Electric Terrain|[from] ability: Electric Surge|[of] p2a: Tapu Koko
|turn|38
|
|t:|1641767884
|switch|p1a: UnviaPandaa|Swampert, F|92/100
|-damage|p1a: UnviaPandaa|85/100|[from] Stealth Rock
|move|p2a: Tapu Koko|Dazzling Gleam|p1a: UnviaPandaa
|-damage|p1a: UnviaPandaa|36/100
|
|-heal|p1a: UnviaPandaa|42/100|[from] item: Leftovers
|upkeep
|turn|39
|
|t:|1641767892
|move|p2a: Tapu Koko|Dazzling Gleam|p1a: UnviaPandaa
|-damage|p1a: UnviaPandaa|0 fnt
|faint|p1a: UnviaPandaa
|
|upkeep
|
|t:|1641767894
|switch|p1a: UnviaSapphire|Rillaboom, F|46/100
|-damage|p1a: UnviaSapphire|34/100|[from] Stealth Rock
|-fieldstart|move: Grassy Terrain|[from] ability: Grassy Surge|[of] p1a: UnviaSapphire
|turn|40
|
|t:|1641767898
|move|p1a: UnviaSapphire|Grassy Glide|p2a: Tapu Koko
|-damage|p2a: Tapu Koko|0 fnt
|faint|p2a: Tapu Koko
|
|win|UnviaEther
|raw|UnviaEther's rating: 1135 &rarr; <strong>1158</strong><br />(+23 for winning)
|raw|Swumsturm's rating: 1101 &rarr; <strong>1078</strong><br />(-23 for losing)
|c|☆UnviaEther|gg
|c|☆Swumsturm|gg
|l|☆Swumsturm
