|j|☆antoinekhallouf
|j|☆alger alt
|t:|1641770180
|gametype|singles
|player|p1|antoinekhallouf|morty|1526
|player|p2|alger alt|iris-gen5bw2|1461
|teamsize|p1|6
|teamsize|p2|6
|gen|8
|tier|[Gen 8] OU
|rated|
|rule|Sleep Clause Mod: Limit one foe put to sleep
|rule|Species Clause: Limit one of each Pokémon
|rule|OHKO Clause: OHKO moves are banned
|rule|Evasion Moves Clause: Evasion moves are banned
|rule|Endless Battle Clause: Forcing endless battles is banned
|rule|HP Percentage Mod: HP is shown in percentages
|rule|Dynamax Clause: You cannot dynamax
|clearpoke
|poke|p1|Hawlucha, M|
|poke|p1|Tapu Koko|
|poke|p1|Urshifu-*, F|
|poke|p1|Heatran, F|
|poke|p1|Slowking, M|
|poke|p1|Landorus-Therian, M|
|poke|p2|Volcanion|
|poke|p2|Ninetales-Alola, F|
|poke|p2|Corviknight, F|
|poke|p2|Arctozolt|
|poke|p2|Landorus-Therian, M|
|poke|p2|Tornadus-Therian, M|
|teampreview
|
|t:|1641770186
|start
|switch|p1a: Tapu Koko|Tapu Koko|100/100
|switch|p2a: Ninetales|Ninetales-Alola, F|100/100
|-fieldstart|move: Electric Terrain|[from] ability: Electric Surge|[of] p1a: Tapu Koko
|-weather|Hail|[from] ability: Snow Warning|[of] p2a: Ninetales
|turn|1
|inactive|Battle timer is ON: inactive players will automatically lose when time's up. (requested by antoinekhallouf)
|
|t:|1641770212
|switch|p2a: Landorus|Landorus-Therian, M|100/100
|-ability|p2a: Landorus|Intimidate|boost
|-unboost|p1a: Tapu Koko|atk|1
|move|p1a: Tapu Koko|Volt Switch|p2a: Landorus
|-immune|p2a: Landorus
|
|-weather|Hail|[upkeep]
|-damage|p1a: Tapu Koko|94/100|[from] Hail
|-damage|p2a: Landorus|94/100|[from] Hail
|-heal|p2a: Landorus|100/100|[from] item: Leftovers
|upkeep
|turn|2
|
|t:|1641770219
|switch|p1a: Landorus|Landorus-Therian, M|100/100
|-ability|p1a: Landorus|Intimidate|boost
|-unboost|p2a: Landorus|atk|1
|move|p2a: Landorus|Stealth Rock|p1a: Landorus
|-sidestart|p1: antoinekhallouf|move: Stealth Rock
|
|-weather|Hail|[upkeep]
|-damage|p1a: Landorus|94/100|[from] Hail
|-damage|p2a: Landorus|94/100|[from] Hail
|-heal|p1a: Landorus|100/100|[from] item: Leftovers
|-heal|p2a: Landorus|100/100|[from] item: Leftovers
|upkeep
|turn|3
|
|t:|1641770223
|move|p1a: Landorus|Toxic|p2a: Landorus
|-status|p2a: Landorus|tox
|move|p2a: Landorus|U-turn|p1a: Landorus
|-resisted|p1a: Landorus
|-damage|p1a: Landorus|95/100
|
|t:|1641770227
|switch|p2a: Arctozolt|Arctozolt, shiny|100/100|[from]move: U-turn
|
|-weather|Hail|[upkeep]
|-damage|p1a: Landorus|89/100|[from] Hail
|-heal|p1a: Landorus|95/100|[from] item: Leftovers
|upkeep
|turn|4
|
|t:|1641770237
|switch|p1a: Heatran|Heatran, F|100/100
|-damage|p1a: Heatran|88/100|[from] Stealth Rock
|move|p2a: Arctozolt|Substitute|p2a: Arctozolt
|-start|p2a: Arctozolt|Substitute
|-damage|p2a: Arctozolt|76/100
|
|-weather|Hail|[upkeep]
|-damage|p1a: Heatran|82/100|[from] Hail
|-heal|p2a: Arctozolt|82/100|[from] item: Leftovers
|-heal|p1a: Heatran|88/100|[from] item: Leftovers
|upkeep
|turn|5
|
|t:|1641770242
|switch|p1a: Landorus|Landorus-Therian, M|95/100
|-damage|p1a: Landorus|82/100|[from] Stealth Rock
|-ability|p1a: Landorus|Intimidate|boost
|-immune|p2a: Arctozolt
|move|p2a: Arctozolt|Bolt Beak|p1a: Landorus
|-immune|p1a: Landorus
|
|-weather|Hail|[upkeep]
|-damage|p1a: Landorus|76/100|[from] Hail
|-heal|p2a: Arctozolt|88/100|[from] item: Leftovers
|-heal|p1a: Landorus|82/100|[from] item: Leftovers
|-fieldend|move: Electric Terrain
|upkeep
|turn|6
|
|t:|1641770248
|switch|p1a: Heatran|Heatran, F|88/100
|-damage|p1a: Heatran|76/100|[from] Stealth Rock
|move|p2a: Arctozolt|Blizzard|p1a: Heatran
|-resisted|p1a: Heatran
|-damage|p1a: Heatran|69/100
|
|-weather|Hail|[upkeep]
|-damage|p1a: Heatran|63/100|[from] Hail
|-heal|p2a: Arctozolt|94/100|[from] item: Leftovers
|-heal|p1a: Heatran|69/100|[from] item: Leftovers
|upkeep
|turn|7
|
|t:|1641770254
|switch|p1a: Landorus|Landorus-Therian, M|82/100
|-damage|p1a: Landorus|70/100|[from] Stealth Rock
|-ability|p1a: Landorus|Intimidate|boost
|-immune|p2a: Arctozolt
|move|p2a: Arctozolt|Bolt Beak|p1a: Landorus
|-immune|p1a: Landorus
|
|-weather|Hail|[upkeep]
|-damage|p1a: Landorus|64/100|[from] Hail
|-heal|p2a: Arctozolt|100/100|[from] item: Leftovers
|-heal|p1a: Landorus|70/100|[from] item: Leftovers
|upkeep
|turn|8
|
|t:|1641770263
|move|p2a: Arctozolt|Blizzard|p1a: Landorus
|-supereffective|p1a: Landorus
|-damage|p1a: Landorus|0 fnt
|faint|p1a: Landorus
|
|-weather|none
|upkeep
|
|t:|1641770268
|switch|p1a: Urshifu|Urshifu-Rapid-Strike, F|100/100
|-damage|p1a: Urshifu|94/100|[from] Stealth Rock
|turn|9
|
|t:|1641770272
|switch|p2a: Corviknight|Corviknight, F|100/100
|-ability|p2a: Corviknight|Pressure
|move|p1a: Urshifu|U-turn|p2a: Corviknight
|-resisted|p2a: Corviknight
|-damage|p2a: Corviknight|95/100
|-damage|p1a: Urshifu|78/100|[from] item: Rocky Helmet|[of] p2a: Corviknight
|
|t:|1641770277
|switch|p1a: Heatran|Heatran, F|69/100|[from]move: U-turn
|-damage|p1a: Heatran|57/100|[from] Stealth Rock
|
|-heal|p1a: Heatran|63/100|[from] item: Leftovers
|upkeep
|turn|10
|
|t:|1641770280
|switch|p2a: Landorus|Landorus-Therian, M|100/100 tox
|-ability|p2a: Landorus|Intimidate|boost
|-unboost|p1a: Heatran|atk|1
|move|p1a: Heatran|Stealth Rock|p2a: Landorus
|-sidestart|p2: alger alt|move: Stealth Rock
|
|-heal|p1a: Heatran|69/100|[from] item: Leftovers
|-damage|p2a: Landorus|94/100 tox|[from] psn
|upkeep
|turn|11
|
|t:|1641770284
|switch|p1a: Slowking|Slowking, M|100/100
|move|p2a: Landorus|Defog|p1a: Slowking
|-unboost|p1a: Slowking|evasion|1
|-sideend|p1: antoinekhallouf|Stealth Rock|[from] move: Defog|[of] p2a: Landorus
|-sideend|p2: alger alt|Stealth Rock|[from] move: Defog|[of] p2a: Landorus
|
|-heal|p2a: Landorus|100/100 tox|[from] item: Leftovers
|-damage|p2a: Landorus|88/100 tox|[from] psn
|upkeep
|turn|12
|
|t:|1641770288
|move|p2a: Landorus|U-turn|p1a: Slowking
|-supereffective|p1a: Slowking
|-damage|p1a: Slowking|65/100
|
|t:|1641770290
|switch|p2a: Ninetales|Ninetales-Alola, F|100/100|[from]move: U-turn
|-weather|Hail|[from] ability: Snow Warning|[of] p2a: Ninetales
|move|p1a: Slowking|Ice Beam|p2a: Ninetales
|-resisted|p2a: Ninetales
|-damage|p2a: Ninetales|90/100
|
|-weather|Hail|[upkeep]
|-damage|p1a: Slowking|59/100|[from] Hail
|upkeep
|turn|13
|
|t:|1641770294
|move|p2a: Ninetales|Aurora Veil|p2a: Ninetales
|-sidestart|p2: alger alt|move: Aurora Veil
|move|p1a: Slowking|Teleport|p1a: Slowking
|
|t:|1641770301
|switch|p1a: Tapu Koko|Tapu Koko|94/100|[from]move: Teleport
|-fieldstart|move: Electric Terrain|[from] ability: Electric Surge|[of] p1a: Tapu Koko
|
|-weather|Hail|[upkeep]
|-damage|p1a: Tapu Koko|88/100|[from] Hail
|upkeep
|turn|14
|
|t:|1641770304
|switch|p2a: Landorus|Landorus-Therian, M|88/100 tox
|-ability|p2a: Landorus|Intimidate|boost
|-unboost|p1a: Tapu Koko|atk|1
|move|p1a: Tapu Koko|Dazzling Gleam|p2a: Landorus
|-damage|p2a: Landorus|70/100 tox
|
|-weather|Hail|[upkeep]
|-damage|p1a: Tapu Koko|82/100|[from] Hail
|-damage|p2a: Landorus|64/100 tox|[from] Hail
|-heal|p2a: Landorus|70/100 tox|[from] item: Leftovers
|-damage|p2a: Landorus|64/100 tox|[from] psn
|upkeep
|turn|15
|
|t:|1641770309
|switch|p1a: Slowking|Slowking, M|92/100
|move|p2a: Landorus|Stealth Rock|p1a: Slowking
|-sidestart|p1: antoinekhallouf|move: Stealth Rock
|
|-weather|Hail|[upkeep]
|-damage|p2a: Landorus|58/100 tox|[from] Hail
|-damage|p1a: Slowking|86/100|[from] Hail
|-heal|p2a: Landorus|64/100 tox|[from] item: Leftovers
|-damage|p2a: Landorus|52/100 tox|[from] psn
|upkeep
|turn|16
|
|t:|1641770314
|move|p2a: Landorus|U-turn|p1a: Slowking
|-supereffective|p1a: Slowking
|-damage|p1a: Slowking|46/100
|
|t:|1641770316
|switch|p2a: Arctozolt|Arctozolt, shiny|100/100|[from]move: U-turn
|move|p1a: Slowking|Teleport|p1a: Slowking
|
|t:|1641770324
|switch|p1a: Heatran|Heatran, F|69/100|[from]move: Teleport
|-damage|p1a: Heatran|57/100|[from] Stealth Rock
|
|-weather|Hail|[upkeep]
|-damage|p1a: Heatran|51/100|[from] Hail
|-heal|p1a: Heatran|57/100|[from] item: Leftovers
|upkeep
|turn|17
|
|t:|1641770326
|move|p2a: Arctozolt|Bolt Beak|p1a: Heatran
|-damage|p1a: Heatran|0 fnt
|faint|p1a: Heatran
|
|-weather|Hail|[upkeep]
|-sideend|p2: alger alt|move: Aurora Veil
|-fieldend|move: Electric Terrain
|upkeep
|
|t:|1641770332
|switch|p1a: Tapu Koko|Tapu Koko|82/100
|-damage|p1a: Tapu Koko|70/100|[from] Stealth Rock
|-fieldstart|move: Electric Terrain|[from] ability: Electric Surge|[of] p1a: Tapu Koko
|turn|18
|
|t:|1641770354
|move|p2a: Arctozolt|Blizzard|p1a: Tapu Koko
|-damage|p1a: Tapu Koko|7/100
|move|p1a: Tapu Koko|Dazzling Gleam|p2a: Arctozolt
|-damage|p2a: Arctozolt|26/100
|
|-weather|Hail|[upkeep]
|-damage|p1a: Tapu Koko|1/100|[from] Hail
|-heal|p2a: Arctozolt|32/100|[from] item: Leftovers
|upkeep
|turn|19
|
|t:|1641770360
|move|p2a: Arctozolt|Bolt Beak|p1a: Tapu Koko
|-resisted|p1a: Tapu Koko
|-damage|p1a: Tapu Koko|0 fnt
|faint|p1a: Tapu Koko
|
|-weather|none
|-heal|p2a: Arctozolt|38/100|[from] item: Leftovers
|upkeep
|
|t:|1641770363
|switch|p1a: Hawlucha|Hawlucha, M|100/100
|-damage|p1a: Hawlucha|88/100|[from] Stealth Rock
|-enditem|p1a: Hawlucha|Electric Seed
|-boost|p1a: Hawlucha|def|1|[from] item: Electric Seed
|turn|20
|
|t:|1641770370
|move|p1a: Hawlucha|Close Combat|p2a: Arctozolt
|-supereffective|p2a: Arctozolt
|-damage|p2a: Arctozolt|0 fnt
|-unboost|p1a: Hawlucha|def|1
|-unboost|p1a: Hawlucha|spd|1
|faint|p2a: Arctozolt
|
|upkeep
|
|t:|1641770376
|switch|p2a: Tornadus|Tornadus-Therian, M|100/100
|turn|21
|
|t:|1641770379
|move|p1a: Hawlucha|Acrobatics|p2a: Tornadus
|-damage|p2a: Tornadus|46/100
|move|p2a: Tornadus|U-turn|p1a: Hawlucha
|-resisted|p1a: Hawlucha
|-damage|p1a: Hawlucha|83/100
|
|t:|1641770385
|switch|p2a: Ninetales|Ninetales-Alola, F|90/100|[from]move: U-turn
|-weather|Hail|[from] ability: Snow Warning|[of] p2a: Ninetales
|
|-weather|Hail|[upkeep]
|-damage|p1a: Hawlucha|77/100|[from] Hail
|upkeep
|turn|22
|
|t:|1641770389
|move|p1a: Hawlucha|Close Combat|p2a: Ninetales
|-damage|p2a: Ninetales|17/100
|-unboost|p1a: Hawlucha|def|1
|-unboost|p1a: Hawlucha|spd|1
|move|p2a: Ninetales|Freeze-Dry|p1a: Hawlucha
|-supereffective|p1a: Hawlucha
|-damage|p1a: Hawlucha|0 fnt
|faint|p1a: Hawlucha
|
|-weather|Hail|[upkeep]
|-fieldend|move: Electric Terrain
|upkeep
|
|t:|1641770393
|switch|p1a: Urshifu|Urshifu-Rapid-Strike, F|78/100
|-damage|p1a: Urshifu|72/100|[from] Stealth Rock
|turn|23
|
|t:|1641770396
|switch|p2a: Corviknight|Corviknight, F|95/100
|-ability|p2a: Corviknight|Pressure
|move|p1a: Urshifu|Aqua Jet|p2a: Corviknight
|-crit|p2a: Corviknight
|-damage|p2a: Corviknight|67/100
|-damage|p1a: Urshifu|55/100|[from] item: Rocky Helmet|[of] p2a: Corviknight
|
|-weather|Hail|[upkeep]
|-damage|p1a: Urshifu|49/100|[from] Hail
|-damage|p2a: Corviknight|60/100|[from] Hail
|upkeep
|turn|24
|
|t:|1641770404
|switch|p1a: Slowking|Slowking, M|80/100
|move|p2a: Corviknight|Roost|p2a: Corviknight
|-heal|p2a: Corviknight|100/100
|-singleturn|p2a: Corviknight|move: Roost
|
|-weather|Hail|[upkeep]
|-damage|p2a: Corviknight|94/100|[from] Hail
|-damage|p1a: Slowking|74/100|[from] Hail
|upkeep
|turn|25
|
|t:|1641770409
|move|p2a: Corviknight|U-turn|p1a: Slowking
|-supereffective|p1a: Slowking
|-damage|p1a: Slowking|49/100
|
|t:|1641770412
|switch|p2a: Volcanion|Volcanion|100/100|[from]move: U-turn
|move|p1a: Slowking|Future Sight|p2a: Volcanion
|-start|p1a: Slowking|move: Future Sight
|
|-weather|Hail|[upkeep]
|-damage|p2a: Volcanion|95/100|[from] Hail
|-damage|p1a: Slowking|43/100|[from] Hail
|upkeep
|turn|26
|-message|antoinekhallouf forfeited.
|
|win|alger alt
|raw|antoinekhallouf's rating: 1526 &rarr; <strong>1502</strong><br />(-24 for losing)
|raw|alger alt's rating: 1461 &rarr; <strong>1485</strong><br />(+24 for winning)
|l|☆antoinekhallouf
