|j|☆Jadoriel
|j|☆DumbLick1337
|t:|1641837735
|gametype|singles
|player|p1|Jadoriel|169|1335
|player|p2|DumbLick1337|102|1325
|teamsize|p1|6
|teamsize|p2|6
|gen|8
|tier|[Gen 8] OU
|rated|
|rule|Sleep Clause Mod: Limit one foe put to sleep
|rule|Species Clause: Limit one of each Pokémon
|rule|OHKO Clause: OHKO moves are banned
|rule|Evasion Moves Clause: Evasion moves are banned
|rule|Endless Battle Clause: Forcing endless battles is banned
|rule|HP Percentage Mod: HP is shown in percentages
|rule|Dynamax Clause: You cannot dynamax
|clearpoke
|poke|p1|Heatran, M|
|poke|p1|Jirachi|
|poke|p1|Landorus-Therian, M|
|poke|p1|Bisharp, M|
|poke|p1|Tapu Lele|
|poke|p1|Dragonite, F|
|poke|p2|Seismitoad, M|
|poke|p2|Rotom-Heat|
|poke|p2|Corviknight, M|
|poke|p2|Hatterene, F|
|poke|p2|Dragapult, F|
|poke|p2|Hippowdon, F|
|teampreview
|c|☆DumbLick1337|hf
|inactive|Battle timer is ON: inactive players will automatically lose when time's up. (requested by DumbLick1337)
|
|t:|1641837754
|start
|switch|p1a: Landorus|Landorus-Therian, M|100/100
|switch|p2a: rotomheat|Rotom-Heat|100/100
|-ability|p1a: Landorus|Intimidate|boost
|-unboost|p2a: rotomheat|atk|1
|turn|1
|
|t:|1641837762
|switch|p2a: Hippowdon|Hippowdon, F|100/100
|-weather|Sandstorm|[from] ability: Sand Stream|[of] p2a: Hippowdon
|move|p1a: Landorus|Stealth Rock|p2a: Hippowdon
|-sidestart|p2: DumbLick1337|move: Stealth Rock
|
|-weather|Sandstorm|[upkeep]
|upkeep
|turn|2
|
|t:|1641837776
|move|p1a: Landorus|Toxic|p2a: Hippowdon
|-status|p2a: Hippowdon|tox
|move|p2a: Hippowdon|Stealth Rock|p1a: Landorus
|-sidestart|p1: Jadoriel|move: Stealth Rock
|
|-weather|Sandstorm|[upkeep]
|-damage|p2a: Hippowdon|94/100 tox|[from] psn
|upkeep
|turn|3
|
|t:|1641837784
|switch|p2a: Corviknight|Corviknight, M|100/100
|-damage|p2a: Corviknight|88/100|[from] Stealth Rock
|-ability|p2a: Corviknight|Pressure
|move|p1a: Landorus|U-turn|p2a: Corviknight
|-resisted|p2a: Corviknight
|-damage|p2a: Corviknight|84/100
|
|t:|1641837788
|switch|p1a: Heatran|Heatran, M|100/100|[from]move: U-turn
|-damage|p1a: Heatran|88/100|[from] Stealth Rock
|
|-weather|Sandstorm|[upkeep]
|-heal|p1a: Heatran|94/100|[from] item: Leftovers
|-heal|p2a: Corviknight|90/100|[from] item: Leftovers
|upkeep
|turn|4
|
|t:|1641837790
|switch|p2a: Seismitoad|Seismitoad, M|100/100
|-damage|p2a: Seismitoad|95/100|[from] Stealth Rock
|move|p1a: Heatran|Magma Storm|p2a: Seismitoad
|-resisted|p2a: Seismitoad
|-crit|p2a: Seismitoad
|-damage|p2a: Seismitoad|54/100
|-activate|p2a: Seismitoad|move: Magma Storm|[of] p1a: Heatran
|
|-weather|Sandstorm|[upkeep]
|-heal|p1a: Heatran|100/100|[from] item: Leftovers
|-damage|p2a: Seismitoad|42/100|[from] move: Magma Storm|[partiallytrapped]
|upkeep
|turn|5
|
|t:|1641837809
|switch|p1a: Dragonite|Dragonite, F|100/100
|move|p2a: Seismitoad|Liquidation|p1a: Dragonite
|-resisted|p1a: Dragonite
|-damage|p1a: Dragonite|86/100
|
|-weather|none
|-end|p2a: Seismitoad|Magma Storm|[partiallytrapped]|[silent]
|upkeep
|turn|6
|
|t:|1641837819
|switch|p2a: Hippowdon|Hippowdon, F|94/100 tox
|-damage|p2a: Hippowdon|88/100 tox|[from] Stealth Rock
|-weather|Sandstorm|[from] ability: Sand Stream|[of] p2a: Hippowdon
|move|p1a: Dragonite|Dual Wingbeat|p2a: Hippowdon
|-damage|p2a: Hippowdon|76/100 tox
|-damage|p1a: Dragonite|69/100|[from] item: Rocky Helmet|[of] p2a: Hippowdon
|-damage|p2a: Hippowdon|65/100 tox
|-damage|p1a: Dragonite|53/100|[from] item: Rocky Helmet|[of] p2a: Hippowdon
|-hitcount|p2a: Hippowdon|2
|
|-weather|Sandstorm|[upkeep]
|-damage|p1a: Dragonite|47/100|[from] Sandstorm
|-damage|p2a: Hippowdon|59/100 tox|[from] psn
|upkeep
|turn|7
|
|t:|1641837831
|switch|p1a: Landorus|Landorus-Therian, M|100/100
|-damage|p1a: Landorus|88/100|[from] Stealth Rock
|-ability|p1a: Landorus|Intimidate|boost
|-unboost|p2a: Hippowdon|atk|1
|move|p2a: Hippowdon|Slack Off|p2a: Hippowdon
|-heal|p2a: Hippowdon|100/100 tox
|
|-weather|Sandstorm|[upkeep]
|-heal|p1a: Landorus|94/100|[from] item: Leftovers
|-damage|p2a: Hippowdon|88/100 tox|[from] psn
|upkeep
|turn|8
|
|t:|1641837838
|switch|p2a: Corviknight|Corviknight, M|90/100
|-damage|p2a: Corviknight|78/100|[from] Stealth Rock
|-ability|p2a: Corviknight|Pressure
|move|p1a: Landorus|U-turn|p2a: Corviknight
|-resisted|p2a: Corviknight
|-damage|p2a: Corviknight|74/100
|
|t:|1641837842
|switch|p1a: Heatran|Heatran, M|100/100|[from]move: U-turn
|-damage|p1a: Heatran|88/100|[from] Stealth Rock
|
|-weather|Sandstorm|[upkeep]
|-heal|p1a: Heatran|94/100|[from] item: Leftovers
|-heal|p2a: Corviknight|80/100|[from] item: Leftovers
|upkeep
|turn|9
|
|t:|1641837844
|switch|p2a: Seismitoad|Seismitoad, M|42/100
|-damage|p2a: Seismitoad|36/100|[from] Stealth Rock
|move|p1a: Heatran|Magma Storm|p2a: Seismitoad
|-resisted|p2a: Seismitoad
|-damage|p2a: Seismitoad|8/100
|-activate|p2a: Seismitoad|move: Magma Storm|[of] p1a: Heatran
|
|-weather|Sandstorm|[upkeep]
|-heal|p1a: Heatran|100/100|[from] item: Leftovers
|-damage|p2a: Seismitoad|0 fnt|[from] move: Magma Storm|[partiallytrapped]
|faint|p2a: Seismitoad
|upkeep
|
|t:|1641837844
|switch|p2a: Hippowdon|Hippowdon, F|88/100 tox
|-damage|p2a: Hippowdon|82/100 tox|[from] Stealth Rock
|turn|10
|
|t:|1641837853
|switch|p1a: Landorus|Landorus-Therian, M|94/100
|-damage|p1a: Landorus|82/100|[from] Stealth Rock
|-ability|p1a: Landorus|Intimidate|boost
|-unboost|p2a: Hippowdon|atk|1
|move|p2a: Hippowdon|Slack Off|p2a: Hippowdon
|-heal|p2a: Hippowdon|100/100 tox
|
|-weather|none
|-heal|p1a: Landorus|88/100|[from] item: Leftovers
|-damage|p2a: Hippowdon|94/100 tox|[from] psn
|upkeep
|turn|11
|
|t:|1641837860
|switch|p2a: Corviknight|Corviknight, M|80/100
|-damage|p2a: Corviknight|68/100|[from] Stealth Rock
|-ability|p2a: Corviknight|Pressure
|move|p1a: Landorus|U-turn|p2a: Corviknight
|-resisted|p2a: Corviknight
|-damage|p2a: Corviknight|64/100
|
|t:|1641837863
|switch|p1a: Heatran|Heatran, M|100/100|[from]move: U-turn
|-damage|p1a: Heatran|88/100|[from] Stealth Rock
|
|-heal|p1a: Heatran|94/100|[from] item: Leftovers
|-heal|p2a: Corviknight|70/100|[from] item: Leftovers
|upkeep
|turn|12
|
|t:|1641837869
|switch|p2a: Dragapult|Dragapult, F|100/100
|-damage|p2a: Dragapult|88/100|[from] Stealth Rock
|move|p1a: Heatran|Magma Storm|p2a: Dragapult
|-resisted|p2a: Dragapult
|-damage|p2a: Dragapult|58/100
|-activate|p2a: Dragapult|move: Magma Storm|[of] p1a: Heatran
|
|-heal|p1a: Heatran|100/100|[from] item: Leftovers
|-damage|p2a: Dragapult|46/100|[from] move: Magma Storm|[partiallytrapped]
|upkeep
|turn|13
|
|t:|1641837881
|move|p2a: Dragapult|Shadow Ball|p1a: Heatran
|-crit|p1a: Heatran
|-damage|p1a: Heatran|50/100
|move|p1a: Heatran|Earth Power|p2a: Dragapult
|-damage|p2a: Dragapult|12/100
|
|-heal|p1a: Heatran|56/100|[from] item: Leftovers
|-damage|p2a: Dragapult|0 fnt|[from] move: Magma Storm|[partiallytrapped]
|faint|p2a: Dragapult
|upkeep
|
|t:|1641837882
|switch|p2a: Hatterene|Hatterene, F|100/100
|-damage|p2a: Hatterene|88/100|[from] Stealth Rock
|turn|14
|
|t:|1641837904
|move|p1a: Heatran|Magma Storm|p2a: Hatterene|[miss]
|-miss|p1a: Heatran|p2a: Hatterene
|move|p2a: Hatterene|Nuzzle|p1a: Heatran
|-crit|p1a: Heatran
|-damage|p1a: Heatran|52/100
|-status|p1a: Heatran|par
|
|-heal|p1a: Heatran|58/100 par|[from] item: Leftovers
|upkeep
|turn|15
|
|t:|1641837910
|move|p1a: Heatran|Magma Storm|p2a: Hatterene
|-damage|p2a: Hatterene|65/100
|-activate|p2a: Hatterene|move: Magma Storm|[of] p1a: Heatran
|move|p2a: Hatterene|Draining Kiss|p1a: Heatran
|-resisted|p1a: Heatran
|-damage|p1a: Heatran|54/100 par
|-heal|p2a: Hatterene|68/100|[from] drain|[of] p1a: Heatran
|
|-heal|p1a: Heatran|60/100 par|[from] item: Leftovers
|-damage|p2a: Hatterene|56/100|[from] move: Magma Storm|[partiallytrapped]
|upkeep
|turn|16
|
|t:|1641837919
|move|p1a: Heatran|Earth Power|p2a: Hatterene
|-damage|p2a: Hatterene|41/100
|move|p2a: Hatterene|Psychic|p1a: Heatran
|-resisted|p1a: Heatran
|-damage|p1a: Heatran|46/100 par
|
|-heal|p1a: Heatran|52/100 par|[from] item: Leftovers
|-damage|p2a: Hatterene|29/100|[from] move: Magma Storm|[partiallytrapped]
|upkeep
|turn|17
|
|t:|1641837930
|cant|p1a: Heatran|par
|move|p2a: Hatterene|Psychic|p1a: Heatran
|-resisted|p1a: Heatran
|-damage|p1a: Heatran|37/100 par
|
|-heal|p1a: Heatran|44/100 par|[from] item: Leftovers
|-damage|p2a: Hatterene|17/100|[from] move: Magma Storm|[partiallytrapped]
|upkeep
|turn|18
|
|t:|1641837939
|move|p1a: Heatran|Earth Power|p2a: Hatterene
|-damage|p2a: Hatterene|0 fnt
|faint|p2a: Hatterene
|
|-heal|p1a: Heatran|50/100 par|[from] item: Leftovers
|upkeep
|
|t:|1641837939
|switch|p2a: Corviknight|Corviknight, M|70/100
|-damage|p2a: Corviknight|58/100|[from] Stealth Rock
|-ability|p2a: Corviknight|Pressure
|turn|19
|
|t:|1641837943
|move|p2a: Corviknight|Roost|p2a: Corviknight
|-heal|p2a: Corviknight|100/100
|-singleturn|p2a: Corviknight|move: Roost
|move|p1a: Heatran|Magma Storm|p2a: Corviknight
|-supereffective|p2a: Corviknight
|-damage|p2a: Corviknight|28/100
|-activate|p2a: Corviknight|move: Magma Storm|[of] p1a: Heatran
|
|-heal|p2a: Corviknight|34/100|[from] item: Leftovers
|-heal|p1a: Heatran|56/100 par|[from] item: Leftovers
|-damage|p2a: Corviknight|22/100|[from] move: Magma Storm|[partiallytrapped]
|upkeep
|turn|20
|
|t:|1641837958
|move|p2a: Corviknight|Iron Head|p1a: Heatran
|-resisted|p1a: Heatran
|-damage|p1a: Heatran|50/100 par
|cant|p1a: Heatran|par
|
|-heal|p2a: Corviknight|28/100|[from] item: Leftovers
|-heal|p1a: Heatran|57/100 par|[from] item: Leftovers
|-damage|p2a: Corviknight|15/100|[from] move: Magma Storm|[partiallytrapped]
|upkeep
|turn|21
|
|t:|1641837967
|move|p2a: Corviknight|Iron Head|p1a: Heatran
|-resisted|p1a: Heatran
|-damage|p1a: Heatran|52/100 par
|cant|p1a: Heatran|flinch
|
|-heal|p2a: Corviknight|22/100|[from] item: Leftovers
|-heal|p1a: Heatran|58/100 par|[from] item: Leftovers
|-damage|p2a: Corviknight|9/100|[from] move: Magma Storm|[partiallytrapped]
|upkeep
|turn|22
|
|t:|1641837974
|move|p2a: Corviknight|Iron Head|p1a: Heatran
|-resisted|p1a: Heatran
|-damage|p1a: Heatran|52/100 par
|move|p1a: Heatran|Earth Power|p2a: Corviknight
|-immune|p2a: Corviknight
|
|-heal|p2a: Corviknight|15/100|[from] item: Leftovers
|-heal|p1a: Heatran|59/100 par|[from] item: Leftovers
|-damage|p2a: Corviknight|3/100|[from] move: Magma Storm|[partiallytrapped]
|upkeep
|turn|23
|
|t:|1641837979
|move|p2a: Corviknight|Iron Head|p1a: Heatran
|-resisted|p1a: Heatran
|-damage|p1a: Heatran|53/100 par
|cant|p1a: Heatran|par
|
|-heal|p2a: Corviknight|9/100|[from] item: Leftovers
|-heal|p1a: Heatran|59/100 par|[from] item: Leftovers
|-damage|p2a: Corviknight|0 fnt|[from] move: Magma Storm|[partiallytrapped]
|faint|p2a: Corviknight
|upkeep
|
|t:|1641837979
|switch|p2a: Hippowdon|Hippowdon, F|94/100 tox
|-damage|p2a: Hippowdon|88/100 tox|[from] Stealth Rock
|-weather|Sandstorm|[from] ability: Sand Stream|[of] p2a: Hippowdon
|turn|24
|
|t:|1641837993
|switch|p1a: Landorus|Landorus-Therian, M|88/100
|-damage|p1a: Landorus|76/100|[from] Stealth Rock
|-ability|p1a: Landorus|Intimidate|boost
|-unboost|p2a: Hippowdon|atk|1
|move|p2a: Hippowdon|Earthquake|p1a: Landorus
|-immune|p1a: Landorus
|
|-weather|Sandstorm|[upkeep]
|-heal|p1a: Landorus|82/100|[from] item: Leftovers
|-damage|p2a: Hippowdon|82/100 tox|[from] psn
|upkeep
|turn|25
|
|t:|1641838014
|move|p1a: Landorus|U-turn|p2a: Hippowdon
|-damage|p2a: Hippowdon|70/100 tox
|-damage|p1a: Landorus|65/100|[from] item: Rocky Helmet|[of] p2a: Hippowdon
|
|t:|1641838017
|switch|p1a: Dragonite|Dragonite, F|47/100|[from]move: U-turn
|move|p2a: Hippowdon|Whirlwind|p1a: Dragonite
|drag|p1a: Jirachi|Jirachi|100/100
|-damage|p1a: Jirachi|94/100|[from] Stealth Rock
|
|-weather|Sandstorm|[upkeep]
|-damage|p2a: Hippowdon|58/100 tox|[from] psn
|upkeep
|turn|26
|
|t:|1641838024
|move|p1a: Jirachi|U-turn|p2a: Hippowdon
|-damage|p2a: Hippowdon|48/100 tox
|-damage|p1a: Jirachi|78/100|[from] item: Rocky Helmet|[of] p2a: Hippowdon
|
|t:|1641838028
|switch|p1a: Dragonite|Dragonite, F|47/100|[from]move: U-turn
|move|p2a: Hippowdon|Earthquake|p1a: Dragonite
|-immune|p1a: Dragonite
|
|-weather|Sandstorm|[upkeep]
|-damage|p1a: Dragonite|40/100|[from] Sandstorm
|-damage|p2a: Hippowdon|30/100 tox|[from] psn
|upkeep
|turn|27
|
|t:|1641838034
|move|p1a: Dragonite|Outrage|p2a: Hippowdon
|-damage|p2a: Hippowdon|0 fnt
|-damage|p1a: Dragonite|24/100|[from] item: Rocky Helmet|[of] p2a: Hippowdon
|faint|p2a: Hippowdon
|
|-weather|Sandstorm|[upkeep]
|-damage|p1a: Dragonite|18/100|[from] Sandstorm
|upkeep
|
|t:|1641838034
|switch|p2a: rotomheat|Rotom-Heat|100/100
|-damage|p2a: rotomheat|76/100|[from] Stealth Rock
|turn|28
|
|t:|1641838038
|move|p2a: rotomheat|Volt Switch|p1a: Dragonite
|-damage|p1a: Dragonite|0 fnt
|faint|p1a: Dragonite
|
|-weather|none
|upkeep
|
|t:|1641838042
|switch|p1a: Heatran|Heatran, M|59/100 par
|-damage|p1a: Heatran|47/100 par|[from] Stealth Rock
|turn|29
|
|t:|1641838050
|move|p2a: rotomheat|Volt Switch|p1a: Heatran
|-damage|p1a: Heatran|27/100 par
|move|p1a: Heatran|Toxic|p2a: rotomheat
|-status|p2a: rotomheat|tox
|
|-heal|p1a: Heatran|33/100 par|[from] item: Leftovers
|-damage|p2a: rotomheat|69/100 tox|[from] psn
|upkeep
|turn|30
|
|t:|1641838055
|move|p2a: rotomheat|Volt Switch|p1a: Heatran
|-damage|p1a: Heatran|14/100 par
|move|p1a: Heatran|Magma Storm|p2a: rotomheat
|-resisted|p2a: rotomheat
|-damage|p2a: rotomheat|40/100 tox
|-activate|p2a: rotomheat|move: Magma Storm|[of] p1a: Heatran
|
|-heal|p1a: Heatran|20/100 par|[from] item: Leftovers
|-damage|p2a: rotomheat|27/100 tox|[from] psn
|-damage|p2a: rotomheat|15/100 tox|[from] move: Magma Storm|[partiallytrapped]
|upkeep
|turn|31
|
|t:|1641838072
|move|p2a: rotomheat|Volt Switch|p1a: Heatran
|-damage|p1a: Heatran|2/100 par
|move|p1a: Heatran|Taunt|p2a: rotomheat
|-start|p2a: rotomheat|move: Taunt
|
|-heal|p1a: Heatran|8/100 par|[from] item: Leftovers
|-damage|p2a: rotomheat|0 fnt|[from] psn
|faint|p2a: rotomheat
|
|win|Jadoriel
|upkeep
|raw|Jadoriel's rating: 1335 &rarr; <strong>1354</strong><br />(+19 for winning)
|raw|DumbLick1337's rating: 1325 &rarr; <strong>1306</strong><br />(-19 for losing)
|c|☆DumbLick1337|gg
