|j|☆datshinylatios
|j|☆DumbLick1337
|t:|1641834656
|gametype|singles
|player|p1|datshinylatios|benga|1378
|player|p2|DumbLick1337|102|1342
|teamsize|p1|6
|teamsize|p2|6
|gen|8
|tier|[Gen 8] OU
|rated|
|rule|Sleep Clause Mod: Limit one foe put to sleep
|rule|Species Clause: Limit one of each Pokémon
|rule|OHKO Clause: OHKO moves are banned
|rule|Evasion Moves Clause: Evasion moves are banned
|rule|Endless Battle Clause: Forcing endless battles is banned
|rule|HP Percentage Mod: HP is shown in percentages
|rule|Dynamax Clause: You cannot dynamax
|clearpoke
|poke|p1|Zapdos|
|poke|p1|Heatran, M|
|poke|p1|Urshifu-*, F|
|poke|p1|Ferrothorn, M|
|poke|p1|Clefable, M|
|poke|p1|Landorus-Therian, M|
|poke|p2|Clefable, F|
|poke|p2|Corviknight, F|
|poke|p2|Hydreigon, M|
|poke|p2|Rotom-Wash|
|poke|p2|Hippowdon, M|
|poke|p2|Excadrill, F|
|teampreview
|c|☆DumbLick1337|hf
|inactive|Battle timer is ON: inactive players will automatically lose when time's up. (requested by DumbLick1337)
|
|t:|1641834661
|start
|switch|p1a: Urshifu|Urshifu-Rapid-Strike, F|100/100
|switch|p2a: rotomwash|Rotom-Wash|100/100
|turn|1
|j| THEqwerty09
|
|t:|1641834669
|switch|p2a: Corviknight|Corviknight, F|100/100
|-ability|p2a: Corviknight|Pressure
|move|p1a: Urshifu|Bulk Up|p1a: Urshifu
|-boost|p1a: Urshifu|atk|1
|-boost|p1a: Urshifu|def|1
|
|upkeep
|turn|2
|
|t:|1641834677
|move|p1a: Urshifu|Bulk Up|p1a: Urshifu
|-boost|p1a: Urshifu|atk|1
|-boost|p1a: Urshifu|def|1
|move|p2a: Corviknight|Substitute|p2a: Corviknight
|-start|p2a: Corviknight|Substitute
|-damage|p2a: Corviknight|75/100
|
|-heal|p2a: Corviknight|82/100|[from] item: Leftovers
|upkeep
|turn|3
|
|t:|1641834682
|move|p1a: Urshifu|Drain Punch|p2a: Corviknight
|-end|p2a: Corviknight|Substitute
|-damage|p1a: Urshifu|91/100|[from] item: Life Orb
|move|p2a: Corviknight|Bulk Up|p2a: Corviknight
|-boost|p2a: Corviknight|atk|1
|-boost|p2a: Corviknight|def|1
|
|-heal|p2a: Corviknight|88/100|[from] item: Leftovers
|upkeep
|turn|4
|
|t:|1641834687
|move|p1a: Urshifu|Drain Punch|p2a: Corviknight
|-damage|p2a: Corviknight|31/100
|-heal|p1a: Urshifu|100/100|[from] drain|[of] p2a: Corviknight
|-damage|p1a: Urshifu|91/100|[from] item: Life Orb
|move|p2a: Corviknight|Brave Bird|p1a: Urshifu
|-supereffective|p1a: Urshifu
|-damage|p1a: Urshifu|38/100
|-damage|p2a: Corviknight|16/100|[from] Recoil
|
|-heal|p2a: Corviknight|23/100|[from] item: Leftovers
|upkeep
|turn|5
|
|t:|1641834692
|move|p1a: Urshifu|Drain Punch|p2a: Corviknight
|-damage|p2a: Corviknight|0 fnt
|-heal|p1a: Urshifu|51/100|[from] drain|[of] p2a: Corviknight
|faint|p2a: Corviknight
|-damage|p1a: Urshifu|41/100|[from] item: Life Orb
|
|upkeep
|
|t:|1641834692
|switch|p2a: rotomwash|Rotom-Wash|100/100
|turn|6
|
|t:|1641834698
|move|p2a: rotomwash|Volt Switch|p1a: Urshifu
|-supereffective|p1a: Urshifu
|-damage|p1a: Urshifu|0 fnt
|faint|p1a: Urshifu
|
|t:|1641834698
|switch|p2a: Clefable|Clefable, F|100/100|[from]move: Volt Switch
|
|upkeep
|
|t:|1641834702
|switch|p1a: Ferrothorn|Ferrothorn, M|100/100
|turn|7
|
|t:|1641834704
|switch|p1a: Heatran|Heatran, M|100/100
|-item|p1a: Heatran|Air Balloon
|move|p2a: Clefable|Flamethrower|p1a: Heatran
|-start|p1a: Heatran|ability: Flash Fire
|
|upkeep
|turn|8
|
|t:|1641834711
|switch|p2a: Hydreigon|Hydreigon, M|100/100
|move|p1a: Heatran|Stealth Rock|p2a: Hydreigon
|-sidestart|p2: DumbLick1337|move: Stealth Rock
|
|upkeep
|turn|9
|
|t:|1641834717
|move|p2a: Hydreigon|Dark Pulse|p1a: Heatran
|-damage|p1a: Heatran|67/100
|-enditem|p1a: Heatran|Air Balloon
|move|p1a: Heatran|Toxic|p2a: Hydreigon
|-status|p2a: Hydreigon|tox
|
|-damage|p2a: Hydreigon|94/100 tox|[from] psn
|upkeep
|turn|10
|
|t:|1641834723
|-end|p1a: Heatran|ability: Flash Fire|[silent]
|switch|p1a: Landorus|Landorus-Therian, M|100/100
|-ability|p1a: Landorus|Intimidate|boost
|-unboost|p2a: Hydreigon|atk|1
|move|p2a: Hydreigon|Nasty Plot|p2a: Hydreigon
|-boost|p2a: Hydreigon|spa|2
|
|-heal|p2a: Hydreigon|100/100 tox|[from] item: Leftovers
|-damage|p2a: Hydreigon|88/100 tox|[from] psn
|upkeep
|turn|11
|
|t:|1641834730
|switch|p2a: Hippowdon|Hippowdon, M|100/100
|-damage|p2a: Hippowdon|94/100|[from] Stealth Rock
|-weather|Sandstorm|[from] ability: Sand Stream|[of] p2a: Hippowdon
|move|p1a: Landorus|U-turn|p2a: Hippowdon
|-damage|p2a: Hippowdon|79/100
|
|t:|1641834739
|switch|p1a: Heatran|Heatran, M|67/100|[from]move: U-turn
|
|-weather|Sandstorm|[upkeep]
|upkeep
|turn|12
|
|t:|1641834741
|move|p1a: Heatran|Taunt|p2a: Hippowdon
|-start|p2a: Hippowdon|move: Taunt
|move|p2a: Hippowdon|Earthquake|p1a: Heatran
|-supereffective|p1a: Heatran
|-damage|p1a: Heatran|0 fnt
|faint|p1a: Heatran
|
|-weather|Sandstorm|[upkeep]
|upkeep
|
|t:|1641834747
|switch|p1a: Ferrothorn|Ferrothorn, M|100/100
|turn|13
|
|t:|1641834748
|switch|p2a: Clefable|Clefable, F|100/100
|move|p1a: Ferrothorn|Leech Seed|p2a: Clefable
|-start|p2a: Clefable|move: Leech Seed
|
|-weather|Sandstorm|[upkeep]
|upkeep
|turn|14
|
|t:|1641834755
|move|p2a: Clefable|Flamethrower|p1a: Ferrothorn
|-supereffective|p1a: Ferrothorn
|-damage|p1a: Ferrothorn|0 fnt
|faint|p1a: Ferrothorn
|
|-weather|Sandstorm|[upkeep]
|upkeep
|
|t:|1641834758
|switch|p1a: Zapdos|Zapdos, shiny|100/100
|turn|15
|
|t:|1641834760
|move|p1a: Zapdos|Discharge|p2a: Clefable
|-damage|p2a: Clefable|63/100
|move|p2a: Clefable|Moonblast|p1a: Zapdos
|-damage|p1a: Zapdos|45/100
|
|-weather|Sandstorm|[upkeep]
|-damage|p1a: Zapdos|39/100|[from] Sandstorm
|-heal|p1a: Zapdos|45/100|[from] item: Leftovers
|upkeep
|turn|16
|
|t:|1641834765
|move|p1a: Zapdos|Roost|p1a: Zapdos
|-heal|p1a: Zapdos|95/100
|-singleturn|p1a: Zapdos|move: Roost
|move|p2a: Clefable|Moonblast|p1a: Zapdos
|-damage|p1a: Zapdos|39/100
|
|-weather|Sandstorm|[upkeep]
|-damage|p1a: Zapdos|33/100|[from] Sandstorm
|-heal|p1a: Zapdos|39/100|[from] item: Leftovers
|upkeep
|turn|17
|
|t:|1641834769
|move|p1a: Zapdos|Discharge|p2a: Clefable
|-damage|p2a: Clefable|23/100
|-status|p2a: Clefable|par
|move|p2a: Clefable|Moonblast|p1a: Zapdos
|-damage|p1a: Zapdos|0 fnt
|faint|p1a: Zapdos
|
|-weather|Sandstorm|[upkeep]
|upkeep
|
|t:|1641834774
|switch|p1a: Landorus|Landorus-Therian, M|100/100
|-ability|p1a: Landorus|Intimidate|boost
|-unboost|p2a: Clefable|atk|1
|turn|18
|
|t:|1641834778
|switch|p2a: Hippowdon|Hippowdon, M|79/100
|-damage|p2a: Hippowdon|73/100|[from] Stealth Rock
|move|p1a: Landorus|U-turn|p2a: Hippowdon
|-damage|p2a: Hippowdon|59/100
|
|t:|1641834783
|switch|p1a: Clefable|Clefable, M, shiny|100/100|[from]move: U-turn
|
|-weather|none
|upkeep
|turn|19
|
|t:|1641834785
|move|p1a: Clefable|Moonblast|p2a: Hippowdon
|-damage|p2a: Hippowdon|0 fnt
|faint|p2a: Hippowdon
|
|upkeep
|
|t:|1641834785
|switch|p2a: Excadrill|Excadrill, F|100/100
|-damage|p2a: Excadrill|97/100|[from] Stealth Rock
|turn|20
|
|t:|1641834789
|move|p2a: Excadrill|Iron Head|p1a: Clefable
|-supereffective|p1a: Clefable
|-damage|p1a: Clefable|0 fnt
|faint|p1a: Clefable
|-damage|p2a: Excadrill|87/100|[from] item: Life Orb
|
|upkeep
|
|t:|1641834792
|switch|p1a: Landorus|Landorus-Therian, M|100/100
|-ability|p1a: Landorus|Intimidate|boost
|-unboost|p2a: Excadrill|atk|1
|turn|21
|
|t:|1641834795
|switch|p2a: rotomwash|Rotom-Wash|100/100
|-damage|p2a: rotomwash|88/100|[from] Stealth Rock
|move|p1a: Landorus|Earthquake|p2a: rotomwash
|-immune|p2a: rotomwash|[from] ability: Levitate
|
|upkeep
|turn|22
|
|t:|1641834797
|move|p1a: Landorus|Earthquake|p2a: rotomwash
|-immune|p2a: rotomwash|[from] ability: Levitate
|move|p2a: rotomwash|Hydro Pump|p1a: Landorus|[miss]
|-miss|p2a: rotomwash|p1a: Landorus
|
|upkeep
|turn|23
|-message|datshinylatios forfeited.
|
|win|DumbLick1337
|raw|datshinylatios's rating: 1378 &rarr; <strong>1356</strong><br />(-22 for losing)
|raw|DumbLick1337's rating: 1342 &rarr; <strong>1364</strong><br />(+22 for winning)
|c|☆DumbLick1337|gg
|l|☆datshinylatios
