|j|☆itsStalkers
|j|‽testingbot42o
|t:|1641832078
|gametype|singles
|player|p1|itsStalkers|2|1357
|player|p2|testingbot42o|102|1348
|teamsize|p1|6
|teamsize|p2|6
|gen|8
|tier|[Gen 8] OU
|rated|
|rule|Sleep Clause Mod: Limit one foe put to sleep
|rule|Species Clause: Limit one of each Pokémon
|rule|OHKO Clause: OHKO moves are banned
|rule|Evasion Moves Clause: Evasion moves are banned
|rule|Endless Battle Clause: Forcing endless battles is banned
|rule|HP Percentage Mod: HP is shown in percentages
|rule|Dynamax Clause: You cannot dynamax
|clearpoke
|poke|p1|Barraskewda, F|
|poke|p1|Pelipper, F|
|poke|p1|Rillaboom, F|
|poke|p1|Ferrothorn, F|
|poke|p1|Zapdos|
|poke|p1|Blissey, F|
|poke|p2|Clefable, M|
|poke|p2|Corviknight, F|
|poke|p2|Hydreigon, F|
|poke|p2|Rotom-Wash|
|poke|p2|Hippowdon, F|
|poke|p2|Excadrill, F|
|teampreview
|inactive|Battle timer is ON: inactive players will automatically lose when time's up. (requested by testingbot42o)
|
|t:|1641832082
|start
|switch|p1a: Barraskewda|Barraskewda, F|100/100
|switch|p2a: Hippowdon|Hippowdon, F|100/100
|-weather|Sandstorm|[from] ability: Sand Stream|[of] p2a: Hippowdon
|turn|1
|
|t:|1641832087
|move|p1a: Barraskewda|Flip Turn|p2a: Hippowdon
|-supereffective|p2a: Hippowdon
|-damage|p2a: Hippowdon|50/100
|
|t:|1641832092
|switch|p1a: Ferrothorn|Ferrothorn, F|100/100|[from]move: Flip Turn
|move|p2a: Hippowdon|Slack Off|p2a: Hippowdon
|-heal|p2a: Hippowdon|100/100
|
|-weather|Sandstorm|[upkeep]
|upkeep
|turn|2
|
|t:|1641832094
|move|p2a: Hippowdon|Stealth Rock|p1a: Ferrothorn
|-sidestart|p1: itsStalkers|move: Stealth Rock
|move|p1a: Ferrothorn|Leech Seed|p2a: Hippowdon
|-start|p2a: Hippowdon|move: Leech Seed
|
|-weather|Sandstorm|[upkeep]
|-damage|p2a: Hippowdon|88/100|[from] Leech Seed|[of] p1a: Ferrothorn
|upkeep
|turn|3
|
|t:|1641832097
|switch|p2a: Clefable|Clefable, M|100/100
|move|p1a: Ferrothorn|Stealth Rock|p2a: Clefable
|-sidestart|p2: testingbot42o|move: Stealth Rock
|
|-weather|Sandstorm|[upkeep]
|upkeep
|turn|4
|
|t:|1641832100
|move|p2a: Clefable|Flamethrower|p1a: Ferrothorn
|-supereffective|p1a: Ferrothorn
|-damage|p1a: Ferrothorn|0 fnt
|faint|p1a: Ferrothorn
|
|-weather|Sandstorm|[upkeep]
|upkeep
|
|t:|1641832106
|switch|p1a: Blissey|Blissey, F|100/100
|turn|5
|
|t:|1641832109
|move|p2a: Clefable|Thunderbolt|p1a: Blissey
|-damage|p1a: Blissey|90/100
|move|p1a: Blissey|Thunder Wave|p2a: Clefable
|-status|p2a: Clefable|par
|
|-weather|Sandstorm|[upkeep]
|-damage|p1a: Blissey|83/100|[from] Sandstorm
|upkeep
|turn|6
|
|t:|1641832115
|move|p2a: Clefable|Thunderbolt|p1a: Blissey
|-damage|p1a: Blissey|74/100
|move|p1a: Blissey|Teleport|p1a: Blissey
|
|t:|1641832118
|switch|p1a: Pelipper|Pelipper, F|100/100|[from]move: Teleport
|-damage|p1a: Pelipper|75/100|[from] Stealth Rock
|-weather|RainDance|[from] ability: Drizzle|[of] p1a: Pelipper
|
|-weather|RainDance|[upkeep]
|upkeep
|turn|7
|
|t:|1641832123
|switch|p1a: Blissey|Blissey, F|74/100
|move|p2a: Clefable|Thunderbolt|p1a: Blissey
|-damage|p1a: Blissey|63/100
|
|-weather|RainDance|[upkeep]
|upkeep
|turn|8
|
|t:|1641832129
|switch|p2a: Hippowdon|Hippowdon, F|88/100
|-damage|p2a: Hippowdon|82/100|[from] Stealth Rock
|-weather|Sandstorm|[from] ability: Sand Stream|[of] p2a: Hippowdon
|move|p1a: Blissey|Soft-Boiled|p1a: Blissey
|-heal|p1a: Blissey|100/100
|
|-weather|Sandstorm|[upkeep]
|-damage|p1a: Blissey|94/100|[from] Sandstorm
|upkeep
|turn|9
|
|t:|1641832134
|switch|p1a: Zapdos|Zapdos|100/100
|move|p2a: Hippowdon|Slack Off|p2a: Hippowdon
|-heal|p2a: Hippowdon|100/100
|
|-weather|Sandstorm|[upkeep]
|-damage|p1a: Zapdos|94/100|[from] Sandstorm
|upkeep
|turn|10
|
|t:|1641832143
|move|p1a: Zapdos|Weather Ball|p2a: Hippowdon
|-resisted|p2a: Hippowdon
|-damage|p2a: Hippowdon|81/100
|move|p2a: Hippowdon|Slack Off|p2a: Hippowdon
|-heal|p2a: Hippowdon|100/100
|
|-weather|Sandstorm|[upkeep]
|-damage|p1a: Zapdos|88/100|[from] Sandstorm
|upkeep
|turn|11
|
|t:|1641832146
|move|p1a: Zapdos|Weather Ball|p2a: Hippowdon
|-resisted|p2a: Hippowdon
|-damage|p2a: Hippowdon|82/100
|move|p2a: Hippowdon|Slack Off|p2a: Hippowdon
|-heal|p2a: Hippowdon|100/100
|
|-weather|Sandstorm|[upkeep]
|-damage|p1a: Zapdos|82/100|[from] Sandstorm
|upkeep
|turn|12
|
|t:|1641832149
|move|p1a: Zapdos|Weather Ball|p2a: Hippowdon
|-resisted|p2a: Hippowdon
|-damage|p2a: Hippowdon|81/100
|move|p2a: Hippowdon|Slack Off|p2a: Hippowdon
|-heal|p2a: Hippowdon|100/100
|
|-weather|Sandstorm|[upkeep]
|-damage|p1a: Zapdos|76/100|[from] Sandstorm
|upkeep
|turn|13
|
|t:|1641832151
|move|p1a: Zapdos|Weather Ball|p2a: Hippowdon
|-resisted|p2a: Hippowdon
|-damage|p2a: Hippowdon|83/100
|move|p2a: Hippowdon|Slack Off|p2a: Hippowdon
|-heal|p2a: Hippowdon|100/100
|
|-weather|Sandstorm|[upkeep]
|-damage|p1a: Zapdos|69/100|[from] Sandstorm
|upkeep
|turn|14
|
|t:|1641832155
|move|p1a: Zapdos|Roost|p1a: Zapdos
|-heal|p1a: Zapdos|100/100
|-singleturn|p1a: Zapdos|move: Roost
|move|p2a: Hippowdon|Slack Off||[still]
|-fail|p2a: Hippowdon|heal
|
|-weather|Sandstorm|[upkeep]
|-damage|p1a: Zapdos|94/100|[from] Sandstorm
|upkeep
|turn|15
|
|t:|1641832157
|move|p1a: Zapdos|Weather Ball|p2a: Hippowdon
|-resisted|p2a: Hippowdon
|-damage|p2a: Hippowdon|83/100
|move|p2a: Hippowdon|Slack Off|p2a: Hippowdon
|-heal|p2a: Hippowdon|100/100
|
|-weather|none
|upkeep
|turn|16
|
|t:|1641832162
|move|p1a: Zapdos|Weather Ball|p2a: Hippowdon
|-damage|p2a: Hippowdon|83/100
|move|p2a: Hippowdon|Slack Off|p2a: Hippowdon
|-heal|p2a: Hippowdon|100/100
|
|upkeep
|turn|17
|
|t:|1641832164
|move|p1a: Zapdos|Weather Ball|p2a: Hippowdon
|-damage|p2a: Hippowdon|83/100
|move|p2a: Hippowdon|Slack Off|p2a: Hippowdon
|-heal|p2a: Hippowdon|100/100
|
|upkeep
|turn|18
|
|t:|1641832167
|move|p1a: Zapdos|Hurricane|p2a: Hippowdon
|-damage|p2a: Hippowdon|45/100
|-start|p2a: Hippowdon|confusion
|-activate|p2a: Hippowdon|confusion
|move|p2a: Hippowdon|Slack Off|p2a: Hippowdon
|-heal|p2a: Hippowdon|95/100
|
|upkeep
|turn|19
|
|t:|1641832171
|move|p1a: Zapdos|Hurricane|p2a: Hippowdon
|-damage|p2a: Hippowdon|34/100
|-activate|p2a: Hippowdon|confusion
|move|p2a: Hippowdon|Slack Off|p2a: Hippowdon
|-heal|p2a: Hippowdon|84/100
|
|upkeep
|turn|20
|
|t:|1641832173
|move|p1a: Zapdos|Hurricane|p2a: Hippowdon|[miss]
|-miss|p1a: Zapdos|p2a: Hippowdon
|-activate|p2a: Hippowdon|confusion
|move|p2a: Hippowdon|Slack Off|p2a: Hippowdon
|-heal|p2a: Hippowdon|100/100
|
|upkeep
|turn|21
|
|t:|1641832176
|move|p1a: Zapdos|Hurricane|p2a: Hippowdon|[miss]
|-miss|p1a: Zapdos|p2a: Hippowdon
|-activate|p2a: Hippowdon|confusion
|-damage|p2a: Hippowdon|95/100|[from] confusion
|
|upkeep
|turn|22
|
|t:|1641832178
|move|p1a: Zapdos|Hurricane|p2a: Hippowdon
|-damage|p2a: Hippowdon|34/100
|-end|p2a: Hippowdon|confusion
|move|p2a: Hippowdon|Slack Off|p2a: Hippowdon
|-heal|p2a: Hippowdon|84/100
|
|upkeep
|turn|23
|
|t:|1641832181
|move|p1a: Zapdos|Hurricane|p2a: Hippowdon|[miss]
|-miss|p1a: Zapdos|p2a: Hippowdon
|move|p2a: Hippowdon|Slack Off|p2a: Hippowdon
|-heal|p2a: Hippowdon|100/100
|
|upkeep
|turn|24
|
|t:|1641832183
|move|p1a: Zapdos|Hurricane|p2a: Hippowdon
|-crit|p2a: Hippowdon
|-damage|p2a: Hippowdon|17/100
|-start|p2a: Hippowdon|confusion
|-activate|p2a: Hippowdon|confusion
|-damage|p2a: Hippowdon|11/100|[from] confusion
|
|upkeep
|turn|25
|
|t:|1641832188
|move|p1a: Zapdos|Hurricane|p2a: Hippowdon
|-damage|p2a: Hippowdon|0 fnt
|faint|p2a: Hippowdon
|
|upkeep
|
|t:|1641832189
|switch|p2a: Hydreigon|Hydreigon, F|100/100
|-damage|p2a: Hydreigon|88/100|[from] Stealth Rock
|turn|26
|c|☆itsStalkers|!stats hydreigon
|raw|<div class="message"><ul class="utilichart"><li class="result"><span class="col numcol">UU</span> <span class="col iconcol"><psicon pokemon="hydreigon"/></span> <span class="col pokemonnamecol" style="white-space:nowrap"><a href="https://dex.pokemonshowdown.com/pokemon/hydreigon" target="_blank">Hydreigon</a></span> <span class="col typecol"><img src="https://play.pokemonshowdown.com/sprites/types/Dark.png" alt="Dark" height="14" width="32"><img src="https://play.pokemonshowdown.com/sprites/types/Dragon.png" alt="Dragon" height="14" width="32"></span> <span style="float:left;min-height:26px"><span class="col abilitycol">Levitate</span><span class="col abilitycol"></span></span><span style="float:left;min-height:26px"><span class="col statcol"><em>HP</em><br />92</span> <span class="col statcol"><em>Atk</em><br />105</span> <span class="col statcol"><em>Def</em><br />90</span> <span class="col statcol"><em>SpA</em><br />125</span> <span class="col statcol"><em>SpD</em><br />90</span> <span class="col statcol"><em>Spe</em><br />98</span> <span class="col bstcol"><em>BST<br />600</em></span> </span></li><li style="clear:both"></li></ul></div>

|
|t:|1641832204
|switch|p1a: Blissey|Blissey, F|94/100
|move|p2a: Hydreigon|Dark Pulse|p1a: Blissey
|-damage|p1a: Blissey|83/100
|
|-heal|p2a: Hydreigon|94/100|[from] item: Leftovers
|upkeep
|turn|27
|
|t:|1641832207
|move|p2a: Hydreigon|Dark Pulse|p1a: Blissey
|-damage|p1a: Blissey|72/100
|move|p1a: Blissey|Thunder Wave|p2a: Hydreigon
|-status|p2a: Hydreigon|par
|
|-heal|p2a: Hydreigon|100/100 par|[from] item: Leftovers
|upkeep
|turn|28
|
|t:|1641832210
|cant|p2a: Hydreigon|par
|move|p1a: Blissey|Teleport|p1a: Blissey
|
|t:|1641832213
|switch|p1a: Pelipper|Pelipper, F|75/100|[from]move: Teleport
|-damage|p1a: Pelipper|50/100|[from] Stealth Rock
|-weather|RainDance|[from] ability: Drizzle|[of] p1a: Pelipper
|
|-weather|RainDance|[upkeep]
|upkeep
|turn|29
|
|t:|1641832216
|move|p1a: Pelipper|Roost|p1a: Pelipper
|-heal|p1a: Pelipper|100/100
|-singleturn|p1a: Pelipper|move: Roost
|move|p2a: Hydreigon|Dark Pulse|p1a: Pelipper
|-damage|p1a: Pelipper|48/100
|
|-weather|RainDance|[upkeep]
|upkeep
|turn|30
|
|t:|1641832218
|move|p1a: Pelipper|Roost|p1a: Pelipper
|-heal|p1a: Pelipper|98/100
|-singleturn|p1a: Pelipper|move: Roost
|move|p2a: Hydreigon|Dark Pulse|p1a: Pelipper
|-crit|p1a: Pelipper
|-damage|p1a: Pelipper|9/100
|
|-weather|RainDance|[upkeep]
|upkeep
|turn|31
|
|t:|1641832221
|move|p1a: Pelipper|Roost|p1a: Pelipper
|-heal|p1a: Pelipper|59/100
|-singleturn|p1a: Pelipper|move: Roost
|cant|p2a: Hydreigon|par
|
|-weather|RainDance|[upkeep]
|upkeep
|turn|32
|
|t:|1641832224
|move|p1a: Pelipper|Roost|p1a: Pelipper
|-heal|p1a: Pelipper|100/100
|-singleturn|p1a: Pelipper|move: Roost
|move|p2a: Hydreigon|Substitute|p2a: Hydreigon
|-start|p2a: Hydreigon|Substitute
|-damage|p2a: Hydreigon|76/100 par
|
|-weather|RainDance|[upkeep]
|-heal|p2a: Hydreigon|82/100 par|[from] item: Leftovers
|upkeep
|turn|33
|
|t:|1641832227
|move|p1a: Pelipper|Hurricane|p2a: Hydreigon
|-end|p2a: Hydreigon|Substitute
|move|p2a: Hydreigon|Dark Pulse|p1a: Pelipper
|-damage|p1a: Pelipper|44/100
|
|-weather|RainDance|[upkeep]
|-heal|p2a: Hydreigon|88/100 par|[from] item: Leftovers
|upkeep
|turn|34
|
|t:|1641832231
|move|p1a: Pelipper|Roost|p1a: Pelipper
|-heal|p1a: Pelipper|94/100
|-singleturn|p1a: Pelipper|move: Roost
|move|p2a: Hydreigon|Dark Pulse|p1a: Pelipper
|-crit|p1a: Pelipper
|-damage|p1a: Pelipper|3/100
|
|-weather|RainDance|[upkeep]
|-heal|p2a: Hydreigon|94/100 par|[from] item: Leftovers
|upkeep
|turn|35
|
|t:|1641832233
|move|p1a: Pelipper|Roost|p1a: Pelipper
|-heal|p1a: Pelipper|53/100
|-singleturn|p1a: Pelipper|move: Roost
|cant|p2a: Hydreigon|par
|
|-weather|none
|-heal|p2a: Hydreigon|99/100 par|[from] item: Leftovers
|upkeep
|turn|36
|
|t:|1641832236
|move|p1a: Pelipper|Hurricane|p2a: Hydreigon
|-damage|p2a: Hydreigon|43/100 par
|move|p2a: Hydreigon|Dark Pulse|p1a: Pelipper
|-damage|p1a: Pelipper|0 fnt
|faint|p1a: Pelipper
|
|-heal|p2a: Hydreigon|49/100 par|[from] item: Leftovers
|upkeep
|
|t:|1641832241
|switch|p1a: Barraskewda|Barraskewda, F|100/100
|-damage|p1a: Barraskewda|88/100|[from] Stealth Rock
|turn|37
|
|t:|1641832246
|move|p1a: Barraskewda|Liquidation|p2a: Hydreigon
|-resisted|p2a: Hydreigon
|-damage|p2a: Hydreigon|11/100 par
|cant|p2a: Hydreigon|par
|
|-heal|p2a: Hydreigon|17/100 par|[from] item: Leftovers
|upkeep
|turn|38
|
|t:|1641832249
|switch|p2a: Rotom|Rotom-Wash|100/100
|-damage|p2a: Rotom|88/100|[from] Stealth Rock
|move|p1a: Barraskewda|Liquidation|p2a: Rotom
|-resisted|p2a: Rotom
|-damage|p2a: Rotom|39/100
|
|upkeep
|turn|39
|
|t:|1641832252
|move|p2a: Rotom|Volt Switch|p1a: Barraskewda
|-supereffective|p1a: Barraskewda
|-damage|p1a: Barraskewda|0 fnt
|faint|p1a: Barraskewda
|
|t:|1641832252
|switch|p2a: Clefable|Clefable, M|100/100 par|[from]move: Volt Switch
|
|upkeep
|
|t:|1641832258
|switch|p1a: Rillaboom|Rillaboom, F|100/100
|-damage|p1a: Rillaboom|88/100|[from] Stealth Rock
|-fieldstart|move: Grassy Terrain|[from] ability: Grassy Surge|[of] p1a: Rillaboom
|turn|40
|
|t:|1641832268
|switch|p1a: Blissey|Blissey, F|72/100
|switch|p2a: Hydreigon|Hydreigon, F|17/100 par
|-damage|p2a: Hydreigon|4/100 par|[from] Stealth Rock
|
|-heal|p2a: Hydreigon|11/100 par|[from] item: Leftovers
|-heal|p1a: Blissey|78/100|[from] Grassy Terrain
|upkeep
|turn|41
|
|t:|1641832271
|switch|p2a: Corviknight|Corviknight, F|100/100
|-damage|p2a: Corviknight|88/100|[from] Stealth Rock
|-ability|p2a: Corviknight|Pressure
|move|p1a: Blissey|Seismic Toss|p2a: Corviknight
|-damage|p2a: Corviknight|63/100
|
|-heal|p2a: Corviknight|69/100|[from] item: Leftovers
|-heal|p1a: Blissey|84/100|[from] Grassy Terrain
|upkeep
|turn|42
|
|t:|1641832273
|move|p2a: Corviknight|Bulk Up|p2a: Corviknight
|-boost|p2a: Corviknight|atk|1
|-boost|p2a: Corviknight|def|1
|move|p1a: Blissey|Thunder Wave|p2a: Corviknight
|-status|p2a: Corviknight|par
|
|-heal|p1a: Blissey|90/100|[from] Grassy Terrain
|-heal|p2a: Corviknight|75/100 par|[from] item: Leftovers
|upkeep
|turn|43
|
|t:|1641832276
|move|p1a: Blissey|Seismic Toss|p2a: Corviknight
|-damage|p2a: Corviknight|50/100 par
|move|p2a: Corviknight|Bulk Up|p2a: Corviknight
|-boost|p2a: Corviknight|atk|1
|-boost|p2a: Corviknight|def|1
|
|-heal|p1a: Blissey|97/100|[from] Grassy Terrain
|-heal|p2a: Corviknight|57/100 par|[from] item: Leftovers
|upkeep
|turn|44
|
|t:|1641832281
|move|p1a: Blissey|Seismic Toss|p2a: Corviknight
|-damage|p2a: Corviknight|32/100 par
|move|p2a: Corviknight|Substitute|p2a: Corviknight
|-start|p2a: Corviknight|Substitute
|-damage|p2a: Corviknight|7/100 par
|
|-heal|p1a: Blissey|100/100|[from] Grassy Terrain
|-heal|p2a: Corviknight|13/100 par|[from] item: Leftovers
|-fieldend|move: Grassy Terrain
|upkeep
|turn|45
|
|t:|1641832283
|move|p1a: Blissey|Seismic Toss|p2a: Corviknight
|-end|p2a: Corviknight|Substitute
|move|p2a: Corviknight|Roost|p2a: Corviknight
|-heal|p2a: Corviknight|63/100 par
|-singleturn|p2a: Corviknight|move: Roost
|
|-heal|p2a: Corviknight|69/100 par|[from] item: Leftovers
|upkeep
|turn|46
|
|t:|1641832286
|move|p1a: Blissey|Seismic Toss|p2a: Corviknight
|-damage|p2a: Corviknight|44/100 par
|move|p2a: Corviknight|Substitute|p2a: Corviknight
|-start|p2a: Corviknight|Substitute
|-damage|p2a: Corviknight|19/100 par
|
|-heal|p2a: Corviknight|25/100 par|[from] item: Leftovers
|upkeep
|turn|47
|
|t:|1641832288
|move|p1a: Blissey|Seismic Toss|p2a: Corviknight
|-end|p2a: Corviknight|Substitute
|move|p2a: Corviknight|Roost|p2a: Corviknight
|-heal|p2a: Corviknight|75/100 par
|-singleturn|p2a: Corviknight|move: Roost
|
|-heal|p2a: Corviknight|82/100 par|[from] item: Leftovers
|upkeep
|turn|48
|
|t:|1641832290
|move|p1a: Blissey|Seismic Toss|p2a: Corviknight
|-damage|p2a: Corviknight|57/100 par
|move|p2a: Corviknight|Substitute|p2a: Corviknight
|-start|p2a: Corviknight|Substitute
|-damage|p2a: Corviknight|32/100 par
|
|-heal|p2a: Corviknight|38/100 par|[from] item: Leftovers
|upkeep
|turn|49
|
|t:|1641832293
|move|p1a: Blissey|Seismic Toss|p2a: Corviknight
|-end|p2a: Corviknight|Substitute
|move|p2a: Corviknight|Roost|p2a: Corviknight
|-heal|p2a: Corviknight|88/100 par
|-singleturn|p2a: Corviknight|move: Roost
|
|-heal|p2a: Corviknight|94/100 par|[from] item: Leftovers
|upkeep
|turn|50
|
|t:|1641832294
|move|p1a: Blissey|Seismic Toss|p2a: Corviknight
|-damage|p2a: Corviknight|69/100 par
|cant|p2a: Corviknight|par
|
|-heal|p2a: Corviknight|75/100 par|[from] item: Leftovers
|upkeep
|turn|51
|
|t:|1641832296
|move|p1a: Blissey|Seismic Toss|p2a: Corviknight
|-damage|p2a: Corviknight|50/100 par
|cant|p2a: Corviknight|par
|
|-heal|p2a: Corviknight|57/100 par|[from] item: Leftovers
|upkeep
|turn|52
|
|t:|1641832298
|move|p1a: Blissey|Seismic Toss|p2a: Corviknight
|-damage|p2a: Corviknight|32/100 par
|move|p2a: Corviknight|Substitute|p2a: Corviknight
|-start|p2a: Corviknight|Substitute
|-damage|p2a: Corviknight|7/100 par
|
|-heal|p2a: Corviknight|13/100 par|[from] item: Leftovers
|upkeep
|turn|53
|
|t:|1641832300
|move|p1a: Blissey|Seismic Toss|p2a: Corviknight
|-end|p2a: Corviknight|Substitute
|cant|p2a: Corviknight|par
|
|-heal|p2a: Corviknight|19/100 par|[from] item: Leftovers
|upkeep
|turn|54
|
|t:|1641832301
|switch|p2a: Hydreigon|Hydreigon, F|11/100 par
|-damage|p2a: Hydreigon|0 fnt|[from] Stealth Rock
|faint|p2a: Hydreigon
|move|p1a: Blissey|Seismic Toss|p2: Hydreigon|[notarget]
|-fail|p1a: Blissey
|
|upkeep
|
|t:|1641832302
|switch|p2a: Excadrill|Excadrill, F|100/100
|-damage|p2a: Excadrill|97/100|[from] Stealth Rock
|turn|55
|
|t:|1641832315
|switch|p1a: Zapdos|Zapdos|94/100
|move|p2a: Excadrill|Iron Head|p1a: Zapdos
|-resisted|p1a: Zapdos
|-damage|p1a: Zapdos|60/100
|-damage|p2a: Excadrill|87/100|[from] item: Life Orb
|
|upkeep
|turn|56
|
|t:|1641832319
|move|p1a: Zapdos|Roost|p1a: Zapdos
|-heal|p1a: Zapdos|100/100
|-singleturn|p1a: Zapdos|move: Roost
|move|p2a: Excadrill|Rock Slide|p1a: Zapdos|[miss]
|-miss|p2a: Excadrill|p1a: Zapdos
|
|upkeep
|turn|57
|
|t:|1641832330
|switch|p1a: Rillaboom|Rillaboom, F|88/100
|-damage|p1a: Rillaboom|76/100|[from] Stealth Rock
|-fieldstart|move: Grassy Terrain|[from] ability: Grassy Surge|[of] p1a: Rillaboom
|switch|p2a: Corviknight|Corviknight, F|19/100 par
|-damage|p2a: Corviknight|7/100 par|[from] Stealth Rock
|-ability|p2a: Corviknight|Pressure
|
|-heal|p1a: Rillaboom|82/100|[from] Grassy Terrain
|-heal|p2a: Corviknight|13/100 par|[from] item: Leftovers
|upkeep
|turn|58
|
|t:|1641832340
|move|p1a: Rillaboom|Grassy Glide|p2a: Corviknight
|-resisted|p2a: Corviknight
|-damage|p2a: Corviknight|0 fnt
|faint|p2a: Corviknight
|-damage|p1a: Rillaboom|72/100|[from] item: Life Orb
|
|-heal|p1a: Rillaboom|78/100|[from] Grassy Terrain
|upkeep
|
|t:|1641832340
|switch|p2a: Clefable|Clefable, M|100/100 par
|turn|59
|
|t:|1641832344
|switch|p1a: Blissey|Blissey, F|100/100
|move|p2a: Clefable|Flamethrower|p1a: Blissey
|-damage|p1a: Blissey|90/100
|
|-heal|p1a: Blissey|96/100|[from] Grassy Terrain
|upkeep
|turn|60
|
|t:|1641832347
|move|p2a: Clefable|Moonblast|p1a: Blissey
|-damage|p1a: Blissey|81/100
|move|p1a: Blissey|Teleport|p1a: Blissey
|
|t:|1641832350
|switch|p1a: Rillaboom|Rillaboom, F|78/100|[from]move: Teleport
|-damage|p1a: Rillaboom|66/100|[from] Stealth Rock
|
|-heal|p1a: Rillaboom|72/100|[from] Grassy Terrain
|upkeep
|turn|61
|
|t:|1641832352
|switch|p1a: Blissey|Blissey, F|81/100
|move|p2a: Clefable|Flamethrower|p1a: Blissey
|-damage|p1a: Blissey|70/100
|
|-heal|p1a: Blissey|77/100|[from] Grassy Terrain
|-fieldend|move: Grassy Terrain
|upkeep
|turn|62
|
|t:|1641832355
|move|p1a: Blissey|Seismic Toss|p2a: Clefable
|-damage|p2a: Clefable|72/100 par
|move|p2a: Clefable|Thunderbolt|p1a: Blissey
|-crit|p1a: Blissey
|-damage|p1a: Blissey|60/100
|
|upkeep
|turn|63
|
|t:|1641832358
|move|p1a: Blissey|Seismic Toss|p2a: Clefable
|-damage|p2a: Clefable|43/100 par
|move|p2a: Clefable|Moonblast|p1a: Blissey
|-damage|p1a: Blissey|44/100
|-unboost|p1a: Blissey|spa|1
|
|upkeep
|turn|64
|
|t:|1641832362
|move|p1a: Blissey|Soft-Boiled|p1a: Blissey
|-heal|p1a: Blissey|94/100
|move|p2a: Clefable|Moonlight|p2a: Clefable
|-heal|p2a: Clefable|93/100 par
|
|upkeep
|turn|65
|
|t:|1641832365
|move|p1a: Blissey|Seismic Toss|p2a: Clefable
|-damage|p2a: Clefable|65/100 par
|move|p2a: Clefable|Thunderbolt|p1a: Blissey
|-damage|p1a: Blissey|83/100
|
|upkeep
|turn|66
|
|t:|1641832368
|move|p1a: Blissey|Seismic Toss|p2a: Clefable
|-damage|p2a: Clefable|36/100 par
|move|p2a: Clefable|Flamethrower|p1a: Blissey
|-damage|p1a: Blissey|74/100
|
|upkeep
|turn|67
|
|t:|1641832370
|move|p1a: Blissey|Seismic Toss|p2a: Clefable
|-damage|p2a: Clefable|8/100 par
|move|p2a: Clefable|Moonlight|p2a: Clefable
|-heal|p2a: Clefable|58/100 par
|
|upkeep
|turn|68
|
|t:|1641832372
|move|p1a: Blissey|Seismic Toss|p2a: Clefable
|-damage|p2a: Clefable|29/100 par
|cant|p2a: Clefable|par
|
|upkeep
|turn|69
|
|t:|1641832374
|move|p1a: Blissey|Seismic Toss|p2a: Clefable
|-damage|p2a: Clefable|0 fnt
|faint|p2a: Clefable
|
|upkeep
|
|t:|1641832374
|switch|p2a: Excadrill|Excadrill, F|87/100
|-damage|p2a: Excadrill|84/100|[from] Stealth Rock
|turn|70
|
|t:|1641832379
|move|p2a: Excadrill|Rock Slide|p1a: Blissey
|-damage|p1a: Blissey|1/100
|-damage|p2a: Excadrill|74/100|[from] item: Life Orb
|cant|p1a: Blissey|flinch
|
|upkeep
|turn|71
|
|t:|1641832384
|move|p2a: Excadrill|Rock Slide|p1a: Blissey
|-damage|p1a: Blissey|0 fnt
|faint|p1a: Blissey
|-damage|p2a: Excadrill|64/100|[from] item: Life Orb
|
|upkeep
|
|t:|1641832385
|switch|p1a: Rillaboom|Rillaboom, F|72/100
|-damage|p1a: Rillaboom|60/100|[from] Stealth Rock
|-fieldstart|move: Grassy Terrain|[from] ability: Grassy Surge|[of] p1a: Rillaboom
|turn|72
|
|t:|1641832387
|switch|p2a: Rotom|Rotom-Wash|39/100
|-damage|p2a: Rotom|27/100|[from] Stealth Rock
|move|p1a: Rillaboom|Grassy Glide|p2a: Rotom
|-supereffective|p2a: Rotom
|-damage|p2a: Rotom|0 fnt
|faint|p2a: Rotom
|-damage|p1a: Rillaboom|50/100|[from] item: Life Orb
|
|-heal|p1a: Rillaboom|56/100|[from] Grassy Terrain
|upkeep
|
|t:|1641832387
|switch|p2a: Excadrill|Excadrill, F|64/100
|-damage|p2a: Excadrill|61/100|[from] Stealth Rock
|turn|73
|
|t:|1641832389
|move|p1a: Rillaboom|Grassy Glide|p2a: Excadrill
|-damage|p2a: Excadrill|0 fnt
|faint|p2a: Excadrill
|-damage|p1a: Rillaboom|46/100|[from] item: Life Orb
|
|win|itsStalkers
|raw|itsStalkers's rating: 1357 &rarr; <strong>1376</strong><br />(+19 for winning)
|raw|testingbot42o's rating: 1348 &rarr; <strong>1329</strong><br />(-19 for losing)
|l|‽testingbot42o
