|j|☆Shea6045
|j|☆DoodlesHungry
|t:|1641703283
|gametype|singles
|player|p1|Shea6045|riley|1341
|player|p2|DoodlesHungry|scientist-gen3|1312
|teamsize|p1|6
|teamsize|p2|6
|gen|8
|tier|[Gen 8] OU
|rated|
|rule|Sleep Clause Mod: Limit one foe put to sleep
|rule|Species Clause: Limit one of each Pokémon
|rule|OHKO Clause: OHKO moves are banned
|rule|Evasion Moves Clause: Evasion moves are banned
|rule|Endless Battle Clause: Forcing endless battles is banned
|rule|HP Percentage Mod: HP is shown in percentages
|rule|Dynamax Clause: You cannot dynamax
|clearpoke
|poke|p1|Tapu Lele|
|poke|p1|Alakazam, M|
|poke|p1|Moltres-Galar|
|poke|p1|Landorus-Therian, M|
|poke|p1|Ferrothorn, M|
|poke|p1|Toxapex, M|
|poke|p2|Dragonite, M|
|poke|p2|Togekiss, M|
|poke|p2|Kartana|
|poke|p2|Volcarona, F|
|poke|p2|Landorus-Therian, M|
|poke|p2|Zeraora|
|teampreview
|inactive|Battle timer is ON: inactive players will automatically lose when time's up. (requested by DoodlesHungry)
|
|t:|1641703293
|start
|switch|p1a: Ferrothorn|Ferrothorn, M, shiny|100/100
|switch|p2a: Landorus|Landorus-Therian, M|100/100
|-ability|p2a: Landorus|Intimidate|boost
|-unboost|p1a: Ferrothorn|atk|1
|turn|1
|
|t:|1641703301
|move|p2a: Landorus|Earthquake|p1a: Ferrothorn
|-damage|p1a: Ferrothorn|61/100
|move|p1a: Ferrothorn|Knock Off|p2a: Landorus
|-damage|p2a: Landorus|87/100
|-enditem|p2a: Landorus|Leftovers|[from] move: Knock Off|[of] p1a: Ferrothorn
|
|-heal|p1a: Ferrothorn|67/100|[from] item: Leftovers
|upkeep
|turn|2
|
|t:|1641703307
|switch|p2a: Zeraora|Zeraora|100/100
|move|p1a: Ferrothorn|Leech Seed|p2a: Zeraora|[miss]
|-miss|p1a: Ferrothorn|p2a: Zeraora
|
|-heal|p1a: Ferrothorn|73/100|[from] item: Leftovers
|upkeep
|turn|3
|
|t:|1641703311
|move|p2a: Zeraora|Blaze Kick|p1a: Ferrothorn
|-supereffective|p1a: Ferrothorn
|-damage|p1a: Ferrothorn|0 fnt
|-damage|p2a: Zeraora|88/100|[from] ability: Iron Barbs|[of] p1a: Ferrothorn
|faint|p1a: Ferrothorn
|
|upkeep
|
|t:|1641703314
|switch|p1a: Landorus|Landorus-Therian, M|100/100
|-ability|p1a: Landorus|Intimidate|boost
|-unboost|p2a: Zeraora|atk|1
|turn|4
|
|t:|1641703316
|switch|p2a: Landorus|Landorus-Therian, M|87/100
|-ability|p2a: Landorus|Intimidate|boost
|-unboost|p1a: Landorus|atk|1
|move|p1a: Landorus|U-turn|p2a: Landorus
|-resisted|p2a: Landorus
|-damage|p2a: Landorus|79/100
|
|t:|1641703318
|switch|p1a: Tapu Lele|Tapu Lele, shiny|100/100|[from]move: U-turn
|-fieldstart|move: Psychic Terrain|[from] ability: Psychic Surge|[of] p1a: Tapu Lele
|
|upkeep
|turn|5
|
|t:|1641703327
|move|p1a: Tapu Lele|Psychic|p2a: Landorus
|-damage|p2a: Landorus|0 fnt
|faint|p2a: Landorus
|
|upkeep
|
|t:|1641703341
|switch|p2a: Togekiss|Togekiss, M|100/100
|turn|6
|
|t:|1641703343
|move|p1a: Tapu Lele|Psychic|p2a: Togekiss
|-damage|p2a: Togekiss|42/100
|move|p2a: Togekiss|Thunder Wave|p1a: Tapu Lele
|-status|p1a: Tapu Lele|par
|
|-heal|p2a: Togekiss|48/100|[from] item: Leftovers
|upkeep
|turn|7
|
|t:|1641703349
|switch|p1a: Alakazam|Alakazam, M, shiny|100/100
|move|p2a: Togekiss|Air Slash|p1a: Alakazam
|-crit|p1a: Alakazam
|-damage|p1a: Alakazam|42/100
|
|-heal|p2a: Togekiss|54/100|[from] item: Leftovers
|upkeep
|turn|8
|
|t:|1641703364
|switch|p2a: Dragonite|Dragonite, M|100/100
|move|p1a: Alakazam|Expanding Force|p2a: Dragonite
|-damage|p2a: Dragonite|53/100
|
|-fieldend|move: Psychic Terrain
|upkeep
|turn|9
|
|t:|1641703369
|switch|p1a: Tapu Lele|Tapu Lele, shiny|100/100 par
|-fieldstart|move: Psychic Terrain|[from] ability: Psychic Surge|[of] p1a: Tapu Lele
|move|p2a: Dragonite|Dragon Dance|p2a: Dragonite
|-boost|p2a: Dragonite|atk|1
|-boost|p2a: Dragonite|spe|1
|
|upkeep
|turn|10
|
|t:|1641703372
|move|p2a: Dragonite|Dual Wingbeat|p1a: Tapu Lele
|-damage|p1a: Tapu Lele|47/100 par
|-damage|p1a: Tapu Lele|0 fnt
|faint|p1a: Tapu Lele
|-hitcount|p1: Tapu Lele|2
|
|upkeep
|
|t:|1641703376
|switch|p1a: Toxapex|Toxapex, M, shiny|100/100
|turn|11
|
|t:|1641703379
|move|p2a: Dragonite|Earthquake|p1a: Toxapex
|-supereffective|p1a: Toxapex
|-damage|p1a: Toxapex|37/100
|-enditem|p1a: Toxapex|Eject Button
|
|t:|1641703382
|switch|p1a: Moltres|Moltres-Galar|100/100
|
|upkeep
|turn|12
|
|t:|1641703385
|move|p2a: Dragonite|Dual Wingbeat|p1a: Moltres
|-damage|p1a: Moltres|70/100
|-damage|p1a: Moltres|39/100
|-hitcount|p1a: Moltres|2
|-ability|p1a: Moltres|Berserk|boost
|-boost|p1a: Moltres|spa|1
|move|p1a: Moltres|Agility|p1a: Moltres
|-boost|p1a: Moltres|spe|2
|
|upkeep
|turn|13
|
|t:|1641703390
|move|p1a: Moltres|Fiery Wrath|p2a: Dragonite
|-damage|p2a: Dragonite|0 fnt
|faint|p2a: Dragonite
|
|-fieldend|move: Psychic Terrain
|upkeep
|
|t:|1641703404
|switch|p2a: Togekiss|Togekiss, M|54/100
|turn|14
|
|t:|1641703411
|move|p1a: Moltres|Air Slash|p2a: Togekiss
|-damage|p2a: Togekiss|19/100
|move|p2a: Togekiss|Roost|p2a: Togekiss
|-heal|p2a: Togekiss|69/100
|-singleturn|p2a: Togekiss|move: Roost
|
|-heal|p2a: Togekiss|75/100|[from] item: Leftovers
|upkeep
|turn|15
|
|t:|1641703415
|move|p1a: Moltres|Air Slash|p2a: Togekiss
|-damage|p2a: Togekiss|41/100
|move|p2a: Togekiss|Thunder Wave|p1a: Moltres
|-status|p1a: Moltres|par
|
|-heal|p2a: Togekiss|47/100|[from] item: Leftovers
|upkeep
|turn|16
|
|t:|1641703419
|move|p1a: Moltres|Air Slash|p2a: Togekiss|[miss]
|-miss|p1a: Moltres|p2a: Togekiss
|move|p2a: Togekiss|Roost|p2a: Togekiss
|-heal|p2a: Togekiss|97/100
|-singleturn|p2a: Togekiss|move: Roost
|
|-heal|p2a: Togekiss|100/100|[from] item: Leftovers
|upkeep
|turn|17
|-message|Shea6045 forfeited.
|
|win|DoodlesHungry
|raw|Shea6045's rating: 1341 &rarr; <strong>1319</strong><br />(-22 for losing)
|raw|DoodlesHungry's rating: 1312 &rarr; <strong>1334</strong><br />(+22 for winning)
|l|☆Shea6045
|c|☆DoodlesHungry|thats rough
