|j|☆Banhmipate
|j|☆Diavolo_Crison
|t:|1641817830
|gametype|singles
|player|p1|Banhmipate|sage|1583
|player|p2|Diavolo_Crison|1|1587
|teamsize|p1|6
|teamsize|p2|6
|gen|8
|tier|[Gen 8] OU
|rated|
|rule|Sleep Clause Mod: Limit one foe put to sleep
|rule|Species Clause: Limit one of each Pokémon
|rule|OHKO Clause: OHKO moves are banned
|rule|Evasion Moves Clause: Evasion moves are banned
|rule|Endless Battle Clause: Forcing endless battles is banned
|rule|HP Percentage Mod: HP is shown in percentages
|rule|Dynamax Clause: You cannot dynamax
|clearpoke
|poke|p1|Seismitoad, F|
|poke|p1|Hawlucha, F|
|poke|p1|Corviknight, M|
|poke|p1|Tapu Koko|
|poke|p1|Kartana|
|poke|p1|Mew|
|poke|p2|Jirachi|
|poke|p2|Regieleki|
|poke|p2|Dragonite, M|
|poke|p2|Garchomp, M|
|poke|p2|Volcarona, M|
|poke|p2|Bisharp, F|
|teampreview
|
|t:|1641817835
|start
|switch|p1a: Tapu Koko|Tapu Koko|100/100
|switch|p2a: Regieleki|Regieleki|100/100
|-fieldstart|move: Electric Terrain|[from] ability: Electric Surge|[of] p1a: Tapu Koko
|turn|1
|
|t:|1641817840
|switch|p2a: Jirachi|Jirachi|100/100
|switch|p1a: Seismitoad|Seismitoad, F|100/100
|
|upkeep
|turn|2
|inactive|Battle timer is ON: inactive players will automatically lose when time's up. (requested by Banhmipate)
|
|t:|1641817844
|move|p2a: Jirachi|Trick|p1a: Seismitoad
|-activate|p2a: Jirachi|move: Trick|[of] p1a: Seismitoad
|-item|p1a: Seismitoad|Ring Target|[from] move: Trick
|-item|p2a: Jirachi|Leftovers|[from] move: Trick
|move|p1a: Seismitoad|Earth Power|p2a: Jirachi
|-supereffective|p2a: Jirachi
|-damage|p2a: Jirachi|48/100
|
|-heal|p2a: Jirachi|54/100|[from] item: Leftovers
|upkeep
|turn|3
|
|t:|1641817851
|move|p2a: Jirachi|Stealth Rock|p1a: Seismitoad
|-sidestart|p1: Banhmipate|move: Stealth Rock
|move|p1a: Seismitoad|Earth Power|p2a: Jirachi
|-supereffective|p2a: Jirachi
|-damage|p2a: Jirachi|0 fnt
|faint|p2a: Jirachi
|
|upkeep
|
|t:|1641817853
|switch|p2a: Regieleki|Regieleki|100/100
|turn|4
|
|t:|1641817860
|move|p2a: Regieleki|Thunderbolt|p1a: Seismitoad
|-supereffective|p1a: Seismitoad
|-damage|p1a: Seismitoad|0 fnt
|faint|p1a: Seismitoad
|
|upkeep
|
|t:|1641817870
|switch|p1a: Hawlucha|Hawlucha, F|100/100
|-damage|p1a: Hawlucha|88/100|[from] Stealth Rock
|-enditem|p1a: Hawlucha|Electric Seed
|-boost|p1a: Hawlucha|def|1|[from] item: Electric Seed
|turn|5
|
|t:|1641817873
|switch|p2a: Dragonite|Dragonite, M|100/100
|move|p1a: Hawlucha|Close Combat|p2a: Dragonite
|-resisted|p2a: Dragonite
|-damage|p2a: Dragonite|86/100
|-unboost|p1a: Hawlucha|def|1
|-unboost|p1a: Hawlucha|spd|1
|
|-fieldend|move: Electric Terrain
|upkeep
|turn|6
|
|t:|1641817878
|move|p1a: Hawlucha|Stone Edge|p2a: Dragonite
|-supereffective|p2a: Dragonite
|-damage|p2a: Dragonite|22/100
|move|p2a: Dragonite|Dragon Dance|p2a: Dragonite
|-boost|p2a: Dragonite|atk|1
|-boost|p2a: Dragonite|spe|1
|
|upkeep
|turn|7
|
|t:|1641817883
|move|p1a: Hawlucha|Acrobatics|p2a: Dragonite
|-damage|p2a: Dragonite|0 fnt
|faint|p2a: Dragonite
|
|upkeep
|
|t:|1641817887
|switch|p2a: Garchomp|Garchomp, M|100/100
|turn|8
|
|t:|1641817893
|move|p1a: Hawlucha|Swords Dance|p1a: Hawlucha
|-boost|p1a: Hawlucha|atk|2
|move|p2a: Garchomp|Aqua Tail|p1a: Hawlucha
|-damage|p1a: Hawlucha|26/100
|-damage|p2a: Garchomp|91/100|[from] item: Life Orb
|
|upkeep
|turn|9
|
|t:|1641817897
|move|p1a: Hawlucha|Acrobatics|p2a: Garchomp
|-damage|p2a: Garchomp|0 fnt
|-damage|p1a: Hawlucha|14/100|[from] ability: Rough Skin|[of] p2a: Garchomp
|faint|p2a: Garchomp
|
|upkeep
|
|t:|1641817900
|switch|p2a: Bisharp|Bisharp, F|100/100
|turn|10
|
|t:|1641817904
|move|p2a: Bisharp|Sucker Punch||[still]
|-fail|p2a: Bisharp
|move|p1a: Hawlucha|Swords Dance|p1a: Hawlucha
|-boost|p1a: Hawlucha|atk|2
|
|upkeep
|turn|11
|
|t:|1641817908
|move|p2a: Bisharp|Sucker Punch||[still]
|-fail|p2a: Bisharp
|move|p1a: Hawlucha|Swords Dance|p1a: Hawlucha
|-boost|p1a: Hawlucha|atk|2
|
|upkeep
|turn|12
|
|t:|1641817911
|move|p2a: Bisharp|Sucker Punch||[still]
|-fail|p2a: Bisharp
|move|p1a: Hawlucha|Swords Dance|p1a: Hawlucha
|-boost|p1a: Hawlucha|atk|0
|
|upkeep
|turn|13
|
|t:|1641817915
|move|p2a: Bisharp|Sucker Punch||[still]
|-fail|p2a: Bisharp
|move|p1a: Hawlucha|Swords Dance|p1a: Hawlucha
|-boost|p1a: Hawlucha|atk|0
|
|upkeep
|turn|14
|
|t:|1641817916
|move|p2a: Bisharp|Sucker Punch|p1a: Hawlucha
|-resisted|p1a: Hawlucha
|-damage|p1a: Hawlucha|0 fnt
|faint|p1a: Hawlucha
|-damage|p2a: Bisharp|91/100|[from] item: Life Orb
|
|upkeep
|
|t:|1641817922
|switch|p1a: Kartana|Kartana|100/100
|-damage|p1a: Kartana|94/100|[from] Stealth Rock
|turn|15
|
|t:|1641817925
|move|p1a: Kartana|Sacred Sword|p2a: Bisharp
|-supereffective|p2a: Bisharp
|-damage|p2a: Bisharp|0 fnt
|faint|p2a: Bisharp
|-ability|p1a: Kartana|Beast Boost|boost
|-boost|p1a: Kartana|atk|1
|-damage|p1a: Kartana|84/100|[from] item: Life Orb
|
|upkeep
|
|t:|1641817927
|switch|p2a: Volcarona|Volcarona, M|100/100
|turn|16
|
|t:|1641817930
|move|p1a: Kartana|Knock Off|p2a: Volcarona
|-damage|p2a: Volcarona|0 fnt
|-status|p1a: Kartana|brn|[from] ability: Flame Body|[of] p2a: Volcarona
|-enditem|p2a: Volcarona|Heavy-Duty Boots|[from] move: Knock Off|[of] p1a: Kartana
|faint|p2a: Volcarona
|-ability|p1a: Kartana|Beast Boost|boost
|-boost|p1a: Kartana|atk|1
|-damage|p1a: Kartana|74/100 brn|[from] item: Life Orb
|
|-damage|p1a: Kartana|68/100 brn|[from] brn
|upkeep
|
|t:|1641817933
|switch|p2a: Regieleki|Regieleki|100/100
|turn|17
|
|t:|1641817938
|move|p2a: Regieleki|Electro Ball|p1a: Kartana
|-resisted|p1a: Kartana
|-damage|p1a: Kartana|0 fnt
|faint|p1a: Kartana
|
|upkeep
|
|t:|1641817940
|switch|p1a: Mew|Mew|100/100
|-damage|p1a: Mew|88/100|[from] Stealth Rock
|turn|18
|
|t:|1641817942
|move|p2a: Regieleki|Electro Ball|p1a: Mew
|-damage|p1a: Mew|20/100
|move|p1a: Mew|Roost|p1a: Mew
|-heal|p1a: Mew|70/100
|-singleturn|p1a: Mew|move: Roost
|
|upkeep
|turn|19
|
|t:|1641817945
|move|p2a: Regieleki|Electro Ball|p1a: Mew
|-damage|p1a: Mew|0 fnt
|faint|p1a: Mew
|
|upkeep
|
|t:|1641817948
|switch|p1a: Tapu Koko|Tapu Koko|100/100
|-damage|p1a: Tapu Koko|88/100|[from] Stealth Rock
|-fieldstart|move: Electric Terrain|[from] ability: Electric Surge|[of] p1a: Tapu Koko
|turn|20
|
|t:|1641817951
|move|p2a: Regieleki|Electro Ball|p1a: Tapu Koko
|-resisted|p1a: Tapu Koko
|-damage|p1a: Tapu Koko|34/100
|move|p1a: Tapu Koko|Dazzling Gleam|p2a: Regieleki
|-damage|p2a: Regieleki|14/100
|-damage|p1a: Tapu Koko|24/100|[from] item: Life Orb
|
|upkeep
|turn|21
|
|t:|1641817957
|move|p2a: Regieleki|Electro Ball|p1a: Tapu Koko
|-resisted|p1a: Tapu Koko
|-damage|p1a: Tapu Koko|0 fnt
|faint|p1a: Tapu Koko
|
|upkeep
|
|t:|1641817959
|switch|p1a: Corviknight|Corviknight, M|100/100
|-damage|p1a: Corviknight|88/100|[from] Stealth Rock
|-ability|p1a: Corviknight|Pressure
|turn|22
|
|t:|1641817960
|move|p2a: Regieleki|Electro Ball|p1a: Corviknight
|-supereffective|p1a: Corviknight
|-damage|p1a: Corviknight|0 fnt
|faint|p1a: Corviknight
|
|win|Diavolo_Crison
|raw|Banhmipate's rating: 1583 &rarr; <strong>1563</strong><br />(-20 for losing)
|raw|Diavolo_Crison's rating: 1587 &rarr; <strong>1607</strong><br />(+20 for winning)
|l|☆Diavolo_Crison
|j|☆Diavolo_Crison
|player|p2|Diavolo_Crison|1
|l|☆Banhmipate
