|j|☆Sinnoh_Joe
|j|☆kgboi
|t:|1641747172
|gametype|singles
|player|p1|Sinnoh_Joe|1|1045
|player|p2|kgboi|265|1000
|teamsize|p1|6
|teamsize|p2|6
|gen|8
|tier|[Gen 8] OU
|rated|
|rule|Sleep Clause Mod: Limit one foe put to sleep
|rule|Species Clause: Limit one of each Pokémon
|rule|OHKO Clause: OHKO moves are banned
|rule|Evasion Moves Clause: Evasion moves are banned
|rule|Endless Battle Clause: Forcing endless battles is banned
|rule|HP Percentage Mod: HP is shown in percentages
|rule|Dynamax Clause: You cannot dynamax
|clearpoke
|poke|p1|Bisharp, F|
|poke|p1|Blacephalon|
|poke|p1|Garchomp, M|
|poke|p1|Regieleki|
|poke|p1|Gengar, M|
|poke|p1|Clefable, M|
|poke|p2|Sylveon, M|
|poke|p2|Vaporeon, F|
|poke|p2|Flareon, F|
|poke|p2|Leafeon, F|
|poke|p2|Umbreon, M|
|poke|p2|Espeon, F|
|teampreview
|c|☆Sinnoh_Joe|Very cool team
|c|☆kgboi|Thx
|c|☆kgboi|Why is the team not shiny
|c|☆kgboi|My team was supposed to be all shiny
|c|☆Sinnoh_Joe|They will be when it starta
|c|☆Sinnoh_Joe|s
|c|☆kgboi|Ok
|
|t:|1641747234
|start
|switch|p1a: Tripper|Blacephalon, shiny|100/100
|switch|p2a: Green poop|Espeon, F, shiny|100/100
|turn|1
|
|t:|1641747243
|move|p2a: Green poop|Shadow Ball|p1a: Tripper
|-supereffective|p1a: Tripper
|-damage|p1a: Tripper|9/100
|-unboost|p1a: Tripper|spd|1
|move|p1a: Tripper|Shadow Ball|p2a: Green poop
|-supereffective|p2a: Green poop
|-damage|p2a: Green poop|0 fnt
|faint|p2a: Green poop
|-ability|p1a: Tripper|Beast Boost|boost
|-boost|p1a: Tripper|spa|1
|-damage|p1a: Tripper|0 fnt|[from] item: Life Orb
|faint|p1a: Tripper
|
|upkeep
|
|t:|1641747262
|switch|p2a: Favorite Pokémon|Sylveon, M, shiny|100/100
|switch|p1a: COVID-19|Regieleki, shiny|100/100
|turn|2
|
|t:|1641747272
|move|p1a: COVID-19|Wild Charge|p2a: Favorite Pokémon
|-damage|p2a: Favorite Pokémon|0 fnt
|faint|p2a: Favorite Pokémon
|-damage|p1a: COVID-19|68/100|[from] Recoil
|
|upkeep
|
|t:|1641747277
|switch|p2a: VaporeonSimp|Vaporeon, F, shiny|100/100
|turn|3
|
|t:|1641747284
|move|p1a: COVID-19|Wild Charge|p2a: VaporeonSimp
|-supereffective|p2a: VaporeonSimp
|-damage|p2a: VaporeonSimp|0 fnt
|faint|p2a: VaporeonSimp
|-damage|p1a: COVID-19|29/100|[from] Recoil
|
|upkeep
|c|☆kgboi|Oh crap it’s fast
|
|t:|1641747290
|switch|p2a: Dumb|Leafeon, F, shiny|100/100
|turn|4
|c|☆Sinnoh_Joe|Yeah it’s basically cheating
|c|☆kgboi|I had dig on vaporeon
|
|t:|1641747309
|switch|p1a: Vaccine Salesman|Clefable, M, shiny|100/100
|move|p2a: Dumb|Dig||[still]
|-prepare|p2a: Dumb|Dig
|
|upkeep
|turn|5
|
|t:|1641747318
|move|p2a: Dumb|Dig|p1a: Vaccine Salesman|[from]lockedmove
|-damage|p1a: Vaccine Salesman|74/100
|move|p1a: Vaccine Salesman|Thunder|p2a: Dumb
|-resisted|p2a: Dumb
|-damage|p2a: Dumb|60/100
|
|upkeep
|turn|6
|
|t:|1641747339
|switch|p2a: FlareonIsAnnoying|Flareon, F, shiny|100/100
|move|p1a: Vaccine Salesman|Hyper Beam|p2a: FlareonIsAnnoying|[miss]
|-miss|p1a: Vaccine Salesman|p2a: FlareonIsAnnoying
|
|upkeep
|turn|7
|
|t:|1641747346
|move|p2a: FlareonIsAnnoying|Body Slam|p1a: Vaccine Salesman
|-damage|p1a: Vaccine Salesman|36/100
|-status|p1a: Vaccine Salesman|par
|move|p1a: Vaccine Salesman|Hyper Beam|p2a: FlareonIsAnnoying
|-damage|p2a: FlareonIsAnnoying|62/100
|-mustrecharge|p1a: Vaccine Salesman
|
|upkeep
|turn|8
|c|☆kgboi|Noice
|c|☆kgboi|Crap
|
|t:|1641747355
|move|p2a: FlareonIsAnnoying|Zap Cannon|p1a: Vaccine Salesman
|-damage|p1a: Vaccine Salesman|9/100 par
|cant|p1a: Vaccine Salesman|recharge
|
|upkeep
|turn|9
|c|☆kgboi|Should have just used zap cannon
|
|t:|1641747365
|move|p2a: FlareonIsAnnoying|Iron Tail|p1a: Vaccine Salesman|[miss]
|-miss|p2a: FlareonIsAnnoying|p1a: Vaccine Salesman
|move|p1a: Vaccine Salesman|Thunder|p2a: FlareonIsAnnoying|[miss]
|-miss|p1a: Vaccine Salesman|p2a: FlareonIsAnnoying
|
|upkeep
|turn|10
|
|t:|1641747384
|move|p2a: FlareonIsAnnoying|Iron Tail|p1a: Vaccine Salesman
|-supereffective|p1a: Vaccine Salesman
|-damage|p1a: Vaccine Salesman|0 fnt
|faint|p1a: Vaccine Salesman
|
|upkeep
|
|t:|1641747388
|switch|p1a: CDC Guidelines|Gengar, M|100/100
|turn|11
|
|t:|1641747395
|switch|p2a: Great shiny|Umbreon, M, shiny|100/100
|move|p1a: CDC Guidelines|Sludge Wave|p2a: Great shiny
|-damage|p2a: Great shiny|71/100
|
|upkeep
|turn|12
|
|t:|1641747411
|move|p1a: CDC Guidelines|Sludge Wave|p2a: Great shiny
|-damage|p2a: Great shiny|40/100
|move|p2a: Great shiny|Dark Pulse|p1a: CDC Guidelines
|-supereffective|p1a: CDC Guidelines
|-damage|p1a: CDC Guidelines|9/100
|
|-heal|p1a: CDC Guidelines|15/100|[from] item: Leftovers
|upkeep
|turn|13
|
|t:|1641747422
|move|p1a: CDC Guidelines|Sludge Wave|p2a: Great shiny
|-damage|p2a: Great shiny|8/100
|move|p2a: Great shiny|Dark Pulse|p1a: CDC Guidelines
|-supereffective|p1a: CDC Guidelines
|-damage|p1a: CDC Guidelines|0 fnt
|faint|p1a: CDC Guidelines
|
|upkeep
|
|t:|1641747431
|switch|p1a: Knifey|Bisharp, F, shiny|100/100
|turn|14
|
|t:|1641747439
|switch|p2a: FlareonIsAnnoying|Flareon, F, shiny|62/100
|move|p1a: Knifey|Psycho Cut|p2a: FlareonIsAnnoying
|-damage|p2a: FlareonIsAnnoying|19/100
|
|upkeep
|turn|15
|
|t:|1641747447
|move|p1a: Knifey|Iron Head|p2a: FlareonIsAnnoying
|-resisted|p2a: FlareonIsAnnoying
|-damage|p2a: FlareonIsAnnoying|0 fnt
|faint|p2a: FlareonIsAnnoying
|
|upkeep
|c|☆kgboi|Kill me i was gonna die anyways
|
|t:|1641747457
|switch|p2a: Dumb|Leafeon, F, shiny|60/100
|turn|16
|c|☆kgboi|I was using flare blitz
|c|☆Sinnoh_Joe|Gg
|c|☆kgboi|Leafeon is faster
|c|☆Sinnoh_Joe|still like ur team
|
|t:|1641747483
|move|p2a: Dumb|Dig||[still]
|-prepare|p2a: Dumb|Dig
|move|p1a: Knifey|Throat Chop|p2a: Dumb|[miss]
|-miss|p1a: Knifey|p2a: Dumb
|
|upkeep
|turn|17
|c|☆kgboi|Thx
|
|t:|1641747488
|move|p2a: Dumb|Dig|p1a: Knifey|[from]lockedmove
|-supereffective|p1a: Knifey
|-damage|p1a: Knifey|39/100
|move|p1a: Knifey|Throat Chop|p2a: Dumb
|-damage|p2a: Dumb|19/100
|-start|p2a: Dumb|Throat Chop|[silent]
|-enditem|p2a: Dumb|Sitrus Berry|[eat]
|-heal|p2a: Dumb|44/100|[from] item: Sitrus Berry
|
|upkeep
|turn|18
|c|☆kgboi|Oooh
|c|☆kgboi|OMG
|
|t:|1641747497
|move|p1a: Knifey|Sucker Punch|p2a: Dumb
|-damage|p2a: Dumb|1/100
|move|p2a: Dumb|Dig||[still]
|-prepare|p2a: Dumb|Dig
|
|-end|p2a: Dumb|Throat Chop|[silent]
|upkeep
|turn|19
|c|☆kgboi|OMG ABSOLUTE LEGEND LEAFEON
|
|t:|1641747513
|move|p2a: Dumb|Dig|p1a: Knifey|[from]lockedmove
|-supereffective|p1a: Knifey
|-damage|p1a: Knifey|0 fnt
|faint|p1a: Knifey
|
|upkeep
|
|t:|1641747517
|switch|p1a: COVID-19|Regieleki, shiny|29/100
|turn|20
|c|☆kgboi|1 HP LITERALLY
|
|t:|1641747525
|move|p1a: COVID-19|Wild Charge|p2a: Dumb
|-resisted|p2a: Dumb
|-damage|p2a: Dumb|0 fnt
|faint|p2a: Dumb
|-damage|p1a: COVID-19|29/100|[from] Recoil
|
|upkeep
|
|t:|1641747531
|switch|p2a: Great shiny|Umbreon, M, shiny|8/100
|turn|21
|
|t:|1641747539
|move|p1a: COVID-19|Wild Charge|p2a: Great shiny
|-damage|p2a: Great shiny|0 fnt
|-damage|p1a: COVID-19|12/100|[from] item: Rocky Helmet|[of] p2a: Great shiny
|faint|p2a: Great shiny
|-damage|p1a: COVID-19|9/100|[from] Recoil
|
|win|Sinnoh_Joe
|raw|Sinnoh_Joe's rating: 1045 &rarr; <strong>1074</strong><br />(+29 for winning)
|raw|kgboi's rating: 1000 &rarr; <strong>1000</strong><br />(+0 for losing)
|c|☆kgboi|Ggs
|c|☆Sinnoh_Joe|Gg
|c|☆kgboi|That was the closest match I’ve ever been in
||Ladder isn't responding, score probably updated but might not have (Request timeout).
