|j|☆Srn
|j|☆FirstGear
|t:|1641869597
|gametype|singles
|player|p1|Srn|brandon-gen3|1672
|player|p2|FirstGear|169|1684
|teamsize|p1|6
|teamsize|p2|6
|gen|8
|tier|[Gen 8] OU
|rated|
|rule|Sleep Clause Mod: Limit one foe put to sleep
|rule|Species Clause: Limit one of each Pokémon
|rule|OHKO Clause: OHKO moves are banned
|rule|Evasion Moves Clause: Evasion moves are banned
|rule|Endless Battle Clause: Forcing endless battles is banned
|rule|HP Percentage Mod: HP is shown in percentages
|rule|Dynamax Clause: You cannot dynamax
|clearpoke
|poke|p1|Dragonite, F|
|poke|p1|Melmetal|
|poke|p1|Tapu Koko|
|poke|p1|Urshifu-*, M|
|poke|p1|Landorus-Therian, M|
|poke|p1|Glastrier|
|poke|p2|Buzzwole|
|poke|p2|Hatterene, F|
|poke|p2|Seismitoad, F|
|poke|p2|Gyarados, F|
|poke|p2|Blissey, F|
|poke|p2|Centiskorch, M|
|teampreview
|inactive|Battle timer is ON: inactive players will automatically lose when time's up. (requested by FirstGear)
|
|t:|1641869614
|start
|switch|p1a: Landorus|Landorus-Therian, M|100/100
|switch|p2a: Seismitoad|Seismitoad, F|100/100
|-ability|p1a: Landorus|Intimidate|boost
|-unboost|p2a: Seismitoad|atk|1
|turn|1
|
|t:|1641869628
|move|p1a: Landorus|Knock Off|p2a: Seismitoad
|-damage|p2a: Seismitoad|78/100
|-enditem|p2a: Seismitoad|Leftovers|[from] move: Knock Off|[of] p1a: Landorus
|move|p2a: Seismitoad|Toxic|p1a: Landorus
|-status|p1a: Landorus|tox
|
|-damage|p1a: Landorus|94/100 tox|[from] psn
|upkeep
|turn|2
|
|t:|1641869636
|move|p1a: Landorus|Earthquake|p2a: Seismitoad
|-damage|p2a: Seismitoad|46/100
|move|p2a: Seismitoad|Stealth Rock|p1a: Landorus
|-sidestart|p1: Srn|move: Stealth Rock
|
|-heal|p1a: Landorus|100/100 tox|[from] item: Leftovers
|-damage|p1a: Landorus|88/100 tox|[from] psn
|upkeep
|turn|3
|
|t:|1641869644
|switch|p2a: Buzzwole|Buzzwole|100/100
|move|p1a: Landorus|Stealth Rock|p2a: Buzzwole
|-sidestart|p2: FirstGear|move: Stealth Rock
|
|-heal|p1a: Landorus|94/100 tox|[from] item: Leftovers
|-damage|p1a: Landorus|76/100 tox|[from] psn
|upkeep
|turn|4
|
|t:|1641869651
|switch|p1a: Tapu Koko|Tapu Koko|100/100
|-fieldstart|move: Electric Terrain|[from] ability: Electric Surge|[of] p1a: Tapu Koko
|move|p2a: Buzzwole|Ice Punch|p1a: Tapu Koko
|-crit|p1a: Tapu Koko
|-damage|p1a: Tapu Koko|46/100
|
|upkeep
|turn|5
|
|t:|1641869659
|switch|p2a: Blissey|Blissey, F|100/100
|-damage|p2a: Blissey|88/100|[from] Stealth Rock
|move|p1a: Tapu Koko|Dazzling Gleam|p2a: Blissey
|-damage|p2a: Blissey|78/100
|
|-heal|p2a: Blissey|85/100|[from] item: Leftovers
|upkeep
|turn|6
|
|t:|1641869668
|move|p1a: Tapu Koko|Roost|p1a: Tapu Koko
|-heal|p1a: Tapu Koko|96/100
|-singleturn|p1a: Tapu Koko|move: Roost
|move|p2a: Blissey|Toxic|p1a: Tapu Koko
|-status|p1a: Tapu Koko|tox
|
|-heal|p2a: Blissey|91/100|[from] item: Leftovers
|-damage|p1a: Tapu Koko|90/100 tox|[from] psn
|upkeep
|turn|7
|
|t:|1641869675
|move|p1a: Tapu Koko|U-turn|p2a: Blissey
|-damage|p2a: Blissey|76/100
|
|t:|1641869681
|switch|p1a: Melmetal|Melmetal|100/100|[from]move: U-turn
|-damage|p1a: Melmetal|94/100|[from] Stealth Rock
|move|p2a: Blissey|Seismic Toss|p1a: Melmetal
|-damage|p1a: Melmetal|70/100
|
|-heal|p2a: Blissey|83/100|[from] item: Leftovers
|upkeep
|turn|8
|
|t:|1641869698
|switch|p2a: Centiskorch|Centiskorch, M|100/100
|move|p1a: Melmetal|Rock Slide|p2a: Centiskorch
|-supereffective|p2a: Centiskorch
|-damage|p2a: Centiskorch|0 fnt
|faint|p2a: Centiskorch
|
|-fieldend|move: Electric Terrain
|upkeep
|
|t:|1641869707
|switch|p2a: Buzzwole|Buzzwole|100/100
|-damage|p2a: Buzzwole|88/100|[from] Stealth Rock
|turn|9
|
|t:|1641869718
|switch|p1a: Landorus|Landorus-Therian, M|76/100 tox
|-damage|p1a: Landorus|64/100 tox|[from] Stealth Rock
|-ability|p1a: Landorus|Intimidate|boost
|-unboost|p2a: Buzzwole|atk|1
|move|p2a: Buzzwole|Bulk Up|p2a: Buzzwole
|-boost|p2a: Buzzwole|atk|1
|-boost|p2a: Buzzwole|def|1
|
|-heal|p1a: Landorus|70/100 tox|[from] item: Leftovers
|-damage|p1a: Landorus|64/100 tox|[from] psn
|upkeep
|turn|10
|
|t:|1641869728
|move|p2a: Buzzwole|Ice Punch|p1a: Landorus
|-supereffective|p1a: Landorus
|-damage|p1a: Landorus|0 fnt
|faint|p1a: Landorus
|-ability|p2a: Buzzwole|Beast Boost|boost
|-boost|p2a: Buzzwole|atk|1
|
|upkeep
|
|t:|1641869733
|switch|p1a: Tapu Koko|Tapu Koko|90/100 tox
|-fieldstart|move: Electric Terrain|[from] ability: Electric Surge|[of] p1a: Tapu Koko
|turn|11
|
|t:|1641869737
|switch|p2a: Blissey|Blissey, F|83/100
|-damage|p2a: Blissey|70/100|[from] Stealth Rock
|move|p1a: Tapu Koko|Dazzling Gleam|p2a: Blissey
|-damage|p2a: Blissey|60/100
|
|-heal|p2a: Blissey|66/100|[from] item: Leftovers
|-damage|p1a: Tapu Koko|84/100 tox|[from] psn
|upkeep
|turn|12
|
|t:|1641869746
|move|p1a: Tapu Koko|U-turn|p2a: Blissey
|-damage|p2a: Blissey|52/100
|
|t:|1641869748
|switch|p1a: Melmetal|Melmetal|70/100|[from]move: U-turn
|-damage|p1a: Melmetal|64/100|[from] Stealth Rock
|move|p2a: Blissey|Wish|p2a: Blissey
|
|-heal|p2a: Blissey|58/100|[from] item: Leftovers
|upkeep
|turn|13
|
|t:|1641869756
|switch|p2a: Buzzwole|Buzzwole|88/100
|-damage|p2a: Buzzwole|76/100|[from] Stealth Rock
|move|p1a: Melmetal|Double Iron Bash|p2a: Buzzwole
|-damage|p2a: Buzzwole|27/100
|-damage|p1a: Melmetal|47/100|[from] item: Rocky Helmet|[of] p2a: Buzzwole
|-damage|p2a: Buzzwole|0 fnt
|-damage|p1a: Melmetal|31/100|[from] item: Rocky Helmet|[of] p2a: Buzzwole
|faint|p2a: Buzzwole
|-hitcount|p2: Buzzwole|2
|
|upkeep
|
|t:|1641869770
|switch|p2a: Gyarados|Gyarados, F|100/100
|-damage|p2a: Gyarados|76/100|[from] Stealth Rock
|turn|14
|
|t:|1641869775
|move|p2a: Gyarados|Substitute|p2a: Gyarados
|-start|p2a: Gyarados|Substitute
|-damage|p2a: Gyarados|51/100
|move|p1a: Melmetal|Double Iron Bash|p2a: Gyarados
|-resisted|p2a: Gyarados
|-end|p2a: Gyarados|Substitute
|-resisted|p2a: Gyarados
|-damage|p2a: Gyarados|17/100
|-hitcount|p2a: Gyarados|2
|
|-heal|p2a: Gyarados|23/100|[from] item: Leftovers
|upkeep
|turn|15
|
|t:|1641869785
|switch|p1a: Urshifu|Urshifu-Rapid-Strike, M|100/100
|-damage|p1a: Urshifu|94/100|[from] Stealth Rock
|move|p2a: Gyarados|Waterfall|p1a: Urshifu
|-resisted|p1a: Urshifu
|-damage|p1a: Urshifu|76/100
|
|-heal|p2a: Gyarados|29/100|[from] item: Leftovers
|-fieldend|move: Electric Terrain
|upkeep
|turn|16
|
|t:|1641869795
|move|p1a: Urshifu|Ice Punch|p2a: Gyarados
|-damage|p2a: Gyarados|3/100
|move|p2a: Gyarados|Bounce||[still]
|-prepare|p2a: Gyarados|Bounce
|
|-heal|p2a: Gyarados|9/100|[from] item: Leftovers
|upkeep
|turn|17
|
|t:|1641869802
|switch|p1a: Tapu Koko|Tapu Koko|84/100 tox
|-fieldstart|move: Electric Terrain|[from] ability: Electric Surge|[of] p1a: Tapu Koko
|move|p2a: Gyarados|Bounce|p1a: Tapu Koko|[from]lockedmove
|-resisted|p1a: Tapu Koko
|-damage|p1a: Tapu Koko|63/100 tox
|
|-heal|p2a: Gyarados|15/100|[from] item: Leftovers
|-damage|p1a: Tapu Koko|57/100 tox|[from] psn
|upkeep
|turn|18
|j| hfeath
|
|t:|1641869819
|move|p1a: Tapu Koko|Dazzling Gleam|p2a: Gyarados
|-damage|p2a: Gyarados|0 fnt
|faint|p2a: Gyarados
|
|-damage|p1a: Tapu Koko|45/100 tox|[from] psn
|upkeep
|
|t:|1641869830
|switch|p2a: Blissey|Blissey, F|58/100
|-damage|p2a: Blissey|46/100|[from] Stealth Rock
|turn|19
|
|t:|1641869838
|move|p1a: Tapu Koko|U-turn|p2a: Blissey
|-damage|p2a: Blissey|30/100
|
|t:|1641869839
|switch|p1a: Melmetal|Melmetal|31/100|[from]move: U-turn
|-damage|p1a: Melmetal|25/100|[from] Stealth Rock
|move|p2a: Blissey|Seismic Toss|p1a: Melmetal
|-damage|p1a: Melmetal|0 fnt
|faint|p1a: Melmetal
|
|-heal|p2a: Blissey|36/100|[from] item: Leftovers
|upkeep
|
|t:|1641869851
|switch|p1a: Urshifu|Urshifu-Rapid-Strike, M|76/100
|-damage|p1a: Urshifu|70/100|[from] Stealth Rock
|turn|20
|
|t:|1641869857
|switch|p2a: Seismitoad|Seismitoad, F|46/100
|-damage|p2a: Seismitoad|40/100|[from] Stealth Rock
|move|p1a: Urshifu|U-turn|p2a: Seismitoad
|-damage|p2a: Seismitoad|21/100
|
|t:|1641869871
|switch|p1a: Dragonite|Dragonite, F|100/100|[from]move: U-turn
|
|upkeep
|turn|21
|
|t:|1641869883
|move|p1a: Dragonite|Earthquake|p2a: Seismitoad
|-damage|p2a: Seismitoad|0 fnt
|faint|p2a: Seismitoad
|
|-fieldend|move: Electric Terrain
|upkeep
|
|t:|1641869888
|switch|p2a: Hatterene|Hatterene, F|100/100
|-damage|p2a: Hatterene|88/100|[from] Stealth Rock
|turn|22
|
|t:|1641869900
|move|p1a: Dragonite|Dragon Dance|p1a: Dragonite
|-boost|p1a: Dragonite|atk|1
|-boost|p1a: Dragonite|spe|1
|move|p2a: Hatterene|Calm Mind|p2a: Hatterene
|-boost|p2a: Hatterene|spa|1
|-boost|p2a: Hatterene|spd|1
|
|-heal|p2a: Hatterene|94/100|[from] item: Leftovers
|upkeep
|turn|23
|
|t:|1641869908
|move|p1a: Dragonite|Earthquake|p2a: Hatterene
|-damage|p2a: Hatterene|46/100
|move|p2a: Hatterene|Draining Kiss|p1a: Dragonite
|-supereffective|p1a: Dragonite
|-damage|p1a: Dragonite|63/100
|-heal|p2a: Hatterene|74/100|[from] drain|[of] p1a: Dragonite
|
|-heal|p2a: Hatterene|80/100|[from] item: Leftovers
|upkeep
|turn|24
|
|t:|1641869916
|move|p1a: Dragonite|Earthquake|p2a: Hatterene
|-damage|p2a: Hatterene|27/100
|move|p2a: Hatterene|Draining Kiss|p1a: Dragonite
|-supereffective|p1a: Dragonite
|-damage|p1a: Dragonite|0 fnt
|-heal|p2a: Hatterene|75/100|[from] drain|[of] p1a: Dragonite
|faint|p1a: Dragonite
|
|-heal|p2a: Hatterene|81/100|[from] item: Leftovers
|upkeep
|
|t:|1641869933
|switch|p1a: Hoarse|Glastrier|100/100
|-damage|p1a: Hoarse|75/100|[from] Stealth Rock
|turn|25
|
|t:|1641869946
|move|p1a: Hoarse|Swords Dance|p1a: Hoarse
|-boost|p1a: Hoarse|atk|2
|move|p2a: Hatterene|Mystical Fire|p1a: Hoarse
|-supereffective|p1a: Hoarse
|-crit|p1a: Hoarse
|-damage|p1a: Hoarse|7/100
|-unboost|p1a: Hoarse|spa|1
|
|-heal|p1a: Hoarse|13/100|[from] item: Leftovers
|-heal|p2a: Hatterene|87/100|[from] item: Leftovers
|upkeep
|turn|26
|j| BabyPigsAreLaughin
|
|t:|1641869956
|move|p1a: Hoarse|Icicle Crash|p2a: Hatterene
|-damage|p2a: Hatterene|6/100
|move|p2a: Hatterene|Draining Kiss|p1a: Hoarse
|-damage|p1a: Hoarse|0 fnt
|-heal|p2a: Hatterene|18/100|[from] drain|[of] p1a: Hoarse
|faint|p1a: Hoarse
|
|-heal|p2a: Hatterene|24/100|[from] item: Leftovers
|upkeep
|
|t:|1641869962
|switch|p1a: Urshifu|Urshifu-Rapid-Strike, M|70/100
|-damage|p1a: Urshifu|64/100|[from] Stealth Rock
|turn|27
|-message|FirstGear forfeited.
|
|win|Srn
|raw|Srn's rating: 1672 &rarr; <strong>1693</strong><br />(+21 for winning)
|raw|FirstGear's rating: 1684 &rarr; <strong>1663</strong><br />(-21 for losing)
|l|☆FirstGear
|c|☆Srn|gg
