|j|☆mushed shrooms
|j|☆cofano
|t:|1641837229
|gametype|singles
|player|p1|mushed shrooms|veteran|1468
|player|p2|cofano|170|1479
|teamsize|p1|6
|teamsize|p2|6
|gen|8
|tier|[Gen 8] OU
|rated|
|rule|Sleep Clause Mod: Limit one foe put to sleep
|rule|Species Clause: Limit one of each Pokémon
|rule|OHKO Clause: OHKO moves are banned
|rule|Evasion Moves Clause: Evasion moves are banned
|rule|Endless Battle Clause: Forcing endless battles is banned
|rule|HP Percentage Mod: HP is shown in percentages
|rule|Dynamax Clause: You cannot dynamax
|clearpoke
|poke|p1|Blacephalon|
|poke|p1|Weavile, M|
|poke|p1|Dragapult, M|
|poke|p1|Garchomp, M|
|poke|p1|Tapu Fini|
|poke|p1|Corviknight, M|
|poke|p2|Tapu Koko|
|poke|p2|Hawlucha, M|
|poke|p2|Kartana|
|poke|p2|Cloyster, F|
|poke|p2|Dragapult, F|
|poke|p2|Reuniclus, M|
|teampreview
|inactive|Battle timer is ON: inactive players will automatically lose when time's up. (requested by cofano)
|inactive|mushed shrooms also wants the timer to be on.
|
|t:|1641837246
|start
|switch|p1a: Tapu Fini|Tapu Fini|100/100
|switch|p2a: Tapu Koko|Tapu Koko|100/100
|-fieldstart|move: Electric Terrain|[from] ability: Electric Surge|[of] p2a: Tapu Koko
|turn|1
|inactive|cofano has 120 seconds left.
|
|t:|1641837301
|switch|p1a: Garchomp|Garchomp, M|100/100
|move|p2a: Tapu Koko|Light Screen|p2a: Tapu Koko
|-sidestart|p2: cofano|move: Light Screen
|
|upkeep
|turn|2
|inactive|cofano has 90 seconds left.
|
|t:|1641837318
|move|p2a: Tapu Koko|Reflect|p2a: Tapu Koko
|-sidestart|p2: cofano|Reflect
|move|p1a: Garchomp|Swords Dance|p1a: Garchomp
|-boost|p1a: Garchomp|atk|2
|
|upkeep
|turn|3
|
|t:|1641837322
|move|p2a: Tapu Koko|Taunt|p1a: Garchomp
|-start|p1a: Garchomp|move: Taunt
|move|p1a: Garchomp|Earthquake|p2a: Tapu Koko
|-supereffective|p2a: Tapu Koko
|-damage|p2a: Tapu Koko|0 fnt
|faint|p2a: Tapu Koko
|
|upkeep
|
|t:|1641837335
|switch|p2a: Hawlucha|Hawlucha, M|100/100
|-enditem|p2a: Hawlucha|Electric Seed
|-boost|p2a: Hawlucha|def|1|[from] item: Electric Seed
|turn|4
|
|t:|1641837338
|move|p2a: Hawlucha|Swords Dance|p2a: Hawlucha
|-boost|p2a: Hawlucha|atk|2
|move|p1a: Garchomp|Scale Shot|p2a: Hawlucha
|-damage|p2a: Hawlucha|88/100
|-damage|p2a: Hawlucha|76/100
|-damage|p2a: Hawlucha|63/100
|-damage|p2a: Hawlucha|49/100
|-damage|p2a: Hawlucha|36/100
|-hitcount|p2a: Hawlucha|5
|-unboost|p1a: Garchomp|def|1
|-boost|p1a: Garchomp|spe|1
|
|upkeep
|turn|5
|
|t:|1641837341
|move|p2a: Hawlucha|Acrobatics|p1a: Garchomp
|-damage|p1a: Garchomp|0 fnt
|-damage|p2a: Hawlucha|23/100|[from] ability: Rough Skin|[of] p1a: Garchomp
|faint|p1a: Garchomp
|
|-fieldend|move: Electric Terrain
|upkeep
|
|t:|1641837355
|switch|p1a: Weavile|Weavile, M|100/100
|-ability|p1a: Weavile|Pressure
|turn|6
|inactive|cofano has 120 seconds left.
|
|t:|1641837365
|move|p1a: Weavile|Ice Shard|p2a: Hawlucha
|-supereffective|p2a: Hawlucha
|-damage|p2a: Hawlucha|0 fnt
|faint|p2a: Hawlucha
|
|upkeep
|
|t:|1641837368
|switch|p2a: Dragapult|Dragapult, F|100/100
|turn|7
|
|t:|1641837371
|move|p1a: Weavile|Ice Shard|p2a: Dragapult
|-supereffective|p2a: Dragapult
|-damage|p2a: Dragapult|62/100
|move|p2a: Dragapult|Flamethrower|p1a: Weavile
|-supereffective|p1a: Weavile
|-damage|p1a: Weavile|0 fnt
|faint|p1a: Weavile
|
|upkeep
|
|t:|1641837375
|switch|p1a: Tapu Fini|Tapu Fini|100/100
|turn|8
|
|t:|1641837379
|switch|p2a: Reuniclus|Reuniclus, M, shiny|100/100
|move|p1a: Tapu Fini|Moonblast|p2a: Reuniclus
|-damage|p2a: Reuniclus|81/100
|-unboost|p2a: Reuniclus|spa|1
|
|-heal|p2a: Reuniclus|88/100|[from] item: Leftovers
|-sideend|p2: cofano|move: Light Screen
|upkeep
|turn|9
|
|t:|1641837390
|switch|p1a: Dragapult|Dragapult, M|100/100
|move|p2a: Reuniclus|Calm Mind|p2a: Reuniclus
|-boost|p2a: Reuniclus|spa|1
|-boost|p2a: Reuniclus|spd|1
|
|-heal|p2a: Reuniclus|94/100|[from] item: Leftovers
|-sideend|p2: cofano|Reflect
|upkeep
|turn|10
|
|t:|1641837403
|move|p1a: Dragapult|Shadow Ball|p2a: Reuniclus
|-supereffective|p2a: Reuniclus
|-damage|p2a: Reuniclus|29/100
|move|p2a: Reuniclus|Calm Mind|p2a: Reuniclus
|-boost|p2a: Reuniclus|spa|1
|-boost|p2a: Reuniclus|spd|1
|
|-heal|p2a: Reuniclus|35/100|[from] item: Leftovers
|upkeep
|turn|11
|
|t:|1641837412
|move|p1a: Dragapult|Shadow Ball|p2a: Reuniclus
|-supereffective|p2a: Reuniclus
|-damage|p2a: Reuniclus|0 fnt
|faint|p2a: Reuniclus
|
|upkeep
|
|t:|1641837415
|switch|p2a: Dragapult|Dragapult, F|62/100
|turn|12
|
|t:|1641837419
|switch|p1a: Tapu Fini|Tapu Fini|100/100
|move|p2a: Dragapult|Shadow Ball|p1a: Tapu Fini
|-damage|p1a: Tapu Fini|50/100
|
|upkeep
|turn|13
|
|t:|1641837425
|move|p1a: Tapu Fini|Moonblast|p2a: Dragapult
|-supereffective|p2a: Dragapult
|-damage|p2a: Dragapult|0 fnt
|faint|p2a: Dragapult
|
|upkeep
|
|t:|1641837432
|switch|p2a: Kartana|Kartana|100/100
|turn|14
|
|t:|1641837435
|switch|p1a: Corviknight|Corviknight, M|100/100
|-ability|p1a: Corviknight|Pressure
|move|p2a: Kartana|Swords Dance|p2a: Kartana
|-boost|p2a: Kartana|atk|2
|
|upkeep
|turn|15
|
|t:|1641837438
|move|p2a: Kartana|Knock Off|p1a: Corviknight
|-damage|p1a: Corviknight|26/100
|-enditem|p1a: Corviknight|Shed Shell|[from] move: Knock Off|[of] p2a: Kartana
|-damage|p2a: Kartana|91/100|[from] item: Life Orb
|move|p1a: Corviknight|Body Press|p2a: Kartana
|-supereffective|p2a: Kartana
|-crit|p2a: Kartana
|-damage|p2a: Kartana|12/100
|
|upkeep
|turn|16
|
|t:|1641837453
|move|p2a: Kartana|Knock Off|p1a: Corviknight
|-damage|p1a: Corviknight|0 fnt
|faint|p1a: Corviknight
|-ability|p2a: Kartana|Beast Boost|boost
|-boost|p2a: Kartana|atk|1
|-damage|p2a: Kartana|2/100|[from] item: Life Orb
|
|upkeep
|
|t:|1641837458
|switch|p1a: Blacephalon|Blacephalon|100/100
|turn|17
|
|t:|1641837462
|move|p1a: Blacephalon|Flamethrower|p2a: Kartana
|-supereffective|p2a: Kartana
|-damage|p2a: Kartana|0 fnt
|faint|p2a: Kartana
|-ability|p1a: Blacephalon|Beast Boost|boost
|-boost|p1a: Blacephalon|spa|1
|
|upkeep
|
|t:|1641837465
|switch|p2a: Cloyster|Cloyster, F, shiny|100/100
|turn|18
|
|t:|1641837486
|move|p1a: Blacephalon|Flamethrower|p2a: Cloyster
|-damage|p2a: Cloyster|0 fnt
|faint|p2a: Cloyster
|
|win|mushed shrooms
|raw|mushed shrooms's rating: 1468 &rarr; <strong>1489</strong><br />(+21 for winning)
|raw|cofano's rating: 1479 &rarr; <strong>1458</strong><br />(-21 for losing)
||Ladder isn't responding, score probably updated but might not have (Request timeout).
