|j|☆MrNom
|j|☆Drop A Fish
|t:|1641803343
|gametype|singles
|player|p1|MrNom|skyla|
|player|p2|Drop A Fish|gentleman-gen4|
|teamsize|p1|6
|teamsize|p2|6
|gen|8
|tier|[Gen 8] OU
|rule|Sleep Clause Mod: Limit one foe put to sleep
|rule|Species Clause: Limit one of each Pokémon
|rule|OHKO Clause: OHKO moves are banned
|rule|Evasion Moves Clause: Evasion moves are banned
|rule|Endless Battle Clause: Forcing endless battles is banned
|rule|HP Percentage Mod: HP is shown in percentages
|rule|Dynamax Clause: You cannot dynamax
|clearpoke
|poke|p1|Snorlax, F|
|poke|p1|Turtonator, M|
|poke|p1|Heliolisk, M|
|poke|p1|Chandelure, F|
|poke|p1|Hawlucha, M|
|poke|p1|Polteageist|
|poke|p2|Azumarill, M|
|poke|p2|Nihilego|
|poke|p2|Landorus-Therian, M|
|poke|p2|Clefable, F|
|poke|p2|Zapdos|
|poke|p2|Heatran, F|
|teampreview
|l|☆Drop A Fish
|player|p2|
|j|☆Drop A Fish
|player|p2|Drop A Fish|gentleman-gen4
|
|t:|1641803379
|start
|switch|p1a: KFLizard|Heliolisk, M, shiny|100/100
|switch|p2a: Azumarill|Azumarill, M|100/100
|turn|1
|inactive|Battle timer is ON: inactive players will automatically lose when time's up. (requested by MrNom)
|
|t:|1641803408
|switch|p2a: Landorus|Landorus-Therian, M|100/100
|-ability|p2a: Landorus|Intimidate|boost
|-unboost|p1a: KFLizard|atk|1
|move|p1a: KFLizard|Volt Switch|p2a: Landorus
|-immune|p2a: Landorus
|
|upkeep
|turn|2
|
|t:|1641803423
|switch|p1a: Hawlucha|Hawlucha, M|100/100
|move|p2a: Landorus|Earthquake|p1a: Hawlucha
|-immune|p1a: Hawlucha
|
|upkeep
|turn|3
|
|t:|1641803446
|switch|p2a: Azumarill|Azumarill, M|100/100
|move|p1a: Hawlucha|Close Combat|p2a: Azumarill
|-resisted|p2a: Azumarill
|-damage|p2a: Azumarill|72/100
|-unboost|p1a: Hawlucha|def|1
|-unboost|p1a: Hawlucha|spd|1
|-enditem|p1a: Hawlucha|White Herb
|-clearnegativeboost|p1a: Hawlucha|[silent]
|
|upkeep
|turn|4
|
|t:|1641803464
|move|p1a: Hawlucha|Acrobatics|p2a: Azumarill
|-damage|p2a: Azumarill|24/100
|-enditem|p2a: Azumarill|Sitrus Berry|[eat]
|-heal|p2a: Azumarill|49/100|[from] item: Sitrus Berry
|move|p2a: Azumarill|Belly Drum||[still]
|-fail|p2a: Azumarill
|
|upkeep
|turn|5
|
|t:|1641803473
|move|p2a: Azumarill|Aqua Jet|p1a: Hawlucha
|-damage|p1a: Hawlucha|60/100
|move|p1a: Hawlucha|Acrobatics|p2a: Azumarill
|-damage|p2a: Azumarill|0 fnt
|faint|p2a: Azumarill
|
|upkeep
|
|t:|1641803486
|switch|p2a: Zapdos|Zapdos|100/100
|turn|6
|
|t:|1641803496
|switch|p1a: Snorlax|Snorlax, F|100/100
|move|p2a: Zapdos|Thunderbolt|p1a: Snorlax
|-damage|p1a: Snorlax|80/100
|
|upkeep
|turn|7
|
|t:|1641803510
|switch|p2a: Heatran|Heatran, F|100/100
|move|p1a: Snorlax|Yawn|p2a: Heatran
|-start|p2a: Heatran|move: Yawn|[of] p1a: Snorlax
|
|upkeep
|turn|8
|
|t:|1641803517
|switch|p2a: Nihilego|Nihilego|100/100
|move|p1a: Snorlax|Curse|p1a: Snorlax
|-unboost|p1a: Snorlax|spe|1
|-boost|p1a: Snorlax|atk|1
|-boost|p1a: Snorlax|def|1
|
|upkeep
|turn|9
|
|t:|1641803525
|move|p2a: Nihilego|Sludge Bomb|p1a: Snorlax
|-damage|p1a: Snorlax|59/100
|move|p1a: Snorlax|Crunch|p2a: Nihilego
|-damage|p2a: Nihilego|45/100
|-unboost|p2a: Nihilego|def|1
|
|-heal|p2a: Nihilego|51/100|[from] item: Black Sludge
|upkeep
|turn|10
|
|t:|1641803535
|switch|p2a: Heatran|Heatran, F|100/100
|move|p1a: Snorlax|Crunch|p2a: Heatran
|-damage|p2a: Heatran|76/100
|
|-heal|p2a: Heatran|83/100|[from] item: Leftovers
|upkeep
|turn|11
|
|t:|1641803545
|move|p2a: Heatran|Toxic|p1a: Snorlax
|-status|p1a: Snorlax|tox
|move|p1a: Snorlax|Crunch|p2a: Heatran
|-damage|p2a: Heatran|56/100
|
|-heal|p2a: Heatran|62/100|[from] item: Leftovers
|-damage|p1a: Snorlax|53/100 tox|[from] psn
|upkeep
|turn|12
|
|t:|1641803562
|switch|p2a: Landorus|Landorus-Therian, M|100/100
|-ability|p2a: Landorus|Intimidate|boost
|-unboost|p1a: Snorlax|atk|1
|move|p1a: Snorlax|Curse|p1a: Snorlax
|-unboost|p1a: Snorlax|spe|1
|-boost|p1a: Snorlax|atk|1
|-boost|p1a: Snorlax|def|1
|
|-damage|p1a: Snorlax|41/100 tox|[from] psn
|upkeep
|turn|13
|
|t:|1641803573
|move|p2a: Landorus|U-turn|p1a: Snorlax
|-damage|p1a: Snorlax|29/100 tox
|
|t:|1641803577
|switch|p2a: Clefable|Clefable, F|100/100|[from]move: U-turn
|move|p1a: Snorlax|Toxic|p2a: Clefable
|-status|p2a: Clefable|tox
|
|-damage|p1a: Snorlax|10/100 tox|[from] psn
|upkeep
|turn|14
|
|t:|1641803595
|move|p2a: Clefable|Thunder|p1a: Snorlax
|-crit|p1a: Snorlax
|-damage|p1a: Snorlax|0 fnt
|faint|p1a: Snorlax
|
|upkeep
|
|t:|1641803603
|switch|p1a: Polteageist|Polteageist|100/100
|turn|15
|inactive|Drop A Fish has 270 seconds left.
|inactive|Drop A Fish has 240 seconds left.
|
|t:|1641803685
|move|p1a: Polteageist|Shell Smash|p1a: Polteageist
|-unboost|p1a: Polteageist|def|1
|-unboost|p1a: Polteageist|spd|1
|-boost|p1a: Polteageist|atk|2
|-boost|p1a: Polteageist|spa|2
|-boost|p1a: Polteageist|spe|2
|move|p2a: Clefable|Toxic|p1a: Polteageist|[miss]
|-miss|p2a: Clefable|p1a: Polteageist
|
|upkeep
|turn|16
|
|t:|1641803695
|move|p1a: Polteageist|Stored Power|p2a: Clefable
|-damage|p2a: Clefable|0 fnt
|faint|p2a: Clefable
|
|upkeep
|
|t:|1641803701
|switch|p2a: Landorus|Landorus-Therian, M|100/100
|-ability|p2a: Landorus|Intimidate|boost
|-unboost|p1a: Polteageist|atk|1
|turn|17
|
|t:|1641803706
|move|p1a: Polteageist|Stored Power|p2a: Landorus
|-damage|p2a: Landorus|0 fnt
|faint|p2a: Landorus
|
|upkeep
|
|t:|1641803710
|switch|p2a: Heatran|Heatran, F|62/100
|turn|18
|c|☆MrNom|!weak heatran
|c| MrNom|/raw <div class="infobox">Heatran (ignoring abilities):<br /><span class="message-effect-weak">Weaknesses</span>: Fighting, <b>Ground</b>, Water<br /><span class="message-effect-resist">Resistances</span>: <b>Bug</b>, Dragon, <b>Fairy</b>, Flying, <b>Grass</b>, <b>Ice</b>, Normal, Psychic, <b>Steel</b><br /><span class="message-effect-immune">Immunities</span>: Poison, Burn, Sandstorm damage, Toxic</div>
|
|t:|1641803725
|move|p1a: Polteageist|Shadow Ball|p2a: Heatran
|-damage|p2a: Heatran|2/100
|move|p2a: Heatran|Magma Storm|p1a: Polteageist|[miss]
|-miss|p2a: Heatran|p1a: Polteageist
|
|-heal|p2a: Heatran|8/100|[from] item: Leftovers
|upkeep
|turn|19
|
|t:|1641803734
|move|p1a: Polteageist|Shadow Ball|p2a: Heatran
|-damage|p2a: Heatran|0 fnt
|faint|p2a: Heatran
|
|upkeep
|
|t:|1641803751
|switch|p2a: Zapdos|Zapdos|100/100
|turn|20
|
|t:|1641803756
|move|p1a: Polteageist|Stored Power|p2a: Zapdos
|-damage|p2a: Zapdos|2/100
|move|p2a: Zapdos|Thunderbolt|p1a: Polteageist
|-damage|p1a: Polteageist|23/100
|
|upkeep
|turn|21
|
|t:|1641803763
|move|p1a: Polteageist|Stored Power|p2a: Zapdos
|-damage|p2a: Zapdos|0 fnt
|faint|p2a: Zapdos
|
|upkeep
|
|t:|1641803766
|switch|p2a: Nihilego|Nihilego|51/100
|turn|22
|
|t:|1641803769
|move|p1a: Polteageist|Stored Power|p2a: Nihilego
|-supereffective|p2a: Nihilego
|-damage|p2a: Nihilego|0 fnt
|faint|p2a: Nihilego
|
|win|MrNom
