|j|☆Drop A Fish
|j|☆MrNom
|t:|1641804940
|gametype|singles
|player|p1|Drop A Fish|gentleman-gen4|
|player|p2|MrNom|skyla|
|teamsize|p1|6
|teamsize|p2|6
|gen|8
|tier|[Gen 8] OU
|rule|Sleep Clause Mod: Limit one foe put to sleep
|rule|Species Clause: Limit one of each Pokémon
|rule|OHKO Clause: OHKO moves are banned
|rule|Evasion Moves Clause: Evasion moves are banned
|rule|Endless Battle Clause: Forcing endless battles is banned
|rule|HP Percentage Mod: HP is shown in percentages
|rule|Dynamax Clause: You cannot dynamax
|clearpoke
|poke|p1|Clefable, F|
|poke|p1|Toxapex, M|
|poke|p1|Landorus-Therian, M|
|poke|p1|Ferrothorn, M|
|poke|p1|Reuniclus, F|
|poke|p1|Tornadus-Therian, M|
|poke|p2|Snorlax, F|
|poke|p2|Turtonator, M|
|poke|p2|Heliolisk, F|
|poke|p2|Chandelure, M|
|poke|p2|Hawlucha, M|
|poke|p2|Polteageist|
|teampreview
|inactive|Battle timer is ON: inactive players will automatically lose when time's up. (requested by MrNom)
|
|t:|1641804977
|start
|switch|p1a: Reuniclus|Reuniclus, F|100/100
|switch|p2a: The Fryer|Chandelure, M, shiny|100/100
|turn|1
|
|t:|1641804982
|move|p2a: The Fryer|Shadow Ball|p1a: Reuniclus
|-supereffective|p1a: Reuniclus
|-damage|p1a: Reuniclus|0 fnt
|faint|p1a: Reuniclus
|
|upkeep
|
|t:|1641804993
|switch|p1a: Toxapex|Toxapex, M|100/100
|turn|2
|j| Pindustry
|
|t:|1641805005
|switch|p2a: KFLizard|Heliolisk, F, shiny|100/100
|move|p1a: Toxapex|Scald|p2a: KFLizard
|-immune|p2a: KFLizard|[from] ability: Dry Skin
|
|upkeep
|turn|3
|
|t:|1641805013
|switch|p1a: Ferrothorn|Ferrothorn, M|100/100
|move|p2a: KFLizard|Volt Switch|p1a: Ferrothorn
|-resisted|p1a: Ferrothorn
|-damage|p1a: Ferrothorn|88/100
|-damage|p2a: KFLizard|91/100|[from] item: Life Orb
|
|t:|1641805021
|switch|p2a: The Fryer|Chandelure, M, shiny|100/100|[from]move: Volt Switch
|
|-heal|p1a: Ferrothorn|94/100|[from] item: Leftovers
|upkeep
|turn|4
|
|t:|1641805026
|switch|p1a: Toxapex|Toxapex, M|100/100
|move|p2a: The Fryer|Psychic|p1a: Toxapex
|-supereffective|p1a: Toxapex
|-damage|p1a: Toxapex|29/100
|
|upkeep
|turn|5
|
|t:|1641805032
|move|p2a: The Fryer|Psychic|p1a: Toxapex
|-supereffective|p1a: Toxapex
|-damage|p1a: Toxapex|0 fnt
|faint|p1a: Toxapex
|
|upkeep
|
|t:|1641805034
|switch|p1a: Tornadus|Tornadus-Therian, M|100/100
|turn|6
|
|t:|1641805046
|move|p1a: Tornadus|Toxic|p2a: The Fryer
|-status|p2a: The Fryer|tox
|move|p2a: The Fryer|Psychic|p1a: Tornadus
|-damage|p1a: Tornadus|44/100
|
|-damage|p2a: The Fryer|94/100 tox|[from] psn
|upkeep
|turn|7
|
|t:|1641805052
|move|p1a: Tornadus|Knock Off|p2a: The Fryer
|-supereffective|p2a: The Fryer
|-damage|p2a: The Fryer|39/100 tox
|-enditem|p2a: The Fryer|Choice Specs|[from] move: Knock Off|[of] p1a: Tornadus
|move|p2a: The Fryer|Psychic|p1a: Tornadus
|-damage|p1a: Tornadus|12/100
|
|-damage|p2a: The Fryer|27/100 tox|[from] psn
|upkeep
|turn|8
|
|t:|1641805062
|move|p1a: Tornadus|Knock Off|p2a: The Fryer
|-supereffective|p2a: The Fryer
|-crit|p2a: The Fryer
|-damage|p2a: The Fryer|0 fnt
|faint|p2a: The Fryer
|
|upkeep
|
|t:|1641805070
|switch|p2a: Hawlucha|Hawlucha, M|100/100
|turn|9
|
|t:|1641805074
|move|p1a: Tornadus|Toxic|p2a: Hawlucha|[miss]
|-miss|p1a: Tornadus|p2a: Hawlucha
|move|p2a: Hawlucha|Close Combat|p1a: Tornadus
|-resisted|p1a: Tornadus
|-damage|p1a: Tornadus|0 fnt
|-unboost|p2a: Hawlucha|def|1
|-unboost|p2a: Hawlucha|spd|1
|-enditem|p2a: Hawlucha|White Herb
|-clearnegativeboost|p2a: Hawlucha|[silent]
|faint|p1a: Tornadus
|
|upkeep
|
|t:|1641805079
|switch|p1a: Clefable|Clefable, F|100/100
|turn|10
|
|t:|1641805090
|switch|p2a: Snorlax|Snorlax, F|100/100
|move|p1a: Clefable|Moonblast|p2a: Snorlax
|-damage|p2a: Snorlax|75/100
|-unboost|p2a: Snorlax|spa|1
|
|upkeep
|turn|11
|
|t:|1641805100
|switch|p1a: Ferrothorn|Ferrothorn, M|94/100
|move|p2a: Snorlax|Yawn|p1a: Ferrothorn
|-start|p1a: Ferrothorn|move: Yawn|[of] p2a: Snorlax
|
|-heal|p1a: Ferrothorn|99/100|[from] item: Leftovers
|upkeep
|turn|12
|
|t:|1641805107
|switch|p1a: Clefable|Clefable, F|100/100
|move|p2a: Snorlax|Curse|p2a: Snorlax
|-unboost|p2a: Snorlax|spe|1
|-boost|p2a: Snorlax|atk|1
|-boost|p2a: Snorlax|def|1
|
|upkeep
|turn|13
|
|t:|1641805116
|switch|p1a: Ferrothorn|Ferrothorn, M|99/100
|move|p2a: Snorlax|Yawn|p1a: Ferrothorn
|-start|p1a: Ferrothorn|move: Yawn|[of] p2a: Snorlax
|
|-heal|p1a: Ferrothorn|100/100|[from] item: Leftovers
|upkeep
|turn|14
|
|t:|1641805123
|move|p1a: Ferrothorn|Leech Seed|p2a: Snorlax
|-start|p2a: Snorlax|move: Leech Seed
|move|p2a: Snorlax|Curse|p2a: Snorlax
|-unboost|p2a: Snorlax|spe|1
|-boost|p2a: Snorlax|atk|1
|-boost|p2a: Snorlax|def|1
|
|-damage|p2a: Snorlax|63/100|[from] Leech Seed|[of] p1a: Ferrothorn
|-end|p1a: Ferrothorn|move: Yawn|[silent]
|-status|p1a: Ferrothorn|slp
|upkeep
|turn|15
|
|t:|1641805135
|switch|p1a: Landorus|Landorus-Therian, M|100/100
|-ability|p1a: Landorus|Intimidate|boost
|-unboost|p2a: Snorlax|atk|1
|switch|p2a: Turtonator|Turtonator, M|100/100
|
|upkeep
|turn|16
|
|t:|1641805142
|move|p1a: Landorus|Earthquake|p2a: Turtonator
|-supereffective|p2a: Turtonator
|-damage|p2a: Turtonator|44/100
|move|p2a: Turtonator|Will-O-Wisp|p1a: Landorus
|-status|p1a: Landorus|brn
|
|-heal|p2a: Turtonator|50/100|[from] item: Leftovers
|-damage|p1a: Landorus|94/100 brn|[from] brn
|upkeep
|turn|17
|
|t:|1641805166
|switch|p2a: Snorlax|Snorlax, F|63/100
|move|p1a: Landorus|Earthquake|p2a: Snorlax
|-damage|p2a: Snorlax|42/100
|
|-heal|p1a: Landorus|100/100 brn|[from] item: Leftovers
|-damage|p1a: Landorus|94/100 brn|[from] brn
|upkeep
|turn|18
|
|t:|1641805179
|move|p1a: Landorus|Toxic|p2a: Snorlax|[miss]
|-miss|p1a: Landorus|p2a: Snorlax
|move|p2a: Snorlax|Curse|p2a: Snorlax
|-unboost|p2a: Snorlax|spe|1
|-boost|p2a: Snorlax|atk|1
|-boost|p2a: Snorlax|def|1
|
|-heal|p1a: Landorus|100/100 brn|[from] item: Leftovers
|-damage|p1a: Landorus|94/100 brn|[from] brn
|upkeep
|turn|19
|
|t:|1641805188
|move|p1a: Landorus|Toxic|p2a: Snorlax
|-status|p2a: Snorlax|tox
|move|p2a: Snorlax|Crunch|p1a: Landorus
|-damage|p1a: Landorus|67/100 brn
|
|-heal|p1a: Landorus|73/100 brn|[from] item: Leftovers
|-damage|p2a: Snorlax|36/100 tox|[from] psn
|-damage|p1a: Landorus|67/100 brn|[from] brn
|upkeep
|turn|20
|
|t:|1641805203
|switch|p2a: Turtonator|Turtonator, M|50/100
|move|p1a: Landorus|U-turn|p2a: Turtonator
|-resisted|p2a: Turtonator
|-damage|p2a: Turtonator|47/100
|
|t:|1641805209
|switch|p1a: Clefable|Clefable, F|100/100|[from]move: U-turn
|
|-heal|p2a: Turtonator|53/100|[from] item: Leftovers
|upkeep
|turn|21
|
|t:|1641805225
|move|p1a: Clefable|Moonblast|p2a: Turtonator
|-damage|p2a: Turtonator|0 fnt
|faint|p2a: Turtonator
|
|upkeep
|
|t:|1641805229
|switch|p2a: Polteageist|Polteageist|100/100
|turn|22
|
|t:|1641805233
|move|p2a: Polteageist|Shell Smash|p2a: Polteageist
|-unboost|p2a: Polteageist|def|1
|-unboost|p2a: Polteageist|spd|1
|-boost|p2a: Polteageist|atk|2
|-boost|p2a: Polteageist|spa|2
|-boost|p2a: Polteageist|spe|2
|move|p1a: Clefable|Moonblast|p2a: Polteageist
|-enditem|p2a: Polteageist|Focus Sash
|-damage|p2a: Polteageist|1/100
|
|upkeep
|turn|23
|
|t:|1641805243
|move|p2a: Polteageist|Stored Power|p1a: Clefable
|-damage|p1a: Clefable|0 fnt
|faint|p1a: Clefable
|
|upkeep
|c|☆Drop A Fish|GG WP
|
|t:|1641805250
|switch|p1a: Ferrothorn|Ferrothorn, M|100/100 slp
|turn|24
|
|t:|1641805253
|move|p2a: Polteageist|Stored Power|p1a: Ferrothorn
|-resisted|p1a: Ferrothorn
|-damage|p1a: Ferrothorn|64/100 slp
|cant|p1a: Ferrothorn|slp
|
|-heal|p1a: Ferrothorn|70/100 slp|[from] item: Leftovers
|upkeep
|turn|25
|
|t:|1641805260
|move|p2a: Polteageist|Shadow Ball|p1a: Ferrothorn
|-damage|p1a: Ferrothorn|13/100 slp
|-curestatus|p1a: Ferrothorn|slp|[msg]
|move|p1a: Ferrothorn|Knock Off|p2a: Polteageist
|-supereffective|p2a: Polteageist
|-damage|p2a: Polteageist|0 fnt
|faint|p2a: Polteageist
|
|-heal|p1a: Ferrothorn|19/100|[from] item: Leftovers
|upkeep
|
|t:|1641805274
|switch|p2a: Hawlucha|Hawlucha, M|100/100
|turn|26
|
|t:|1641805281
|move|p2a: Hawlucha|Drain Punch|p1a: Ferrothorn
|-supereffective|p1a: Ferrothorn
|-damage|p1a: Ferrothorn|0 fnt
|-damage|p2a: Hawlucha|88/100|[from] ability: Iron Barbs|[of] p1a: Ferrothorn
|faint|p1a: Ferrothorn
|
|upkeep
|
|t:|1641805283
|switch|p1a: Landorus|Landorus-Therian, M|67/100 brn
|-ability|p1a: Landorus|Intimidate|boost
|-unboost|p2a: Hawlucha|atk|1
|turn|27
|
|t:|1641805292
|move|p2a: Hawlucha|Close Combat|p1a: Landorus
|-resisted|p1a: Landorus
|-damage|p1a: Landorus|50/100 brn
|-unboost|p2a: Hawlucha|def|1
|-unboost|p2a: Hawlucha|spd|1
|move|p1a: Landorus|Toxic|p2a: Hawlucha
|-status|p2a: Hawlucha|tox
|
|-heal|p1a: Landorus|56/100 brn|[from] item: Leftovers
|-damage|p2a: Hawlucha|82/100 tox|[from] psn
|-damage|p1a: Landorus|50/100 brn|[from] brn
|upkeep
|turn|28
|
|t:|1641805303
|move|p2a: Hawlucha|Acrobatics|p1a: Landorus
|-damage|p1a: Landorus|18/100 brn
|move|p1a: Landorus|Stealth Rock|p2a: Hawlucha
|-sidestart|p2: MrNom|move: Stealth Rock
|
|-heal|p1a: Landorus|24/100 brn|[from] item: Leftovers
|-damage|p2a: Hawlucha|70/100 tox|[from] psn
|-damage|p1a: Landorus|18/100 brn|[from] brn
|upkeep
|turn|29
|
|t:|1641805311
|move|p2a: Hawlucha|Acrobatics|p1a: Landorus
|-damage|p1a: Landorus|0 fnt
|faint|p1a: Landorus
|
|win|MrNom
