|j|☆X_LSWAB
|j|☆TheRandomChaos
|t:|1641882672
|gametype|singles
|player|p1|X_LSWAB|1|1032
|player|p2|TheRandomChaos|marley|1014
|teamsize|p1|6
|teamsize|p2|6
|gen|8
|tier|[Gen 8] OU
|rated|
|rule|Sleep Clause Mod: Limit one foe put to sleep
|rule|Species Clause: Limit one of each Pokémon
|rule|OHKO Clause: OHKO moves are banned
|rule|Evasion Moves Clause: Evasion moves are banned
|rule|Endless Battle Clause: Forcing endless battles is banned
|rule|HP Percentage Mod: HP is shown in percentages
|rule|Dynamax Clause: You cannot dynamax
|clearpoke
|poke|p1|Seismitoad, M|
|poke|p1|Toxapex, F|
|poke|p1|Corviknight, M|
|poke|p1|Clefable, F|
|poke|p1|Dragapult, M|
|poke|p1|Ditto|
|poke|p2|Crobat, M|
|poke|p2|Tentacruel, M|
|poke|p2|Magnezone|
|poke|p2|Ferrothorn, M|
|poke|p2|Quagsire, M|
|poke|p2|Volcarona, F|
|teampreview
|
|t:|1641882681
|start
|switch|p1a: Seismitoad|Seismitoad, M|100/100
|switch|p2a: Crobat|Crobat, M|100/100
|turn|1
|
|t:|1641882690
|move|p2a: Crobat|Rain Dance|p2a: Crobat
|-weather|RainDance
|move|p1a: Seismitoad|Stealth Rock|p2a: Crobat
|-sidestart|p2: TheRandomChaos|move: Stealth Rock
|
|-weather|RainDance|[upkeep]
|upkeep
|turn|2
|
|t:|1641882699
|move|p2a: Crobat|U-turn|p1a: Seismitoad
|-damage|p1a: Seismitoad|82/100
|
|t:|1641882705
|switch|p2a: Ferrothorn|Ferrothorn, M|100/100|[from]move: U-turn
|-damage|p2a: Ferrothorn|95/100|[from] Stealth Rock
|move|p1a: Seismitoad|Knock Off|p2a: Ferrothorn
|-damage|p2a: Ferrothorn|79/100
|-damage|p1a: Seismitoad|70/100|[from] ability: Iron Barbs|[of] p2a: Ferrothorn
|-damage|p1a: Seismitoad|53/100|[from] item: Rocky Helmet|[of] p2a: Ferrothorn
|-enditem|p2a: Ferrothorn|Rocky Helmet|[from] move: Knock Off|[of] p1a: Seismitoad
|
|-weather|RainDance|[upkeep]
|-heal|p1a: Seismitoad|59/100|[from] item: Leftovers
|upkeep
|turn|3
|
|t:|1641882723
|switch|p1a: Corviknight|Corviknight, M|100/100
|-ability|p1a: Corviknight|Pressure
|move|p2a: Ferrothorn|Leech Seed|p1a: Corviknight
|-start|p1a: Corviknight|move: Leech Seed
|
|-weather|RainDance|[upkeep]
|-damage|p1a: Corviknight|88/100|[from] Leech Seed|[of] p2a: Ferrothorn
|-heal|p2a: Ferrothorn|94/100|[silent]
|upkeep
|turn|4
|
|t:|1641882735
|move|p1a: Corviknight|Body Press|p2a: Ferrothorn
|-supereffective|p2a: Ferrothorn
|-damage|p2a: Ferrothorn|57/100
|-damage|p1a: Corviknight|75/100|[from] ability: Iron Barbs|[of] p2a: Ferrothorn
|move|p2a: Ferrothorn|Stealth Rock|p1a: Corviknight
|-sidestart|p1: X_LSWAB|move: Stealth Rock
|
|-weather|RainDance|[upkeep]
|-heal|p1a: Corviknight|82/100|[from] item: Leftovers
|-damage|p1a: Corviknight|69/100|[from] Leech Seed|[of] p2a: Ferrothorn
|-heal|p2a: Ferrothorn|71/100|[silent]
|upkeep
|turn|5
|
|t:|1641882748
|move|p1a: Corviknight|Defog|p2a: Ferrothorn
|-unboost|p2a: Ferrothorn|evasion|1
|-sideend|p2: TheRandomChaos|Stealth Rock|[from] move: Defog|[of] p1a: Corviknight
|-sideend|p1: X_LSWAB|Stealth Rock|[from] move: Defog|[of] p1a: Corviknight
|move|p2a: Ferrothorn|Spikes|p1a: Corviknight
|-sidestart|p1: X_LSWAB|Spikes
|
|-weather|RainDance|[upkeep]
|-heal|p1a: Corviknight|75/100|[from] item: Leftovers
|-damage|p1a: Corviknight|63/100|[from] Leech Seed|[of] p2a: Ferrothorn
|-heal|p2a: Ferrothorn|86/100|[silent]
|upkeep
|turn|6
|
|t:|1641882762
|move|p1a: Corviknight|Defog|p2a: Ferrothorn
|-unboost|p2a: Ferrothorn|evasion|1
|-sideend|p1: X_LSWAB|Spikes|[from] move: Defog|[of] p1a: Corviknight
|move|p2a: Ferrothorn|Stealth Rock|p1a: Corviknight
|-sidestart|p1: X_LSWAB|move: Stealth Rock
|
|-weather|RainDance|[upkeep]
|-heal|p1a: Corviknight|69/100|[from] item: Leftovers
|-damage|p1a: Corviknight|57/100|[from] Leech Seed|[of] p2a: Ferrothorn
|-heal|p2a: Ferrothorn|99/100|[silent]
|upkeep
|turn|7
|
|t:|1641882775
|switch|p2a: Volcarona|Volcarona, F|100/100
|move|p1a: Corviknight|Roost|p1a: Corviknight
|-heal|p1a: Corviknight|100/100
|-singleturn|p1a: Corviknight|move: Roost
|
|-weather|RainDance|[upkeep]
|-damage|p1a: Corviknight|88/100|[from] Leech Seed|[of] p2a: Volcarona
|upkeep
|turn|8
|
|t:|1641882787
|switch|p1a: Clefable|Clefable, F|100/100
|move|p2a: Volcarona|Hurricane|p1a: Clefable
|-damage|p1a: Clefable|71/100
|
|-weather|none
|-heal|p1a: Clefable|77/100|[from] item: Leftovers
|upkeep
|turn|9
|
|t:|1641882798
|move|p2a: Volcarona|Protect|p2a: Volcarona
|-singleturn|p2a: Volcarona|Protect
|move|p1a: Clefable|Cosmic Power|p1a: Clefable
|-boost|p1a: Clefable|def|1
|-boost|p1a: Clefable|spd|1
|
|-heal|p1a: Clefable|83/100|[from] item: Leftovers
|upkeep
|turn|10
|
|t:|1641882809
|switch|p2a: Ferrothorn|Ferrothorn, M|99/100
|move|p1a: Clefable|Stealth Rock|p2a: Ferrothorn
|-sidestart|p2: TheRandomChaos|move: Stealth Rock
|
|-heal|p1a: Clefable|89/100|[from] item: Leftovers
|upkeep
|turn|11
|
|t:|1641882817
|move|p1a: Clefable|Cosmic Power|p1a: Clefable
|-boost|p1a: Clefable|def|1
|-boost|p1a: Clefable|spd|1
|move|p2a: Ferrothorn|Leech Seed|p1a: Clefable
|-start|p1a: Clefable|move: Leech Seed
|
|-heal|p1a: Clefable|95/100|[from] item: Leftovers
|upkeep
|turn|12
|
|t:|1641882826
|move|p1a: Clefable|Cosmic Power|p1a: Clefable
|-boost|p1a: Clefable|def|1
|-boost|p1a: Clefable|spd|1
|move|p2a: Ferrothorn|Gyro Ball|p1a: Clefable
|-supereffective|p1a: Clefable
|-damage|p1a: Clefable|63/100
|
|-heal|p1a: Clefable|69/100|[from] item: Leftovers
|upkeep
|turn|13
|
|t:|1641882836
|move|p1a: Clefable|Moonblast|p2a: Ferrothorn
|-resisted|p2a: Ferrothorn
|-damage|p2a: Ferrothorn|88/100
|move|p2a: Ferrothorn|Gyro Ball|p1a: Clefable
|-supereffective|p1a: Clefable
|-damage|p1a: Clefable|37/100
|
|-heal|p1a: Clefable|43/100|[from] item: Leftovers
|upkeep
|turn|14
|
|t:|1641882846
|switch|p1a: Corviknight|Corviknight, M|88/100
|-damage|p1a: Corviknight|75/100|[from] Stealth Rock
|-ability|p1a: Corviknight|Pressure
|move|p2a: Ferrothorn|Gyro Ball|p1a: Corviknight
|-resisted|p1a: Corviknight
|-damage|p1a: Corviknight|64/100
|
|-heal|p1a: Corviknight|70/100|[from] item: Leftovers
|upkeep
|turn|15
|
|t:|1641882858
|move|p1a: Corviknight|Body Press|p2a: Ferrothorn
|-supereffective|p2a: Ferrothorn
|-damage|p2a: Ferrothorn|50/100
|-damage|p1a: Corviknight|58/100|[from] ability: Iron Barbs|[of] p2a: Ferrothorn
|move|p2a: Ferrothorn|Leech Seed|p1a: Corviknight
|-start|p1a: Corviknight|move: Leech Seed
|
|-heal|p1a: Corviknight|64/100|[from] item: Leftovers
|-damage|p1a: Corviknight|52/100|[from] Leech Seed|[of] p2a: Ferrothorn
|-heal|p2a: Ferrothorn|65/100|[silent]
|upkeep
|turn|16
|
|t:|1641882875
|switch|p2a: Magnezone|Magnezone|100/100
|-damage|p2a: Magnezone|94/100|[from] Stealth Rock
|-item|p2a: Magnezone|Air Balloon
|move|p1a: Corviknight|Body Press|p2a: Magnezone
|-supereffective|p2a: Magnezone
|-damage|p2a: Magnezone|44/100
|-enditem|p2a: Magnezone|Air Balloon
|
|-heal|p1a: Corviknight|58/100|[from] item: Leftovers
|-damage|p1a: Corviknight|45/100|[from] Leech Seed|[of] p2a: Magnezone
|-heal|p2a: Magnezone|59/100|[silent]
|upkeep
|turn|17
|
|t:|1641882890
|switch|p1a: Seismitoad|Seismitoad, M|59/100
|-damage|p1a: Seismitoad|53/100|[from] Stealth Rock
|move|p2a: Magnezone|Volt Switch|p1a: Seismitoad
|-immune|p1a: Seismitoad
|
|-heal|p1a: Seismitoad|59/100|[from] item: Leftovers
|upkeep
|turn|18
|
|t:|1641882904
|switch|p2a: Quagsire|Quagsire, M|100/100
|-damage|p2a: Quagsire|94/100|[from] Stealth Rock
|move|p1a: Seismitoad|Knock Off|p2a: Quagsire
|-damage|p2a: Quagsire|79/100
|-enditem|p2a: Quagsire|Leftovers|[from] move: Knock Off|[of] p1a: Seismitoad
|
|-heal|p1a: Seismitoad|65/100|[from] item: Leftovers
|upkeep
|turn|19
|
|t:|1641882918
|switch|p1a: Dragapult|Dragapult, M|100/100
|-damage|p1a: Dragapult|88/100|[from] Stealth Rock
|move|p2a: Quagsire|Yawn|p1a: Dragapult
|-start|p1a: Dragapult|move: Yawn|[of] p2a: Quagsire
|
|upkeep
|turn|20
|
|t:|1641882933
|switch|p2a: Tentacruel|Tentacruel, M|100/100
|-damage|p2a: Tentacruel|88/100|[from] Stealth Rock
|move|p1a: Dragapult|Dragon Darts|p2a: Tentacruel
|-damage|p2a: Tentacruel|35/100
|-anim|p1a: Dragapult|Dragon Darts|p2a: Tentacruel
|-damage|p2a: Tentacruel|0 fnt
|faint|p2a: Tentacruel
|-damage|p1a: Dragapult|78/100|[from] item: Life Orb
|
|-end|p1a: Dragapult|move: Yawn|[silent]
|-status|p1a: Dragapult|slp
|upkeep
|
|t:|1641882947
|switch|p2a: Crobat|Crobat, M|100/100
|-damage|p2a: Crobat|75/100|[from] Stealth Rock
|turn|21
|
|t:|1641882953
|move|p2a: Crobat|Rain Dance|p2a: Crobat
|-weather|RainDance
|cant|p1a: Dragapult|slp
|
|-weather|RainDance|[upkeep]
|upkeep
|turn|22
|
|t:|1641882959
|move|p2a: Crobat|Brave Bird|p1a: Dragapult
|-damage|p1a: Dragapult|17/100 slp
|-damage|p2a: Crobat|55/100|[from] Recoil
|-curestatus|p1a: Dragapult|slp|[msg]
|move|p1a: Dragapult|Dragon Darts|p2a: Crobat
|-damage|p2a: Crobat|5/100
|-anim|p1a: Dragapult|Dragon Darts|p2a: Crobat
|-damage|p2a: Crobat|0 fnt
|faint|p2a: Crobat
|-damage|p1a: Dragapult|7/100|[from] item: Life Orb
|
|-weather|RainDance|[upkeep]
|upkeep
|
|t:|1641882974
|switch|p2a: Magnezone|Magnezone|59/100
|-damage|p2a: Magnezone|53/100|[from] Stealth Rock
|turn|23
|
|t:|1641882979
|move|p1a: Dragapult|Dragon Darts|p2a: Magnezone
|-resisted|p2a: Magnezone
|-damage|p2a: Magnezone|38/100
|-anim|p1a: Dragapult|Dragon Darts|p2a: Magnezone
|-resisted|p2a: Magnezone
|-damage|p2a: Magnezone|21/100
|-damage|p1a: Dragapult|0 fnt|[from] item: Life Orb
|faint|p1a: Dragapult
|move|p2a: Magnezone|Thunder|p1: Dragapult|[notarget]
|-fail|p2a: Magnezone
|
|-weather|RainDance|[upkeep]
|upkeep
|
|t:|1641882989
|switch|p1a: Clefable|Clefable, F|43/100
|turn|24
|
|t:|1641882994
|move|p1a: Clefable|Wish|p1a: Clefable
|move|p2a: Magnezone|Flash Cannon|p1a: Clefable
|-supereffective|p1a: Clefable
|-damage|p1a: Clefable|0 fnt
|faint|p1a: Clefable
|
|-weather|RainDance|[upkeep]
|upkeep
|
|t:|1641882999
|switch|p1a: Corviknight|Corviknight, M|45/100
|-damage|p1a: Corviknight|33/100|[from] Stealth Rock
|-ability|p1a: Corviknight|Pressure
|turn|25
|
|t:|1641883006
|move|p1a: Corviknight|Body Press|p2a: Magnezone
|-supereffective|p2a: Magnezone
|-damage|p2a: Magnezone|0 fnt
|faint|p2a: Magnezone
|
|-weather|RainDance|[upkeep]
|-heal|p1a: Corviknight|82/100|[from] move: Wish|[wisher] Clefable
|-heal|p1a: Corviknight|88/100|[from] item: Leftovers
|upkeep
|
|t:|1641883016
|switch|p2a: Ferrothorn|Ferrothorn, M|65/100
|-damage|p2a: Ferrothorn|59/100|[from] Stealth Rock
|turn|26
|
|t:|1641883021
|move|p1a: Corviknight|Body Press|p2a: Ferrothorn
|-supereffective|p2a: Ferrothorn
|-damage|p2a: Ferrothorn|24/100
|-damage|p1a: Corviknight|76/100|[from] ability: Iron Barbs|[of] p2a: Ferrothorn
|move|p2a: Ferrothorn|Leech Seed|p1a: Corviknight
|-start|p1a: Corviknight|move: Leech Seed
|
|-weather|RainDance|[upkeep]
|-heal|p1a: Corviknight|82/100|[from] item: Leftovers
|-damage|p1a: Corviknight|70/100|[from] Leech Seed|[of] p2a: Ferrothorn
|-heal|p2a: Ferrothorn|39/100|[silent]
|upkeep
|turn|27
|
|t:|1641883036
|switch|p2a: Volcarona|Volcarona, F|100/100
|-damage|p2a: Volcarona|51/100|[from] Stealth Rock
|move|p1a: Corviknight|Body Press|p2a: Volcarona
|-resisted|p2a: Volcarona
|-damage|p2a: Volcarona|32/100
|
|-weather|RainDance|[upkeep]
|-heal|p1a: Corviknight|76/100|[from] item: Leftovers
|-damage|p1a: Corviknight|63/100|[from] Leech Seed|[of] p2a: Volcarona
|-heal|p2a: Volcarona|48/100|[silent]
|upkeep
|turn|28
|
|t:|1641883053
|switch|p1a: Ditto|Ditto|100/100
|-damage|p1a: Ditto|88/100|[from] Stealth Rock
|-transform|p1a: Ditto|p2a: Volcarona|[from] ability: Imposter
|move|p2a: Volcarona|Protect||[still]
|-fail|p2a: Volcarona
|
|-weather|none
|upkeep
|turn|29
|
|t:|1641883064
|switch|p2a: Quagsire|Quagsire, M|79/100
|-damage|p2a: Quagsire|73/100|[from] Stealth Rock
|move|p1a: Ditto|Quiver Dance|p1a: Ditto
|-boost|p1a: Ditto|spa|1
|-boost|p1a: Ditto|spd|1
|-boost|p1a: Ditto|spe|1
|
|upkeep
|turn|30
|
|t:|1641883075
|move|p1a: Ditto|Hurricane|p2a: Quagsire|[miss]
|-miss|p1a: Ditto|p2a: Quagsire
|move|p2a: Quagsire|Scald|p1a: Ditto
|-supereffective|p1a: Ditto
|-damage|p1a: Ditto|46/100
|
|upkeep
|turn|31
|
|t:|1641883084
|move|p1a: Ditto|Hurricane|p2a: Quagsire
|-damage|p2a: Quagsire|24/100
|move|p2a: Quagsire|Scald|p1a: Ditto
|-supereffective|p1a: Ditto
|-damage|p1a: Ditto|0 fnt
|faint|p1a: Ditto
|
|upkeep
|
|t:|1641883095
|switch|p1a: Corviknight|Corviknight, M|63/100
|-damage|p1a: Corviknight|51/100|[from] Stealth Rock
|-ability|p1a: Corviknight|Pressure
|turn|32
|
|t:|1641883102
|move|p1a: Corviknight|Body Press|p2a: Quagsire
|-damage|p2a: Quagsire|4/100
|move|p2a: Quagsire|Recover|p2a: Quagsire
|-heal|p2a: Quagsire|54/100
|
|-heal|p1a: Corviknight|57/100|[from] item: Leftovers
|upkeep
|turn|33
|
|t:|1641883111
|move|p1a: Corviknight|Roost|p1a: Corviknight
|-heal|p1a: Corviknight|100/100
|-singleturn|p1a: Corviknight|move: Roost
|move|p2a: Quagsire|Recover|p2a: Quagsire
|-heal|p2a: Quagsire|100/100
|
|upkeep
|turn|34
|
|t:|1641883120
|move|p1a: Corviknight|Body Press|p2a: Quagsire
|-damage|p2a: Quagsire|81/100
|move|p2a: Quagsire|Scald|p1a: Corviknight
|-damage|p1a: Corviknight|83/100
|
|-heal|p1a: Corviknight|89/100|[from] item: Leftovers
|upkeep
|turn|35
|
|t:|1641883129
|move|p1a: Corviknight|U-turn|p2a: Quagsire
|-damage|p2a: Quagsire|72/100
|
|t:|1641883132
|switch|p1a: Seismitoad|Seismitoad, M|65/100|[from]move: U-turn
|-damage|p1a: Seismitoad|59/100|[from] Stealth Rock
|move|p2a: Quagsire|Scald|p1a: Seismitoad
|-heal|p1a: Seismitoad|84/100|[from] ability: Water Absorb|[of] p2a: Quagsire
|
|-heal|p1a: Seismitoad|90/100|[from] item: Leftovers
|upkeep
|turn|36
|
|t:|1641883148
|switch|p2a: Ferrothorn|Ferrothorn, M|39/100
|-damage|p2a: Ferrothorn|33/100|[from] Stealth Rock
|move|p1a: Seismitoad|Knock Off|p2a: Ferrothorn
|-damage|p2a: Ferrothorn|24/100
|-damage|p1a: Seismitoad|78/100|[from] ability: Iron Barbs|[of] p2a: Ferrothorn
|
|-heal|p1a: Seismitoad|84/100|[from] item: Leftovers
|upkeep
|turn|37
|
|t:|1641883163
|switch|p1a: Corviknight|Corviknight, M|89/100
|-damage|p1a: Corviknight|77/100|[from] Stealth Rock
|-ability|p1a: Corviknight|Pressure
|move|p2a: Ferrothorn|Leech Seed|p1a: Corviknight
|-start|p1a: Corviknight|move: Leech Seed
|
|-heal|p1a: Corviknight|83/100|[from] item: Leftovers
|-damage|p1a: Corviknight|70/100|[from] Leech Seed|[of] p2a: Ferrothorn
|-heal|p2a: Ferrothorn|38/100|[silent]
|upkeep
|turn|38
|
|t:|1641883177
|move|p1a: Corviknight|U-turn|p2a: Ferrothorn
|-damage|p2a: Ferrothorn|27/100
|-damage|p1a: Corviknight|58/100|[from] ability: Iron Barbs|[of] p2a: Ferrothorn
|
|t:|1641883182
|switch|p1a: Seismitoad|Seismitoad, M|84/100|[from]move: U-turn
|-damage|p1a: Seismitoad|78/100|[from] Stealth Rock
|move|p2a: Ferrothorn|Spikes|p1a: Seismitoad
|-sidestart|p1: X_LSWAB|Spikes
|
|-heal|p1a: Seismitoad|84/100|[from] item: Leftovers
|upkeep
|turn|39
|
|t:|1641883192
|switch|p1a: Corviknight|Corviknight, M|58/100
|-damage|p1a: Corviknight|45/100|[from] Stealth Rock
|-ability|p1a: Corviknight|Pressure
|move|p2a: Ferrothorn|Leech Seed|p1a: Corviknight
|-start|p1a: Corviknight|move: Leech Seed
|
|-heal|p1a: Corviknight|52/100|[from] item: Leftovers
|-damage|p1a: Corviknight|39/100|[from] Leech Seed|[of] p2a: Ferrothorn
|-heal|p2a: Ferrothorn|41/100|[silent]
|upkeep
|turn|40
|
|t:|1641883205
|move|p1a: Corviknight|Body Press|p2a: Ferrothorn
|-supereffective|p2a: Ferrothorn
|-damage|p2a: Ferrothorn|8/100
|-damage|p1a: Corviknight|27/100|[from] ability: Iron Barbs|[of] p2a: Ferrothorn
|move|p2a: Ferrothorn|Spikes|p1a: Corviknight
|-sidestart|p1: X_LSWAB|Spikes
|
|-heal|p1a: Corviknight|33/100|[from] item: Leftovers
|-damage|p1a: Corviknight|20/100|[from] Leech Seed|[of] p2a: Ferrothorn
|-heal|p2a: Ferrothorn|22/100|[silent]
|upkeep
|turn|41
|
|t:|1641883218
|switch|p2a: Quagsire|Quagsire, M|72/100
|-damage|p2a: Quagsire|66/100|[from] Stealth Rock
|move|p1a: Corviknight|Roost|p1a: Corviknight
|-heal|p1a: Corviknight|70/100
|-singleturn|p1a: Corviknight|move: Roost
|
|-heal|p1a: Corviknight|77/100|[from] item: Leftovers
|-damage|p1a: Corviknight|64/100|[from] Leech Seed|[of] p2a: Quagsire
|-heal|p2a: Quagsire|79/100|[silent]
|upkeep
|turn|42
|
|t:|1641883231
|move|p1a: Corviknight|Defog|p2a: Quagsire
|-unboost|p2a: Quagsire|evasion|1
|-sideend|p2: TheRandomChaos|Stealth Rock|[from] move: Defog|[of] p1a: Corviknight
|-sideend|p1: X_LSWAB|Spikes|[from] move: Defog|[of] p1a: Corviknight
|-sideend|p1: X_LSWAB|Stealth Rock|[from] move: Defog|[of] p1a: Corviknight
|move|p2a: Quagsire|Yawn|p1a: Corviknight
|-start|p1a: Corviknight|move: Yawn|[of] p2a: Quagsire
|
|-heal|p1a: Corviknight|70/100|[from] item: Leftovers
|-damage|p1a: Corviknight|58/100|[from] Leech Seed|[of] p2a: Quagsire
|-heal|p2a: Quagsire|92/100|[silent]
|upkeep
|turn|43
|
|t:|1641883244
|switch|p1a: Seismitoad|Seismitoad, M|84/100
|switch|p2a: Volcarona|Volcarona, F|48/100
|
|-heal|p1a: Seismitoad|90/100|[from] item: Leftovers
|upkeep
|turn|44
|
|t:|1641883254
|move|p2a: Volcarona|Protect|p2a: Volcarona
|-singleturn|p2a: Volcarona|Protect
|move|p1a: Seismitoad|Knock Off|p2a: Volcarona
|-activate|p2a: Volcarona|move: Protect
|
|-heal|p1a: Seismitoad|96/100|[from] item: Leftovers
|upkeep
|turn|45
|
|t:|1641883264
|move|p2a: Volcarona|Hurricane|p1a: Seismitoad
|-damage|p1a: Seismitoad|66/100
|-start|p1a: Seismitoad|confusion
|-activate|p1a: Seismitoad|confusion
|-damage|p1a: Seismitoad|56/100|[from] confusion
|
|-heal|p1a: Seismitoad|62/100|[from] item: Leftovers
|upkeep
|turn|46
|
|t:|1641883274
|move|p2a: Volcarona|Bug Buzz|p1a: Seismitoad
|-damage|p1a: Seismitoad|23/100
|-unboost|p1a: Seismitoad|spd|1
|-activate|p1a: Seismitoad|confusion
|move|p1a: Seismitoad|Knock Off|p2a: Volcarona
|-damage|p2a: Volcarona|16/100
|-status|p1a: Seismitoad|brn|[from] ability: Flame Body|[of] p2a: Volcarona
|-enditem|p2a: Volcarona|Charti Berry|[from] move: Knock Off|[of] p1a: Seismitoad
|
|-heal|p1a: Seismitoad|29/100 brn|[from] item: Leftovers
|-damage|p1a: Seismitoad|23/100 brn|[from] brn
|upkeep
|turn|47
|
|t:|1641883289
|move|p2a: Volcarona|Protect|p2a: Volcarona
|-singleturn|p2a: Volcarona|Protect
|-activate|p1a: Seismitoad|confusion
|move|p1a: Seismitoad|Knock Off|p2a: Volcarona
|-activate|p2a: Volcarona|move: Protect
|
|-heal|p1a: Seismitoad|29/100 brn|[from] item: Leftovers
|-damage|p1a: Seismitoad|23/100 brn|[from] brn
|upkeep
|turn|48
|
|t:|1641883300
|move|p2a: Volcarona|Bug Buzz|p1a: Seismitoad
|-damage|p1a: Seismitoad|0 fnt
|faint|p1a: Seismitoad
|
|upkeep
|
|t:|1641883304
|switch|p1a: Toxapex|Toxapex, F|100/100
|turn|49
|
|t:|1641883310
|move|p2a: Volcarona|Protect|p2a: Volcarona
|-singleturn|p2a: Volcarona|Protect
|move|p1a: Toxapex|Scald|p2a: Volcarona
|-activate|p2a: Volcarona|move: Protect
|
|upkeep
|turn|50
|
|t:|1641883318
|move|p2a: Volcarona|Hurricane|p1a: Toxapex
|-damage|p1a: Toxapex|66/100
|move|p1a: Toxapex|Scald|p2a: Volcarona
|-supereffective|p2a: Volcarona
|-damage|p2a: Volcarona|0 fnt
|faint|p2a: Volcarona
|
|-heal|p1a: Toxapex|72/100|[from] item: Black Sludge
|upkeep
|
|t:|1641883329
|switch|p2a: Ferrothorn|Ferrothorn, M|22/100
|turn|51
|
|t:|1641883333
|move|p1a: Toxapex|Baneful Bunker|p1a: Toxapex
|-singleturn|p1a: Toxapex|move: Protect
|move|p2a: Ferrothorn|Leech Seed|p1a: Toxapex
|-activate|p1a: Toxapex|move: Protect
|
|-heal|p1a: Toxapex|78/100|[from] item: Black Sludge
|upkeep
|turn|52
|
|t:|1641883342
|switch|p1a: Corviknight|Corviknight, M|58/100
|-ability|p1a: Corviknight|Pressure
|move|p2a: Ferrothorn|Leech Seed|p1a: Corviknight|[miss]
|-miss|p2a: Ferrothorn|p1a: Corviknight
|
|-heal|p1a: Corviknight|64/100|[from] item: Leftovers
|upkeep
|turn|53
|
|t:|1641883352
|switch|p2a: Quagsire|Quagsire, M|92/100
|move|p1a: Corviknight|Body Press|p2a: Quagsire
|-damage|p2a: Quagsire|74/100
|
|-heal|p1a: Corviknight|70/100|[from] item: Leftovers
|upkeep
|turn|54
|
|t:|1641883363
|move|p1a: Corviknight|U-turn|p2a: Quagsire
|-damage|p2a: Quagsire|64/100
|
|t:|1641883365
|switch|p1a: Toxapex|Toxapex, F|100/100|[from]move: U-turn
|move|p2a: Quagsire|Yawn|p1a: Toxapex
|-start|p1a: Toxapex|move: Yawn|[of] p2a: Quagsire
|
|upkeep
|turn|55
|
|t:|1641883374
|move|p1a: Toxapex|Baneful Bunker|p1a: Toxapex
|-singleturn|p1a: Toxapex|move: Protect
|move|p2a: Quagsire|Scald|p1a: Toxapex
|-activate|p1a: Toxapex|move: Protect
|
|-end|p1a: Toxapex|move: Yawn|[silent]
|-status|p1a: Toxapex|slp
|upkeep
|turn|56
|
|t:|1641883384
|cant|p1a: Toxapex|slp
|move|p2a: Quagsire|Earth Power|p1a: Toxapex
|-supereffective|p1a: Toxapex
|-damage|p1a: Toxapex|63/100 slp
|-unboost|p1a: Toxapex|spd|1
|
|-heal|p1a: Toxapex|69/100 slp|[from] item: Black Sludge
|upkeep
|turn|57
|
|t:|1641883395
|move|p2a: Quagsire|Recover|p2a: Quagsire
|-heal|p2a: Quagsire|100/100
|cant|p1a: Toxapex|slp
|
|-heal|p1a: Toxapex|75/100 slp|[from] item: Black Sludge
|upkeep
|turn|58
|
|t:|1641883403
|move|p2a: Quagsire|Yawn||[still]
|-fail|p2a: Quagsire
|-curestatus|p1a: Toxapex|slp|[msg]
|move|p1a: Toxapex|Scald|p2a: Quagsire
|-damage|p2a: Quagsire|79/100
|
|-heal|p1a: Toxapex|82/100|[from] item: Black Sludge
|upkeep
|turn|59
|
|t:|1641883413
|move|p2a: Quagsire|Earth Power|p1a: Toxapex
|-supereffective|p1a: Toxapex
|-damage|p1a: Toxapex|46/100
|move|p1a: Toxapex|Scald|p2a: Quagsire
|-damage|p2a: Quagsire|59/100
|
|-heal|p1a: Toxapex|52/100|[from] item: Black Sludge
|upkeep
|turn|60
|
|t:|1641883423
|move|p2a: Quagsire|Yawn|p1a: Toxapex
|-start|p1a: Toxapex|move: Yawn|[of] p2a: Quagsire
|move|p1a: Toxapex|Scald|p2a: Quagsire
|-damage|p2a: Quagsire|40/100
|
|-heal|p1a: Toxapex|58/100|[from] item: Black Sludge
|upkeep
|turn|61
|
|t:|1641883433
|move|p2a: Quagsire|Recover|p2a: Quagsire
|-heal|p2a: Quagsire|90/100
|move|p1a: Toxapex|Scald|p2a: Quagsire
|-damage|p2a: Quagsire|69/100
|
|-heal|p1a: Toxapex|64/100|[from] item: Black Sludge
|-end|p1a: Toxapex|move: Yawn|[silent]
|-status|p1a: Toxapex|slp
|upkeep
|turn|62
|
|t:|1641883444
|cant|p1a: Toxapex|slp
|move|p2a: Quagsire|Earth Power|p1a: Toxapex
|-supereffective|p1a: Toxapex
|-damage|p1a: Toxapex|25/100 slp
|
|-heal|p1a: Toxapex|31/100 slp|[from] item: Black Sludge
|upkeep
|turn|63
|
|t:|1641883452
|switch|p1a: Corviknight|Corviknight, M|70/100
|-ability|p1a: Corviknight|Pressure
|move|p2a: Quagsire|Earth Power|p1a: Corviknight
|-immune|p1a: Corviknight
|
|-heal|p1a: Corviknight|77/100|[from] item: Leftovers
|upkeep
|turn|64
|
|t:|1641883462
|move|p1a: Corviknight|Body Press|p2a: Quagsire
|-damage|p2a: Quagsire|50/100
|move|p2a: Quagsire|Yawn|p1a: Corviknight
|-start|p1a: Corviknight|move: Yawn|[of] p2a: Quagsire
|
|-heal|p1a: Corviknight|83/100|[from] item: Leftovers
|upkeep
|turn|65
|
|t:|1641883472
|move|p1a: Corviknight|Body Press|p2a: Quagsire
|-damage|p2a: Quagsire|30/100
|move|p2a: Quagsire|Recover|p2a: Quagsire
|-heal|p2a: Quagsire|80/100
|
|-heal|p1a: Corviknight|89/100|[from] item: Leftovers
|-end|p1a: Corviknight|move: Yawn|[silent]
|-message|Sleep Clause Mod activated.
|upkeep
|turn|66
|-message|X_LSWAB forfeited.
|
|win|TheRandomChaos
|raw|X_LSWAB's rating: 1032 &rarr; <strong>1016</strong><br />(-16 for losing)
|raw|TheRandomChaos's rating: 1014 &rarr; <strong>1054</strong><br />(+40 for winning)
|l|☆X_LSWAB
