|j|☆BanjoKazoooie
|j|☆Ackesh
|t:|1641775147
|gametype|singles
|player|p1|BanjoKazoooie|wallace|1460
|player|p2|Ackesh|169|1458
|teamsize|p1|6
|teamsize|p2|6
|gen|8
|tier|[Gen 8] OU
|rated|
|rule|Sleep Clause Mod: Limit one foe put to sleep
|rule|Species Clause: Limit one of each Pokémon
|rule|OHKO Clause: OHKO moves are banned
|rule|Evasion Moves Clause: Evasion moves are banned
|rule|Endless Battle Clause: Forcing endless battles is banned
|rule|HP Percentage Mod: HP is shown in percentages
|rule|Dynamax Clause: You cannot dynamax
|clearpoke
|poke|p1|Tapu Lele|
|poke|p1|Landorus-Therian, M|
|poke|p1|Zapdos|
|poke|p1|Volcanion|
|poke|p1|Dragapult, F|
|poke|p1|Melmetal|
|poke|p2|Tyrantrum, M|
|poke|p2|Landorus-Therian, M|
|poke|p2|Tapu Lele|
|poke|p2|Regieleki|
|poke|p2|Zapdos|
|poke|p2|Clefable, M|
|teampreview
|inactive|Battle timer is ON: inactive players will automatically lose when time's up. (requested by BanjoKazoooie)
|inactive|Ackesh has 120 seconds left.
|
|t:|1641775185
|start
|switch|p1a: Landorus|Landorus-Therian, M|100/100
|switch|p2a: Tapu Lele|Tapu Lele|100/100
|-fieldstart|move: Psychic Terrain|[from] ability: Psychic Surge|[of] p2a: Tapu Lele
|-ability|p1a: Landorus|Intimidate|boost
|-unboost|p2a: Tapu Lele|atk|1
|turn|1
|
|t:|1641775194
|move|p2a: Tapu Lele|Psychic|p1a: Landorus
|-damage|p1a: Landorus|31/100
|move|p1a: Landorus|Knock Off|p2a: Tapu Lele
|-damage|p2a: Tapu Lele|50/100
|-enditem|p2a: Tapu Lele|Choice Specs|[from] move: Knock Off|[of] p1a: Landorus
|
|-heal|p1a: Landorus|37/100|[from] item: Leftovers
|upkeep
|turn|2
|
|t:|1641775199
|switch|p1a: Yoko|Tapu Lele|100/100
|move|p2a: Tapu Lele|Focus Blast|p1a: Yoko
|-resisted|p1a: Yoko
|-crit|p1a: Yoko
|-damage|p1a: Yoko|83/100
|
|upkeep
|turn|3
|
|t:|1641775205
|switch|p2a: Zapdos|Zapdos|100/100
|move|p1a: Yoko|Moonblast|p2a: Zapdos
|-damage|p2a: Zapdos|53/100
|-unboost|p2a: Zapdos|spa|1
|
|upkeep
|turn|4
|
|t:|1641775208
|move|p1a: Yoko|Moonblast|p2a: Zapdos
|-damage|p2a: Zapdos|12/100
|-unboost|p2a: Zapdos|spa|1
|move|p2a: Zapdos|Roost|p2a: Zapdos
|-heal|p2a: Zapdos|62/100
|-singleturn|p2a: Zapdos|move: Roost
|
|upkeep
|turn|5
|
|t:|1641775212
|move|p1a: Yoko|Moonblast|p2a: Zapdos
|-damage|p2a: Zapdos|19/100
|move|p2a: Zapdos|Volt Switch|p1a: Yoko
|-damage|p1a: Yoko|66/100
|
|t:|1641775217
|switch|p2a: Landorus|Landorus-Therian, M|100/100|[from]move: Volt Switch
|-ability|p2a: Landorus|Intimidate|boost
|-unboost|p1a: Yoko|atk|1
|
|-fieldend|move: Psychic Terrain
|upkeep
|turn|6
|
|t:|1641775223
|switch|p1a: Landorus|Landorus-Therian, M|37/100
|-ability|p1a: Landorus|Intimidate|boost
|-unboost|p2a: Landorus|atk|1
|move|p2a: Landorus|U-turn|p1a: Landorus
|-resisted|p1a: Landorus
|-damage|p1a: Landorus|22/100
|
|t:|1641775242
|switch|p2a: Tapu Lele|Tapu Lele|50/100|[from]move: U-turn
|-fieldstart|move: Psychic Terrain|[from] ability: Psychic Surge|[of] p2a: Tapu Lele
|
|-heal|p1a: Landorus|29/100|[from] item: Leftovers
|upkeep
|turn|7
|
|t:|1641775250
|switch|p1a: Melmetal|Melmetal|100/100
|move|p2a: Tapu Lele|Moonblast|p1a: Melmetal
|-resisted|p1a: Melmetal
|-damage|p1a: Melmetal|79/100
|-unboost|p1a: Melmetal|spa|1
|
|-heal|p1a: Melmetal|85/100|[from] item: Leftovers
|upkeep
|turn|8
|
|t:|1641775259
|move|p2a: Tapu Lele|Focus Blast|p1a: Melmetal
|-supereffective|p1a: Melmetal
|-damage|p1a: Melmetal|17/100
|move|p1a: Melmetal|Double Iron Bash|p2a: Tapu Lele
|-supereffective|p2a: Tapu Lele
|-damage|p2a: Tapu Lele|0 fnt
|faint|p2a: Tapu Lele
|-hitcount|p2: Tapu Lele|1
|
|-heal|p1a: Melmetal|23/100|[from] item: Leftovers
|upkeep
|
|t:|1641775270
|switch|p2a: Zapdos|Zapdos|19/100
|turn|9
|
|t:|1641775272
|move|p1a: Melmetal|Protect|p1a: Melmetal
|-singleturn|p1a: Melmetal|Protect
|move|p2a: Zapdos|Heat Wave|p1a: Melmetal
|-activate|p1a: Melmetal|move: Protect
|
|-heal|p1a: Melmetal|29/100|[from] item: Leftovers
|upkeep
|turn|10
|
|t:|1641775282
|switch|p1a: Dragapult|Dragapult, F|100/100
|move|p2a: Zapdos|Volt Switch|p1a: Dragapult
|-resisted|p1a: Dragapult
|-damage|p1a: Dragapult|82/100
|
|t:|1641775287
|switch|p2a: Clefable|Clefable, M|100/100|[from]move: Volt Switch
|
|-fieldend|move: Psychic Terrain
|upkeep
|turn|11
|
|t:|1641775290
|move|p1a: Dragapult|U-turn|p2a: Clefable
|-resisted|p2a: Clefable
|-damage|p2a: Clefable|87/100
|
|t:|1641775292
|switch|p1a: Melmetal|Melmetal|29/100|[from]move: U-turn
|move|p2a: Clefable|Cosmic Power|p2a: Clefable
|-boost|p2a: Clefable|def|1
|-boost|p2a: Clefable|spd|1
|
|-heal|p2a: Clefable|93/100|[from] item: Leftovers
|-heal|p1a: Melmetal|35/100|[from] item: Leftovers
|upkeep
|turn|12
|
|t:|1641775298
|switch|p2a: Zapdos|Zapdos|19/100
|move|p1a: Melmetal|Double Iron Bash|p2a: Zapdos
|-resisted|p2a: Zapdos
|-damage|p2a: Zapdos|0 fnt
|-status|p1a: Melmetal|par|[from] ability: Static|[of] p2a: Zapdos
|faint|p2a: Zapdos
|-hitcount|p2: Zapdos|1
|
|-heal|p1a: Melmetal|41/100 par|[from] item: Leftovers
|upkeep
|
|t:|1641775305
|switch|p2a: Landorus|Landorus-Therian, M|100/100
|-ability|p2a: Landorus|Intimidate|boost
|-unboost|p1a: Melmetal|atk|1
|turn|13
|
|t:|1641775309
|switch|p1a: Landorus|Landorus-Therian, M|29/100
|-ability|p1a: Landorus|Intimidate|boost
|-unboost|p2a: Landorus|atk|1
|move|p2a: Landorus|Knock Off|p1a: Landorus
|-damage|p1a: Landorus|0 fnt
|-enditem|p1a: Landorus|Leftovers|[from] move: Knock Off|[of] p2a: Landorus
|faint|p1a: Landorus
|
|upkeep
|
|t:|1641775318
|switch|p1a: Zapdos|Zapdos|100/100
|turn|14
|
|t:|1641775326
|switch|p2a: Tyrantrum|Tyrantrum, M|100/100
|move|p1a: Zapdos|Hurricane|p2a: Tyrantrum
|-resisted|p2a: Tyrantrum
|-damage|p2a: Tyrantrum|60/100
|
|upkeep
|turn|15
|
|t:|1641775331
|move|p2a: Tyrantrum|Head Smash|p1a: Zapdos
|-supereffective|p1a: Zapdos
|-damage|p1a: Zapdos|0 fnt
|-status|p2a: Tyrantrum|par|[from] ability: Static|[of] p1a: Zapdos
|faint|p1a: Zapdos
|
|upkeep
|
|t:|1641775338
|switch|p1a: Volcanion|Volcanion|100/100
|turn|16
|
|t:|1641775342
|move|p1a: Volcanion|Steam Eruption|p2a: Tyrantrum
|-damage|p2a: Tyrantrum|0 fnt
|faint|p2a: Tyrantrum
|
|upkeep
|
|t:|1641775344
|switch|p2a: Regieleki|Regieleki|100/100
|turn|17
|
|t:|1641775350
|switch|p1a: Melmetal|Melmetal|41/100 par
|move|p2a: Regieleki|Thunderbolt|p1a: Melmetal
|-damage|p1a: Melmetal|0 fnt
|faint|p1a: Melmetal
|
|upkeep
|
|t:|1641775355
|switch|p1a: Dragapult|Dragapult, F|82/100
|turn|18
|
|t:|1641775364
|move|p2a: Regieleki|Thunderbolt|p1a: Dragapult
|-resisted|p1a: Dragapult
|-damage|p1a: Dragapult|21/100
|move|p1a: Dragapult|Dragon Darts|p2a: Regieleki
|-damage|p2a: Regieleki|17/100
|-anim|p1a: Dragapult|Dragon Darts|p2a: Regieleki
|-damage|p2a: Regieleki|0 fnt
|faint|p2a: Regieleki
|
|upkeep
|
|t:|1641775367
|switch|p2a: Landorus|Landorus-Therian, M|100/100
|-ability|p2a: Landorus|Intimidate|boost
|-unboost|p1a: Dragapult|atk|1
|turn|19
|
|t:|1641775374
|switch|p1a: Yoko|Tapu Lele|66/100
|-fieldstart|move: Psychic Terrain|[from] ability: Psychic Surge|[of] p1a: Yoko
|move|p2a: Landorus|U-turn|p1a: Yoko
|-damage|p1a: Yoko|1/100
|
|t:|1641775377
|switch|p2a: Clefable|Clefable, M|93/100|[from]move: U-turn
|
|-heal|p2a: Clefable|99/100|[from] item: Leftovers
|upkeep
|turn|20
|
|t:|1641775381
|move|p1a: Yoko|Psyshock|p2a: Clefable
|-damage|p2a: Clefable|53/100
|move|p2a: Clefable|Cosmic Power|p2a: Clefable
|-boost|p2a: Clefable|def|1
|-boost|p2a: Clefable|spd|1
|
|-heal|p2a: Clefable|59/100|[from] item: Leftovers
|upkeep
|turn|21
|
|t:|1641775387
|move|p1a: Yoko|Psyshock|p2a: Clefable
|-damage|p2a: Clefable|26/100
|move|p2a: Clefable|Soft-Boiled|p2a: Clefable
|-heal|p2a: Clefable|76/100
|
|-heal|p2a: Clefable|82/100|[from] item: Leftovers
|upkeep
|turn|22
|
|t:|1641775390
|move|p1a: Yoko|Psyshock|p2a: Clefable
|-damage|p2a: Clefable|52/100
|move|p2a: Clefable|Cosmic Power|p2a: Clefable
|-boost|p2a: Clefable|def|1
|-boost|p2a: Clefable|spd|1
|
|-heal|p2a: Clefable|58/100|[from] item: Leftovers
|upkeep
|turn|23
|
|t:|1641775392
|move|p1a: Yoko|Psyshock|p2a: Clefable
|-damage|p2a: Clefable|36/100
|move|p2a: Clefable|Soft-Boiled|p2a: Clefable
|-heal|p2a: Clefable|86/100
|
|-heal|p2a: Clefable|92/100|[from] item: Leftovers
|-fieldend|move: Psychic Terrain
|upkeep
|turn|24
|
|t:|1641775395
|move|p1a: Yoko|Psyshock|p2a: Clefable
|-damage|p2a: Clefable|73/100
|move|p2a: Clefable|Cosmic Power|p2a: Clefable
|-boost|p2a: Clefable|def|1
|-boost|p2a: Clefable|spd|1
|
|-heal|p2a: Clefable|79/100|[from] item: Leftovers
|upkeep
|turn|25
|
|t:|1641775402
|switch|p1a: Dragapult|Dragapult, F|21/100
|move|p2a: Clefable|Cosmic Power|p2a: Clefable
|-boost|p2a: Clefable|def|1
|-boost|p2a: Clefable|spd|1
|
|-heal|p2a: Clefable|85/100|[from] item: Leftovers
|upkeep
|turn|26
|
|t:|1641775405
|move|p1a: Dragapult|Phantom Force||[still]
|-prepare|p1a: Dragapult|Phantom Force
|move|p2a: Clefable|Stored Power|p1a: Dragapult|[miss]
|-miss|p2a: Clefable|p1a: Dragapult
|
|-heal|p2a: Clefable|91/100|[from] item: Leftovers
|upkeep
|turn|27
|
|t:|1641775408
|move|p1a: Dragapult|Phantom Force|p2a: Clefable|[from]lockedmove
|-damage|p2a: Clefable|74/100
|move|p2a: Clefable|Stored Power|p1a: Dragapult
|-damage|p1a: Dragapult|0 fnt
|faint|p1a: Dragapult
|
|-heal|p2a: Clefable|80/100|[from] item: Leftovers
|upkeep
|-message|BanjoKazoooie forfeited.
|
|win|Ackesh
|raw|BanjoKazoooie's rating: 1460 &rarr; <strong>1440</strong><br />(-20 for losing)
|raw|Ackesh's rating: 1458 &rarr; <strong>1478</strong><br />(+20 for winning)
|l|☆BanjoKazoooie
