|j|☆Bartuc79
|j|☆NOVAC YOCOVID
|t:|1641853141
|gametype|singles
|player|p1|Bartuc79|drake-gen3|1228
|player|p2|NOVAC YOCOVID|blaine|1233
|teamsize|p1|6
|teamsize|p2|6
|gen|8
|tier|[Gen 8] OU
|rated|
|rule|Sleep Clause Mod: Limit one foe put to sleep
|rule|Species Clause: Limit one of each Pokémon
|rule|OHKO Clause: OHKO moves are banned
|rule|Evasion Moves Clause: Evasion moves are banned
|rule|Endless Battle Clause: Forcing endless battles is banned
|rule|HP Percentage Mod: HP is shown in percentages
|rule|Dynamax Clause: You cannot dynamax
|clearpoke
|poke|p1|Landorus-Therian, M|
|poke|p1|Tapu Koko|
|poke|p1|Garchomp, F|
|poke|p1|Volcarona, F|
|poke|p1|Rillaboom, F|
|poke|p1|Magnezone|
|poke|p2|Ferrothorn, M|
|poke|p2|Zapdos-Galar|
|poke|p2|Tapu Lele|
|poke|p2|Dragapult, M|
|poke|p2|Tapu Fini|
|poke|p2|Landorus-Therian, M|
|teampreview
|inactive|Battle timer is ON: inactive players will automatically lose when time's up. (requested by Bartuc79)
|
|t:|1641853193
|start
|switch|p1a: Landorus|Landorus-Therian, M|100/100
|switch|p2a: Dragapult|Dragapult, M|100/100
|-ability|p1a: Landorus|Intimidate|boost
|-fail|p2a: Dragapult|unboost|[from] ability: Clear Body|[of] p2a: Dragapult
|turn|1
|
|t:|1641853203
|move|p1a: Landorus|Knock Off|p2a: Dragapult
|-supereffective|p2a: Dragapult
|-damage|p2a: Dragapult|6/100
|-enditem|p2a: Dragapult|Choice Specs|[from] move: Knock Off|[of] p1a: Landorus
|move|p2a: Dragapult|Draco Meteor|p1a: Landorus
|-damage|p1a: Landorus|27/100
|-unboost|p2a: Dragapult|spa|2
|
|upkeep
|turn|2
|inactive|NOVAC YOCOVID has 120 seconds left.
|
|t:|1641853244
|switch|p2a: Ferrothorn|Ferrothorn, M|100/100
|move|p1a: Landorus|Knock Off|p2a: Ferrothorn
|-damage|p2a: Ferrothorn|71/100
|-damage|p1a: Landorus|15/100|[from] ability: Iron Barbs|[of] p2a: Ferrothorn
|-enditem|p2a: Ferrothorn|Leftovers|[from] move: Knock Off|[of] p1a: Landorus
|
|upkeep
|turn|3
|
|t:|1641853253
|switch|p1a: Volcarona|Volcarona, F|100/100
|switch|p2a: Landorus|Landorus-Therian, M|100/100
|-ability|p2a: Landorus|Intimidate|boost
|-unboost|p1a: Volcarona|atk|1
|
|upkeep
|turn|4
|inactive|NOVAC YOCOVID has 120 seconds left.
|
|t:|1641853274
|switch|p1a: Rillaboom|Rillaboom, F|100/100
|-fieldstart|move: Grassy Terrain|[from] ability: Grassy Surge|[of] p1a: Rillaboom
|move|p2a: Landorus|Stone Edge|p1a: Rillaboom
|-damage|p1a: Rillaboom|56/100
|
|-heal|p1a: Rillaboom|62/100|[from] Grassy Terrain
|upkeep
|turn|5
|inactive|NOVAC YOCOVID has 120 seconds left.
|
|t:|1641853295
|move|p2a: Landorus|Substitute|p2a: Landorus
|-start|p2a: Landorus|Substitute
|-damage|p2a: Landorus|76/100
|move|p1a: Rillaboom|U-turn|p2a: Landorus
|-resisted|p2a: Landorus
|-activate|p2a: Landorus|move: Substitute|[damage]
|inactive|Bartuc79 has 120 seconds left.
|
|t:|1641853312
|switch|p1a: Landorus|Landorus-Therian, M|15/100|[from]move: U-turn
|-ability|p1a: Landorus|Intimidate|boost
|-immune|p2a: Landorus
|
|-heal|p2a: Landorus|82/100|[from] item: Leftovers
|upkeep
|turn|6
|inactive|Bartuc79 has 120 seconds left.
|inactive|NOVAC YOCOVID has 120 seconds left.
|
|t:|1641853329
|move|p1a: Landorus|U-turn|p2a: Landorus
|-resisted|p2a: Landorus
|-end|p2a: Landorus|Substitute
|inactive|Bartuc79 has 120 seconds left.
|
|t:|1641853335
|switch|p1a: Rillaboom|Rillaboom, F|62/100|[from]move: U-turn
|move|p2a: Landorus|Swords Dance|p2a: Landorus
|-boost|p2a: Landorus|atk|2
|
|-heal|p2a: Landorus|88/100|[from] item: Leftovers
|-heal|p1a: Rillaboom|68/100|[from] Grassy Terrain
|upkeep
|turn|7
|inactive|NOVAC YOCOVID has 120 seconds left.
|inactive|Bartuc79 has 120 seconds left.
|
|t:|1641853359
|switch|p2a: Ferrothorn|Ferrothorn, M|71/100
|move|p1a: Rillaboom|Grassy Glide|p2a: Ferrothorn
|-resisted|p2a: Ferrothorn
|-damage|p2a: Ferrothorn|56/100
|-damage|p1a: Rillaboom|56/100|[from] ability: Iron Barbs|[of] p2a: Ferrothorn
|
|-heal|p1a: Rillaboom|62/100|[from] Grassy Terrain
|-heal|p2a: Ferrothorn|62/100|[from] Grassy Terrain
|upkeep
|turn|8
|inactive|Bartuc79 has 120 seconds left.
|
|t:|1641853374
|switch|p1a: Volcarona|Volcarona, F|100/100
|move|p2a: Ferrothorn|Stealth Rock|p1a: Volcarona
|-sidestart|p1: Bartuc79|move: Stealth Rock
|
|-heal|p2a: Ferrothorn|68/100|[from] Grassy Terrain
|-fieldend|move: Grassy Terrain
|upkeep
|turn|9
|
|t:|1641853384
|switch|p2a: Tapu Lele|Tapu Lele|100/100
|-fieldstart|move: Psychic Terrain|[from] ability: Psychic Surge|[of] p2a: Tapu Lele
|move|p1a: Volcarona|Quiver Dance|p1a: Volcarona
|-boost|p1a: Volcarona|spa|1
|-boost|p1a: Volcarona|spd|1
|-boost|p1a: Volcarona|spe|1
|
|upkeep
|turn|10
|inactive|NOVAC YOCOVID has 120 seconds left.
|
|t:|1641853395
|move|p1a: Volcarona|Bug Buzz|p2a: Tapu Lele
|-damage|p2a: Tapu Lele|54/100
|move|p2a: Tapu Lele|Psyshock|p1a: Volcarona
|-damage|p1a: Volcarona|5/100
|
|upkeep
|turn|11
|
|t:|1641853404
|move|p1a: Volcarona|Flamethrower|p2a: Tapu Lele
|-damage|p2a: Tapu Lele|9/100
|move|p2a: Tapu Lele|Psyshock|p1a: Volcarona
|-damage|p1a: Volcarona|0 fnt
|faint|p1a: Volcarona
|
|upkeep
|-message|Bartuc79 forfeited.
|
|win|NOVAC YOCOVID
|raw|Bartuc79's rating: 1228 &rarr; <strong>1203</strong><br />(-25 for losing)
|raw|NOVAC YOCOVID's rating: 1233 &rarr; <strong>1258</strong><br />(+25 for winning)
|l|☆Bartuc79
||Ladder isn't responding, score probably updated but might not have (Request timeout).
