|j|☆8jaggery
|j|☆DuTuFeng
|t:|1641730732
|gametype|singles
|player|p1|8jaggery|102|1230
|player|p2|DuTuFeng|gentleman-gen4|1246
|teamsize|p1|6
|teamsize|p2|6
|gen|8
|tier|[Gen 8] OU
|rated|
|rule|Sleep Clause Mod: Limit one foe put to sleep
|rule|Species Clause: Limit one of each Pokémon
|rule|OHKO Clause: OHKO moves are banned
|rule|Evasion Moves Clause: Evasion moves are banned
|rule|Endless Battle Clause: Forcing endless battles is banned
|rule|HP Percentage Mod: HP is shown in percentages
|rule|Dynamax Clause: You cannot dynamax
|clearpoke
|poke|p1|Hawlucha, M|
|poke|p1|Rillaboom, F|
|poke|p1|Heatran, M|
|poke|p1|Dragapult, F|
|poke|p1|Clefable, F|
|poke|p1|Blastoise, F|
|poke|p2|Tyranitar, M|
|poke|p2|Garchomp, M|
|poke|p2|Celesteela|
|poke|p2|Heatran, M|
|poke|p2|Corviknight, F|
|poke|p2|Dragapult, F|
|teampreview
|
|t:|1641730748
|start
|switch|p1a: Blastoise|Blastoise, F|100/100
|switch|p2a: Corviknight|Corviknight, F|100/100
|turn|1
|inactive|Battle timer is ON: inactive players will automatically lose when time's up. (requested by DuTuFeng)
|
|t:|1641730771
|move|p1a: Blastoise|Shell Smash|p1a: Blastoise
|-unboost|p1a: Blastoise|def|1
|-unboost|p1a: Blastoise|spd|1
|-boost|p1a: Blastoise|atk|2
|-boost|p1a: Blastoise|spa|2
|-boost|p1a: Blastoise|spe|2
|-enditem|p1a: Blastoise|White Herb
|-clearnegativeboost|p1a: Blastoise|[silent]
|move|p2a: Corviknight|Light Screen|p2a: Corviknight
|-sidestart|p2: DuTuFeng|move: Light Screen
|
|upkeep
|turn|2
|
|t:|1641730784
|move|p1a: Blastoise|Surf|p2a: Corviknight
|-damage|p2a: Corviknight|72/100
|move|p2a: Corviknight|Reflect|p2a: Corviknight
|-sidestart|p2: DuTuFeng|Reflect
|
|upkeep
|turn|3
|
|t:|1641730791
|switch|p2a: Celesteela|Celesteela|100/100
|move|p1a: Blastoise|Surf|p2a: Celesteela
|-damage|p2a: Celesteela|78/100
|
|-heal|p2a: Celesteela|84/100|[from] item: Leftovers
|upkeep
|turn|4
|
|t:|1641730806
|switch|p1a: Heatran|Heatran, M|100/100
|-item|p1a: Heatran|Air Balloon
|move|p2a: Celesteela|Leech Seed|p1a: Heatran
|-start|p1a: Heatran|move: Leech Seed
|
|-heal|p2a: Celesteela|90/100|[from] item: Leftovers
|-damage|p1a: Heatran|88/100|[from] Leech Seed|[of] p2a: Celesteela
|-heal|p2a: Celesteela|100/100|[silent]
|upkeep
|turn|5
|
|t:|1641730820
|switch|p1a: Clefable|Clefable, F|100/100
|switch|p2a: Garchomp|Garchomp, M|100/100
|
|upkeep
|turn|6
|
|t:|1641730830
|move|p2a: Garchomp|Earthquake|p1a: Clefable
|-damage|p1a: Clefable|46/100
|move|p1a: Clefable|Moonblast|p2a: Garchomp
|-supereffective|p2a: Garchomp
|-damage|p2a: Garchomp|76/100
|
|-heal|p2a: Garchomp|83/100|[from] item: Leftovers
|-heal|p1a: Clefable|52/100|[from] item: Leftovers
|upkeep
|turn|7
|
|t:|1641730838
|move|p2a: Garchomp|Earthquake|p1a: Clefable
|-damage|p1a: Clefable|0 fnt
|faint|p1a: Clefable
|
|-heal|p2a: Garchomp|89/100|[from] item: Leftovers
|upkeep
|
|t:|1641730861
|switch|p1a: Blastoise|Blastoise, F|100/100
|turn|8
|
|t:|1641730869
|move|p1a: Blastoise|Ice Beam|p2a: Garchomp
|-supereffective|p2a: Garchomp
|-damage|p2a: Garchomp|52/100
|move|p2a: Garchomp|Earthquake|p1a: Blastoise
|-damage|p1a: Blastoise|45/100
|
|-heal|p2a: Garchomp|59/100|[from] item: Leftovers
|-sideend|p2: DuTuFeng|move: Light Screen
|upkeep
|turn|9
|
|t:|1641730880
|switch|p1a: Hawlucha|Hawlucha, M|100/100
|switch|p2a: Heatran|Heatran, M|100/100
|
|-sideend|p2: DuTuFeng|Reflect
|upkeep
|turn|10
|
|t:|1641730890
|move|p1a: Hawlucha|Close Combat|p2a: Heatran
|-supereffective|p2a: Heatran
|-damage|p2a: Heatran|0 fnt
|-unboost|p1a: Hawlucha|def|1
|-unboost|p1a: Hawlucha|spd|1
|faint|p2a: Heatran
|
|upkeep
|
|t:|1641730897
|switch|p2a: Dragapult|Dragapult, F|100/100
|turn|11
|
|t:|1641730912
|move|p2a: Dragapult|Thunderbolt|p1a: Hawlucha
|-supereffective|p1a: Hawlucha
|-damage|p1a: Hawlucha|0 fnt
|faint|p1a: Hawlucha
|
|upkeep
|
|t:|1641730920
|switch|p1a: Rillaboom|Rillaboom, F|100/100
|-fieldstart|move: Grassy Terrain|[from] ability: Grassy Surge|[of] p1a: Rillaboom
|turn|12
|
|t:|1641730928
|move|p2a: Dragapult|U-turn|p1a: Rillaboom
|-supereffective|p1a: Rillaboom
|-damage|p1a: Rillaboom|59/100
|
|t:|1641730934
|switch|p2a: Corviknight|Corviknight, F|72/100|[from]move: U-turn
|move|p1a: Rillaboom|Knock Off|p2a: Corviknight
|-damage|p2a: Corviknight|46/100
|-enditem|p2a: Corviknight|Light Clay|[from] move: Knock Off|[of] p1a: Rillaboom
|
|-heal|p1a: Rillaboom|66/100|[from] Grassy Terrain
|upkeep
|turn|13
|
|t:|1641730950
|switch|p1a: Heatran|Heatran, M|88/100
|-item|p1a: Heatran|Air Balloon
|move|p2a: Corviknight|Roost|p2a: Corviknight
|-heal|p2a: Corviknight|96/100
|-singleturn|p2a: Corviknight|move: Roost
|
|-heal|p2a: Corviknight|100/100|[from] Grassy Terrain
|upkeep
|turn|14
|
|t:|1641730964
|move|p1a: Heatran|Stealth Rock|p2a: Corviknight
|-sidestart|p2: DuTuFeng|move: Stealth Rock
|move|p2a: Corviknight|Light Screen|p2a: Corviknight
|-sidestart|p2: DuTuFeng|move: Light Screen
|
|upkeep
|turn|15
|
|t:|1641730972
|switch|p2a: Garchomp|Garchomp, M|59/100
|-damage|p2a: Garchomp|52/100|[from] Stealth Rock
|move|p1a: Heatran|Flamethrower|p2a: Garchomp
|-resisted|p2a: Garchomp
|-damage|p2a: Garchomp|42/100
|
|-heal|p2a: Garchomp|48/100|[from] Grassy Terrain
|-heal|p2a: Garchomp|54/100|[from] item: Leftovers
|upkeep
|turn|16
|
|t:|1641730984
|switch|p1a: Rillaboom|Rillaboom, F|66/100
|move|p2a: Garchomp|Scale Shot|p1a: Rillaboom
|-damage|p1a: Rillaboom|56/100
|-damage|p1a: Rillaboom|45/100
|-hitcount|p1a: Rillaboom|2
|-unboost|p2a: Garchomp|def|1
|-boost|p2a: Garchomp|spe|1
|
|-heal|p2a: Garchomp|61/100|[from] Grassy Terrain
|-heal|p2a: Garchomp|67/100|[from] item: Leftovers
|-heal|p1a: Rillaboom|52/100|[from] Grassy Terrain
|-fieldend|move: Grassy Terrain
|upkeep
|turn|17
|
|t:|1641731006
|switch|p2a: Corviknight|Corviknight, F|100/100
|-damage|p2a: Corviknight|88/100|[from] Stealth Rock
|switch|p1a: Heatran|Heatran, M|88/100
|-item|p1a: Heatran|Air Balloon
|
|upkeep
|turn|18
|
|t:|1641731018
|move|p1a: Heatran|Flamethrower|p2a: Corviknight
|-supereffective|p2a: Corviknight
|-damage|p2a: Corviknight|52/100
|move|p2a: Corviknight|Reflect|p2a: Corviknight
|-sidestart|p2: DuTuFeng|Reflect
|
|-sideend|p2: DuTuFeng|move: Light Screen
|upkeep
|turn|19
|
|t:|1641731032
|switch|p2a: Tyranitar|Tyranitar, M|100/100
|-damage|p2a: Tyranitar|88/100|[from] Stealth Rock
|-weather|Sandstorm|[from] ability: Sand Stream|[of] p2a: Tyranitar
|move|p1a: Heatran|Flamethrower|p2a: Tyranitar
|-resisted|p2a: Tyranitar
|-damage|p2a: Tyranitar|76/100
|
|-weather|Sandstorm|[upkeep]
|-heal|p2a: Tyranitar|82/100|[from] item: Leftovers
|upkeep
|turn|20
|inactive|8jaggery has 120 seconds left.
|
|t:|1641731061
|switch|p1a: Rillaboom|Rillaboom, F|52/100
|-fieldstart|move: Grassy Terrain|[from] ability: Grassy Surge|[of] p1a: Rillaboom
|move|p2a: Tyranitar|Rock Slide|p1a: Rillaboom
|-damage|p1a: Rillaboom|27/100
|
|-weather|Sandstorm|[upkeep]
|-damage|p1a: Rillaboom|20/100|[from] Sandstorm
|-heal|p1a: Rillaboom|27/100|[from] Grassy Terrain
|-heal|p2a: Tyranitar|88/100|[from] Grassy Terrain
|-heal|p2a: Tyranitar|94/100|[from] item: Leftovers
|upkeep
|turn|21
|inactive|8jaggery has 120 seconds left.
|
|t:|1641731078
|switch|p2a: Corviknight|Corviknight, F|52/100
|-damage|p2a: Corviknight|39/100|[from] Stealth Rock
|move|p1a: Rillaboom|Grassy Glide|p2a: Corviknight
|-resisted|p2a: Corviknight
|-damage|p2a: Corviknight|34/100
|
|-weather|Sandstorm|[upkeep]
|-damage|p1a: Rillaboom|20/100|[from] Sandstorm
|-heal|p1a: Rillaboom|27/100|[from] Grassy Terrain
|upkeep
|turn|22
|inactive|8jaggery has 120 seconds left.
|
|t:|1641731091
|switch|p1a: Heatran|Heatran, M|88/100
|-item|p1a: Heatran|Air Balloon
|move|p2a: Corviknight|Light Screen|p2a: Corviknight
|-sidestart|p2: DuTuFeng|move: Light Screen
|
|-weather|Sandstorm|[upkeep]
|-sideend|p2: DuTuFeng|Reflect
|upkeep
|turn|23
|
|t:|1641731100
|switch|p2a: Garchomp|Garchomp, M|67/100
|-damage|p2a: Garchomp|61/100|[from] Stealth Rock
|move|p1a: Heatran|Flamethrower|p2a: Garchomp
|-resisted|p2a: Garchomp
|-damage|p2a: Garchomp|51/100
|
|-weather|none
|-heal|p2a: Garchomp|57/100|[from] Grassy Terrain
|-heal|p2a: Garchomp|63/100|[from] item: Leftovers
|upkeep
|turn|24
|inactive|8jaggery has 120 seconds left.
|
|t:|1641731118
|move|p2a: Garchomp|Scale Shot|p1a: Heatran
|-resisted|p1a: Heatran
|-damage|p1a: Heatran|82/100
|-enditem|p1a: Heatran|Air Balloon
|-resisted|p1a: Heatran
|-damage|p1a: Heatran|77/100
|-resisted|p1a: Heatran
|-damage|p1a: Heatran|72/100
|-resisted|p1a: Heatran
|-damage|p1a: Heatran|67/100
|-resisted|p1a: Heatran
|-damage|p1a: Heatran|61/100
|-hitcount|p1a: Heatran|5
|-unboost|p2a: Garchomp|def|1
|-boost|p2a: Garchomp|spe|1
|move|p1a: Heatran|Flash Cannon|p2a: Garchomp
|-damage|p2a: Garchomp|46/100
|-unboost|p2a: Garchomp|spd|1
|
|-heal|p2a: Garchomp|52/100|[from] Grassy Terrain
|-heal|p2a: Garchomp|58/100|[from] item: Leftovers
|-heal|p1a: Heatran|67/100|[from] Grassy Terrain
|-fieldend|move: Grassy Terrain
|upkeep
|turn|25
|inactive|8jaggery has 120 seconds left.
|
|t:|1641731140
|move|p2a: Garchomp|Swords Dance|p2a: Garchomp
|-boost|p2a: Garchomp|atk|2
|move|p1a: Heatran|Flash Cannon|p2a: Garchomp
|-damage|p2a: Garchomp|34/100
|
|-heal|p2a: Garchomp|41/100|[from] item: Leftovers
|upkeep
|turn|26
|
|t:|1641731147
|move|p2a: Garchomp|Earthquake|p1a: Heatran
|-supereffective|p1a: Heatran
|-damage|p1a: Heatran|0 fnt
|faint|p1a: Heatran
|
|-heal|p2a: Garchomp|47/100|[from] item: Leftovers
|-sideend|p2: DuTuFeng|move: Light Screen
|upkeep
|
|t:|1641731157
|switch|p1a: Dragapult|Dragapult, F|100/100
|turn|27
|
|t:|1641731161
|switch|p2a: Tyranitar|Tyranitar, M|94/100
|-damage|p2a: Tyranitar|82/100|[from] Stealth Rock
|-weather|Sandstorm|[from] ability: Sand Stream|[of] p2a: Tyranitar
|move|p1a: Dragapult|Draco Meteor|p2a: Tyranitar
|-damage|p2a: Tyranitar|43/100
|-unboost|p1a: Dragapult|spa|2
|-damage|p1a: Dragapult|91/100|[from] item: Life Orb
|
|-weather|Sandstorm|[upkeep]
|-damage|p1a: Dragapult|85/100|[from] Sandstorm
|-heal|p2a: Tyranitar|49/100|[from] item: Leftovers
|upkeep
|turn|28
|
|t:|1641731177
|switch|p1a: Rillaboom|Rillaboom, F|27/100
|-fieldstart|move: Grassy Terrain|[from] ability: Grassy Surge|[of] p1a: Rillaboom
|move|p2a: Tyranitar|Rock Slide|p1a: Rillaboom
|-damage|p1a: Rillaboom|2/100
|
|-weather|Sandstorm|[upkeep]
|-damage|p1a: Rillaboom|0 fnt|[from] Sandstorm
|faint|p1a: Rillaboom
|-heal|p2a: Tyranitar|55/100|[from] Grassy Terrain
|-heal|p2a: Tyranitar|62/100|[from] item: Leftovers
|upkeep
|inactive|8jaggery has 120 seconds left.
|
|t:|1641731188
|switch|p1a: Dragapult|Dragapult, F|85/100
|turn|29
|
|t:|1641731193
|move|p1a: Dragapult|Scald|p2a: Tyranitar
|-supereffective|p2a: Tyranitar
|-damage|p2a: Tyranitar|27/100
|-damage|p1a: Dragapult|75/100|[from] item: Life Orb
|move|p2a: Tyranitar|Crunch|p1a: Dragapult
|-supereffective|p1a: Dragapult
|-damage|p1a: Dragapult|0 fnt
|faint|p1a: Dragapult
|
|-weather|Sandstorm|[upkeep]
|-heal|p2a: Tyranitar|34/100|[from] Grassy Terrain
|-heal|p2a: Tyranitar|40/100|[from] item: Leftovers
|upkeep
|
|t:|1641731204
|switch|p1a: Blastoise|Blastoise, F|45/100
|turn|30
|
|t:|1641731213
|switch|p2a: Dragapult|Dragapult, F|100/100
|-damage|p2a: Dragapult|88/100|[from] Stealth Rock
|move|p1a: Blastoise|Surf|p2a: Dragapult
|-resisted|p2a: Dragapult
|-damage|p2a: Dragapult|60/100
|
|-weather|Sandstorm|[upkeep]
|-damage|p2a: Dragapult|54/100|[from] Sandstorm
|-damage|p1a: Blastoise|39/100|[from] Sandstorm
|-heal|p2a: Dragapult|60/100|[from] Grassy Terrain
|-heal|p1a: Blastoise|45/100|[from] Grassy Terrain
|upkeep
|turn|31
|
|t:|1641731225
|move|p2a: Dragapult|Thunderbolt|p1a: Blastoise
|-supereffective|p1a: Blastoise
|-damage|p1a: Blastoise|0 fnt
|faint|p1a: Blastoise
|
|win|DuTuFeng
|raw|8jaggery's rating: 1230 &rarr; <strong>1206</strong><br />(-24 for losing)
|raw|DuTuFeng's rating: 1246 &rarr; <strong>1270</strong><br />(+24 for winning)
