|j|☆hchw90
|j|☆Trelle
|t:|1641742606
|gametype|singles
|player|p1|hchw90|170|1262
|player|p2|Trelle|palmer|1214
|teamsize|p1|6
|teamsize|p2|6
|gen|8
|tier|[Gen 8] OU
|rated|
|rule|Sleep Clause Mod: Limit one foe put to sleep
|rule|Species Clause: Limit one of each Pokémon
|rule|OHKO Clause: OHKO moves are banned
|rule|Evasion Moves Clause: Evasion moves are banned
|rule|Endless Battle Clause: Forcing endless battles is banned
|rule|HP Percentage Mod: HP is shown in percentages
|rule|Dynamax Clause: You cannot dynamax
|clearpoke
|poke|p1|Togekiss, M|
|poke|p1|Heatran, M|
|poke|p1|Gastrodon, F|
|poke|p1|Rotom-Wash|
|poke|p1|Hatterene, F|
|poke|p1|Zapdos-Galar|
|poke|p2|Corsola-Galar, F|
|poke|p2|Rillaboom, M|
|poke|p2|Gyarados, M|
|poke|p2|Weavile, M|
|poke|p2|Dragonite, M|
|poke|p2|Gardevoir, M|
|teampreview
|inactive|Battle timer is ON: inactive players will automatically lose when time's up. (requested by hchw90)
|
|t:|1641742622
|start
|switch|p1a: Rotom|Rotom-Wash|100/100
|switch|p2a: Gardevoir|Gardevoir, M|100/100
|-ability|p2a: Gardevoir|Levitate|[from] ability: Trace|[of] p1a: Rotom
|turn|1
|
|t:|1641742629
|move|p1a: Rotom|Trick|p2a: Gardevoir
|-activate|p1a: Rotom|move: Trick|[of] p2a: Gardevoir
|-item|p2a: Gardevoir|Choice Scarf|[from] move: Trick
|-item|p1a: Rotom|Choice Scarf|[from] move: Trick
|move|p2a: Gardevoir|Trick|p1a: Rotom
|-activate|p2a: Gardevoir|move: Trick|[of] p1a: Rotom
|-item|p1a: Rotom|Choice Scarf|[from] move: Trick
|-item|p2a: Gardevoir|Choice Scarf|[from] move: Trick
|
|upkeep
|turn|2
|c|☆Trelle|Lmaoooo
|
|t:|1641742656
|move|p1a: Rotom|Volt Switch|p2a: Gardevoir
|-damage|p2a: Gardevoir|64/100
|
|t:|1641742681
|switch|p1a: Zapdos|Zapdos-Galar|100/100|[from]move: Volt Switch
|move|p2a: Gardevoir|Psychic|p1a: Zapdos
|-supereffective|p1a: Zapdos
|-damage|p1a: Zapdos|0 fnt
|faint|p1a: Zapdos
|
|upkeep
|
|t:|1641742689
|switch|p1a: Togekiss|Togekiss, M|100/100
|turn|3
|
|t:|1641742694
|switch|p2a: Corsola|Corsola-Galar, F|100/100
|move|p1a: Togekiss|Thunder Wave|p2a: Corsola
|-status|p2a: Corsola|par
|
|upkeep
|turn|4
|
|t:|1641742700
|switch|p1a: Hatterene|Hatterene, F|100/100
|move|p2a: Corsola|Will-O-Wisp|p1a: Hatterene
|move|p1a: Hatterene|Will-O-Wisp||[from]ability: Magic Bounce|[still]
|-fail|p1a: Hatterene
|
|upkeep
|turn|5
|
|t:|1641742708
|switch|p1a: Heatran|Heatran, M|100/100
|-item|p1a: Heatran|Air Balloon
|switch|p2a: Rillaboom|Rillaboom, M|100/100
|-fieldstart|move: Grassy Terrain|[from] ability: Grassy Surge|[of] p2a: Rillaboom
|-enditem|p2a: Rillaboom|Grassy Seed
|-boost|p2a: Rillaboom|def|1|[from] item: Grassy Seed
|
|upkeep
|turn|6
|
|t:|1641742715
|switch|p2a: Gardevoir|Gardevoir, M|64/100
|-ability|p2a: Gardevoir|Flash Fire|[from] ability: Trace|[of] p1a: Heatran
|move|p1a: Heatran|Lava Plume|p2a: Gardevoir
|-start|p2a: Gardevoir|ability: Flash Fire
|
|-heal|p2a: Gardevoir|71/100|[from] Grassy Terrain
|upkeep
|turn|7
|
|t:|1641742730
|move|p2a: Gardevoir|Destiny Bond|p2a: Gardevoir
|-singlemove|p2a: Gardevoir|Destiny Bond
|move|p1a: Heatran|Stealth Rock|p2a: Gardevoir
|-sidestart|p2: Trelle|move: Stealth Rock
|
|-heal|p2a: Gardevoir|77/100|[from] Grassy Terrain
|upkeep
|turn|8
|
|t:|1641742735
|move|p2a: Gardevoir|Destiny Bond||[still]
|-fail|p2a: Gardevoir
|move|p1a: Heatran|Toxic|p2a: Gardevoir
|-status|p2a: Gardevoir|tox
|
|-heal|p2a: Gardevoir|83/100 tox|[from] Grassy Terrain
|-damage|p2a: Gardevoir|77/100 tox|[from] psn
|upkeep
|turn|9
|
|t:|1641742751
|-end|p2a: Gardevoir|ability: Flash Fire|[silent]
|switch|p2a: Dragonite|Dragonite, M|100/100
|-damage|p2a: Dragonite|76/100|[from] Stealth Rock
|move|p1a: Heatran|Lava Plume|p2a: Dragonite
|-resisted|p2a: Dragonite
|-damage|p2a: Dragonite|57/100
|
|-fieldend|move: Grassy Terrain
|upkeep
|turn|10
|
|t:|1641742768
|move|p2a: Dragonite|Dragon Dance|p2a: Dragonite
|-boost|p2a: Dragonite|atk|1
|-boost|p2a: Dragonite|spe|1
|move|p1a: Heatran|Lava Plume|p2a: Dragonite
|-resisted|p2a: Dragonite
|-damage|p2a: Dragonite|38/100
|-status|p2a: Dragonite|brn
|
|-damage|p2a: Dragonite|32/100 brn|[from] brn
|upkeep
|turn|11
|inactive|hchw90 has 120 seconds left.
|
|t:|1641742797
|move|p2a: Dragonite|Earthquake|p1a: Heatran
|-immune|p1a: Heatran
|move|p1a: Heatran|Lava Plume|p2a: Dragonite
|-resisted|p2a: Dragonite
|-damage|p2a: Dragonite|15/100 brn
|
|-damage|p2a: Dragonite|9/100 brn|[from] brn
|upkeep
|turn|12
|
|t:|1641742803
|move|p2a: Dragonite|Extreme Speed|p1a: Heatran
|-resisted|p1a: Heatran
|-damage|p1a: Heatran|90/100
|-enditem|p1a: Heatran|Air Balloon
|move|p1a: Heatran|Lava Plume|p2a: Dragonite
|-resisted|p2a: Dragonite
|-damage|p2a: Dragonite|0 fnt
|faint|p2a: Dragonite
|
|upkeep
|
|t:|1641742807
|switch|p2a: Gyarados|Gyarados, M|100/100
|-damage|p2a: Gyarados|76/100|[from] Stealth Rock
|turn|13
|
|t:|1641742814
|switch|p1a: Rotom|Rotom-Wash|100/100
|move|p2a: Gyarados|Waterfall|p1a: Rotom
|-resisted|p1a: Rotom
|-damage|p1a: Rotom|64/100
|-damage|p2a: Gyarados|66/100|[from] item: Life Orb
|
|upkeep
|turn|14
|
|t:|1641742821
|switch|p2a: Gardevoir|Gardevoir, M|77/100 tox
|-damage|p2a: Gardevoir|64/100 tox|[from] Stealth Rock
|-ability|p2a: Gardevoir|Levitate|[from] ability: Trace|[of] p1a: Rotom
|move|p1a: Rotom|Volt Switch|p2a: Gardevoir
|-damage|p2a: Gardevoir|30/100 tox
|
|t:|1641742839
|switch|p1a: Heatran|Heatran, M|90/100|[from]move: Volt Switch
|
|-damage|p2a: Gardevoir|24/100 tox|[from] psn
|upkeep
|turn|15
|
|t:|1641742852
|switch|p1a: Togekiss|Togekiss, M|100/100
|move|p2a: Gardevoir|Destiny Bond|p2a: Gardevoir
|-singlemove|p2a: Gardevoir|Destiny Bond
|
|-damage|p2a: Gardevoir|12/100 tox|[from] psn
|upkeep
|turn|16
|
|t:|1641742858
|move|p2a: Gardevoir|Destiny Bond||[still]
|-fail|p2a: Gardevoir
|move|p1a: Togekiss|Thunder Wave||[still]
|-fail|p1a: Togekiss
|
|-damage|p2a: Gardevoir|0 fnt|[from] psn
|faint|p2a: Gardevoir
|upkeep
|
|t:|1641742864
|switch|p2a: Weavile|Weavile, M|100/100
|-damage|p2a: Weavile|76/100|[from] Stealth Rock
|-ability|p2a: Weavile|Pressure
|turn|17
|
|t:|1641742871
|switch|p1a: Rotom|Rotom-Wash|64/100
|move|p2a: Weavile|Hone Claws|p2a: Weavile
|-boost|p2a: Weavile|atk|1
|-boost|p2a: Weavile|accuracy|1
|
|upkeep
|turn|18
|
|t:|1641742875
|move|p1a: Rotom|Thunderbolt|p2a: Weavile
|-damage|p2a: Weavile|15/100
|move|p2a: Weavile|Knock Off|p1a: Rotom
|-damage|p1a: Rotom|0 fnt
|-enditem|p1a: Rotom|Choice Scarf|[from] move: Knock Off|[of] p2a: Weavile
|faint|p1a: Rotom
|
|upkeep
|
|t:|1641742889
|switch|p1a: Gastrodon|Gastrodon, F|100/100
|turn|19
|
|t:|1641742896
|move|p2a: Weavile|Knock Off|p1a: Gastrodon
|-damage|p1a: Gastrodon|47/100
|-enditem|p1a: Gastrodon|Leftovers|[from] move: Knock Off|[of] p2a: Weavile
|move|p1a: Gastrodon|Scald|p2a: Weavile
|-damage|p2a: Weavile|0 fnt
|faint|p2a: Weavile
|
|upkeep
|
|t:|1641742901
|switch|p2a: Rillaboom|Rillaboom, M|100/100
|-damage|p2a: Rillaboom|88/100|[from] Stealth Rock
|-fieldstart|move: Grassy Terrain|[from] ability: Grassy Surge|[of] p2a: Rillaboom
|turn|20
|
|t:|1641742911
|switch|p1a: Togekiss|Togekiss, M|100/100
|move|p2a: Rillaboom|Knock Off|p1a: Togekiss
|-resisted|p1a: Togekiss
|-damage|p1a: Togekiss|89/100
|-enditem|p1a: Togekiss|Babiri Berry|[from] move: Knock Off|[of] p2a: Rillaboom
|
|-heal|p2a: Rillaboom|94/100|[from] Grassy Terrain
|upkeep
|turn|21
|
|t:|1641742918
|move|p2a: Rillaboom|Acrobatics|p1a: Togekiss
|-damage|p1a: Togekiss|60/100
|move|p1a: Togekiss|Thunder Wave|p2a: Rillaboom
|-status|p2a: Rillaboom|par
|
|-heal|p2a: Rillaboom|100/100 par|[from] Grassy Terrain
|upkeep
|turn|22
|
|t:|1641742922
|switch|p2a: Corsola|Corsola-Galar, F|100/100 par
|-damage|p2a: Corsola|88/100 par|[from] Stealth Rock
|move|p1a: Togekiss|Air Slash|p2a: Corsola
|-crit|p2a: Corsola
|-damage|p2a: Corsola|58/100 par
|
|-heal|p2a: Corsola|64/100 par|[from] Grassy Terrain
|upkeep
|turn|23
|-message|Trelle forfeited.
|
|win|hchw90
|raw|hchw90's rating: 1262 &rarr; <strong>1284</strong><br />(+22 for winning)
|raw|Trelle's rating: 1214 &rarr; <strong>1192</strong><br />(-22 for losing)
|l|☆Trelle
