|j|☆BlueTorche
|j|☆GuildmasterLucario
|t:|1641727207
|gametype|singles
|player|p1|BlueTorche|liza|1415
|player|p2|GuildmasterLucario|gladion|1341
|teamsize|p1|6
|teamsize|p2|6
|gen|8
|tier|[Gen 8] OU
|rated|
|rule|Sleep Clause Mod: Limit one foe put to sleep
|rule|Species Clause: Limit one of each Pokémon
|rule|OHKO Clause: OHKO moves are banned
|rule|Evasion Moves Clause: Evasion moves are banned
|rule|Endless Battle Clause: Forcing endless battles is banned
|rule|HP Percentage Mod: HP is shown in percentages
|rule|Dynamax Clause: You cannot dynamax
|clearpoke
|poke|p1|Scizor, M|
|poke|p1|Barraskewda, F|
|poke|p1|Pelipper, M|
|poke|p1|Heatran, M|
|poke|p1|Tapu Koko|
|poke|p1|Melmetal|
|poke|p2|Bisharp, F|
|poke|p2|Slowbro, M|
|poke|p2|Garchomp, F|
|poke|p2|Zapdos|
|poke|p2|Blissey, F|
|poke|p2|Victini|
|teampreview
|inactive|Battle timer is ON: inactive players will automatically lose when time's up. (requested by BlueTorche)
|
|t:|1641727219
|start
|switch|p1a: Scizor|Scizor, M|100/100
|switch|p2a: Garchomp|Garchomp, F|100/100
|turn|1
|
|t:|1641727230
|move|p2a: Garchomp|Swords Dance|p2a: Garchomp
|-boost|p2a: Garchomp|atk|2
|move|p1a: Scizor|U-turn|p2a: Garchomp
|-damage|p2a: Garchomp|72/100
|-damage|p1a: Scizor|88/100|[from] ability: Rough Skin|[of] p2a: Garchomp
|-damage|p1a: Scizor|72/100|[from] item: Rocky Helmet|[of] p2a: Garchomp
|
|t:|1641727237
|switch|p1a: Tapu Koko|Tapu Koko|100/100|[from]move: U-turn
|-fieldstart|move: Electric Terrain|[from] ability: Electric Surge|[of] p1a: Tapu Koko
|
|upkeep
|turn|2
|
|t:|1641727243
|switch|p2a: Blissey|Blissey, F|100/100
|move|p1a: Tapu Koko|Dazzling Gleam|p2a: Blissey
|-damage|p2a: Blissey|85/100
|-damage|p1a: Tapu Koko|91/100|[from] item: Life Orb
|
|-heal|p2a: Blissey|91/100|[from] item: Leftovers
|upkeep
|turn|3
|
|t:|1641727263
|switch|p1a: Scizor|Scizor, M|72/100
|move|p2a: Blissey|Teleport|p2a: Blissey
|
|t:|1641727278
|switch|p2a: Zapdos|Zapdos|100/100|[from]move: Teleport
|
|-heal|p1a: Scizor|78/100|[from] item: Leftovers
|upkeep
|turn|4
|
|t:|1641727289
|switch|p1a: Heatran|Heatran, M|100/100
|move|p2a: Zapdos|Volt Switch|p1a: Heatran
|-damage|p1a: Heatran|79/100
|
|t:|1641727299
|switch|p2a: Garchomp|Garchomp, F|72/100|[from]move: Volt Switch
|
|-heal|p1a: Heatran|85/100|[from] item: Leftovers
|upkeep
|turn|5
|
|t:|1641727316
|move|p2a: Garchomp|Scale Shot|p1a: Heatran
|-resisted|p1a: Heatran
|-damage|p1a: Heatran|80/100
|-resisted|p1a: Heatran
|-damage|p1a: Heatran|73/100
|-hitcount|p1a: Heatran|2
|-unboost|p2a: Garchomp|def|1
|-boost|p2a: Garchomp|spe|1
|move|p1a: Heatran|Toxic|p2a: Garchomp
|-status|p2a: Garchomp|tox
|
|-heal|p1a: Heatran|80/100|[from] item: Leftovers
|-damage|p2a: Garchomp|66/100 tox|[from] psn
|-fieldend|move: Electric Terrain
|upkeep
|turn|6
|
|t:|1641727327
|switch|p1a: Pelipper|Pelipper, M|100/100
|-weather|RainDance|[from] ability: Drizzle|[of] p1a: Pelipper
|move|p2a: Garchomp|Stealth Rock|p1a: Pelipper
|-sidestart|p1: BlueTorche|move: Stealth Rock
|
|-weather|RainDance|[upkeep]
|-damage|p2a: Garchomp|54/100 tox|[from] psn
|upkeep
|turn|7
|
|t:|1641727339
|switch|p2a: Blissey|Blissey, F|91/100
|move|p1a: Pelipper|Scald|p2a: Blissey
|-damage|p2a: Blissey|78/100
|
|-weather|RainDance|[upkeep]
|-heal|p2a: Blissey|84/100|[from] item: Leftovers
|upkeep
|turn|8
|
|t:|1641727347
|move|p1a: Pelipper|Defog|p2a: Blissey
|-unboost|p2a: Blissey|evasion|1
|-sideend|p1: BlueTorche|Stealth Rock|[from] move: Defog|[of] p1a: Pelipper
|move|p2a: Blissey|Teleport|p2a: Blissey
|
|t:|1641727350
|switch|p2a: Zapdos|Zapdos|100/100|[from]move: Teleport
|
|-weather|RainDance|[upkeep]
|upkeep
|turn|9
|
|t:|1641727358
|switch|p1a: Heatran|Heatran, M|80/100
|move|p2a: Zapdos|Volt Switch|p1a: Heatran
|-damage|p1a: Heatran|56/100
|
|t:|1641727375
|switch|p2a: Blissey|Blissey, F|84/100|[from]move: Volt Switch
|
|-weather|RainDance|[upkeep]
|-heal|p1a: Heatran|62/100|[from] item: Leftovers
|-heal|p2a: Blissey|90/100|[from] item: Leftovers
|upkeep
|turn|10
|
|t:|1641727386
|move|p1a: Heatran|Stealth Rock|p2a: Blissey
|-sidestart|p2: GuildmasterLucario|move: Stealth Rock
|move|p2a: Blissey|Seismic Toss|p1a: Heatran
|-damage|p1a: Heatran|36/100
|
|-weather|none
|-heal|p1a: Heatran|42/100|[from] item: Leftovers
|-heal|p2a: Blissey|96/100|[from] item: Leftovers
|upkeep
|turn|11
|
|t:|1641727397
|switch|p1a: Melmetal|Melmetal|100/100
|move|p2a: Blissey|Seismic Toss|p1a: Melmetal
|-damage|p1a: Melmetal|78/100
|
|-heal|p2a: Blissey|100/100|[from] item: Leftovers
|upkeep
|turn|12
|
|t:|1641727408
|switch|p2a: Slowbro|Slowbro, M|100/100
|-damage|p2a: Slowbro|88/100|[from] Stealth Rock
|move|p1a: Melmetal|Ice Punch|p2a: Slowbro
|-resisted|p2a: Slowbro
|-damage|p2a: Slowbro|79/100
|
|-heal|p2a: Slowbro|85/100|[from] item: Leftovers
|upkeep
|turn|13
|
|t:|1641727415
|move|p1a: Melmetal|Thunder Punch|p2a: Slowbro
|-supereffective|p2a: Slowbro
|-damage|p2a: Slowbro|50/100
|move|p2a: Slowbro|Teleport|p2a: Slowbro
|
|t:|1641727417
|switch|p2a: Zapdos|Zapdos|100/100|[from]move: Teleport
|
|upkeep
|turn|14
|
|t:|1641727433
|move|p2a: Zapdos|Defog|p1a: Melmetal
|-unboost|p1a: Melmetal|evasion|1
|-sideend|p2: GuildmasterLucario|Stealth Rock|[from] move: Defog|[of] p2a: Zapdos
|move|p1a: Melmetal|Double Iron Bash|p2a: Zapdos
|-resisted|p2a: Zapdos
|-damage|p2a: Zapdos|78/100
|-status|p1a: Melmetal|par|[from] ability: Static|[of] p2a: Zapdos
|-resisted|p2a: Zapdos
|-damage|p2a: Zapdos|58/100
|-hitcount|p2a: Zapdos|2
|
|upkeep
|turn|15
|
|t:|1641727443
|move|p2a: Zapdos|Volt Switch|p1a: Melmetal
|-damage|p1a: Melmetal|60/100 par
|
|t:|1641727446
|switch|p2a: Slowbro|Slowbro, M|83/100|[from]move: Volt Switch
|move|p1a: Melmetal|Ice Punch|p2a: Slowbro
|-resisted|p2a: Slowbro
|-damage|p2a: Slowbro|75/100
|
|-heal|p2a: Slowbro|81/100|[from] item: Leftovers
|upkeep
|turn|16
|
|t:|1641727453
|switch|p1a: Tapu Koko|Tapu Koko|91/100
|-fieldstart|move: Electric Terrain|[from] ability: Electric Surge|[of] p1a: Tapu Koko
|move|p2a: Slowbro|Scald|p1a: Tapu Koko
|-damage|p1a: Tapu Koko|47/100
|-status|p1a: Tapu Koko|brn
|
|-heal|p2a: Slowbro|87/100|[from] item: Leftovers
|-damage|p1a: Tapu Koko|41/100 brn|[from] brn
|upkeep
|turn|17
|
|t:|1641727458
|switch|p2a: Blissey|Blissey, F|100/100
|move|p1a: Tapu Koko|U-turn|p2a: Blissey
|-damage|p2a: Blissey|91/100
|-damage|p1a: Tapu Koko|31/100 brn|[from] item: Life Orb
|
|t:|1641727470
|switch|p1a: Scizor|Scizor, M|78/100|[from]move: U-turn
|
|-heal|p1a: Scizor|84/100|[from] item: Leftovers
|-heal|p2a: Blissey|97/100|[from] item: Leftovers
|upkeep
|turn|18
|
|t:|1641727481
|switch|p2a: Garchomp|Garchomp, F|54/100 tox
|move|p1a: Scizor|Swords Dance|p1a: Scizor
|-boost|p1a: Scizor|atk|2
|
|-heal|p1a: Scizor|90/100|[from] item: Leftovers
|-damage|p2a: Garchomp|48/100 tox|[from] psn
|upkeep
|turn|19
|
|t:|1641727486
|move|p1a: Scizor|Bullet Punch|p2a: Garchomp
|-damage|p2a: Garchomp|0 fnt
|-damage|p1a: Scizor|78/100|[from] ability: Rough Skin|[of] p2a: Garchomp
|-damage|p1a: Scizor|61/100|[from] item: Rocky Helmet|[of] p2a: Garchomp
|faint|p2a: Garchomp
|
|-heal|p1a: Scizor|67/100|[from] item: Leftovers
|upkeep
|
|t:|1641727488
|switch|p2a: Victini|Victini|100/100
|turn|20
|
|t:|1641727505
|move|p1a: Scizor|Bullet Punch|p2a: Victini
|-resisted|p2a: Victini
|-damage|p2a: Victini|74/100
|move|p2a: Victini|V-create|p1a: Scizor
|-supereffective|p1a: Scizor
|-damage|p1a: Scizor|0 fnt
|-unboost|p2a: Victini|spe|1
|-unboost|p2a: Victini|def|1
|-unboost|p2a: Victini|spd|1
|faint|p1a: Scizor
|
|-fieldend|move: Electric Terrain
|upkeep
|
|t:|1641727511
|switch|p1a: Pelipper|Pelipper, M|100/100
|-weather|RainDance|[from] ability: Drizzle|[of] p1a: Pelipper
|turn|21
|
|t:|1641727520
|switch|p2a: Blissey|Blissey, F|97/100
|move|p1a: Pelipper|U-turn|p2a: Blissey
|-damage|p2a: Blissey|90/100
|
|t:|1641727527
|switch|p1a: Barraskewda|Barraskewda, F|100/100|[from]move: U-turn
|
|-weather|RainDance|[upkeep]
|-heal|p2a: Blissey|96/100|[from] item: Leftovers
|upkeep
|turn|22
|
|t:|1641727532
|switch|p2a: Slowbro|Slowbro, M|100/100
|move|p1a: Barraskewda|Flip Turn|p2a: Slowbro
|-resisted|p2a: Slowbro
|-damage|p2a: Slowbro|81/100
|
|t:|1641727541
|switch|p1a: Tapu Koko|Tapu Koko|31/100 brn|[from]move: Flip Turn
|-fieldstart|move: Electric Terrain|[from] ability: Electric Surge|[of] p1a: Tapu Koko
|
|-weather|RainDance|[upkeep]
|-heal|p2a: Slowbro|87/100|[from] item: Leftovers
|-damage|p1a: Tapu Koko|25/100 brn|[from] brn
|upkeep
|turn|23
|
|t:|1641727546
|switch|p2a: Blissey|Blissey, F|96/100
|move|p1a: Tapu Koko|Thunderbolt|p2a: Blissey
|-damage|p2a: Blissey|72/100
|-status|p2a: Blissey|par
|-damage|p1a: Tapu Koko|15/100 brn|[from] item: Life Orb
|
|-weather|RainDance|[upkeep]
|-heal|p2a: Blissey|78/100 par|[from] item: Leftovers
|-damage|p1a: Tapu Koko|9/100 brn|[from] brn
|upkeep
|turn|24
|
|t:|1641727552
|move|p1a: Tapu Koko|Roost|p1a: Tapu Koko
|-heal|p1a: Tapu Koko|59/100 brn
|-singleturn|p1a: Tapu Koko|move: Roost
|move|p2a: Blissey|Teleport|p2a: Blissey
|
|t:|1641727567
|-curestatus|p2a: Blissey|par|[from] ability: Natural Cure
|switch|p2a: Slowbro|Slowbro, M|100/100|[from]move: Teleport
|
|-weather|RainDance|[upkeep]
|-damage|p1a: Tapu Koko|53/100 brn|[from] brn
|upkeep
|turn|25
|
|t:|1641727572
|switch|p2a: Blissey|Blissey, F|78/100
|move|p1a: Tapu Koko|Thunderbolt|p2a: Blissey
|-damage|p2a: Blissey|56/100
|-damage|p1a: Tapu Koko|43/100 brn|[from] item: Life Orb
|
|-weather|none
|-heal|p2a: Blissey|62/100|[from] item: Leftovers
|-damage|p1a: Tapu Koko|37/100 brn|[from] brn
|upkeep
|turn|26
|
|t:|1641727575
|move|p1a: Tapu Koko|Roost|p1a: Tapu Koko
|-heal|p1a: Tapu Koko|87/100 brn
|-singleturn|p1a: Tapu Koko|move: Roost
|move|p2a: Blissey|Soft-Boiled|p2a: Blissey
|-heal|p2a: Blissey|100/100
|
|-damage|p1a: Tapu Koko|81/100 brn|[from] brn
|-fieldend|move: Electric Terrain
|upkeep
|turn|27
|
|t:|1641727590
|move|p1a: Tapu Koko|Dazzling Gleam|p2a: Blissey
|-damage|p2a: Blissey|85/100
|-damage|p1a: Tapu Koko|71/100 brn|[from] item: Life Orb
|move|p2a: Blissey|Seismic Toss|p1a: Tapu Koko
|-damage|p1a: Tapu Koko|35/100 brn
|
|-heal|p2a: Blissey|91/100|[from] item: Leftovers
|-damage|p1a: Tapu Koko|29/100 brn|[from] brn
|upkeep
|turn|28
|
|t:|1641727593
|move|p1a: Tapu Koko|Roost|p1a: Tapu Koko
|-heal|p1a: Tapu Koko|80/100 brn
|-singleturn|p1a: Tapu Koko|move: Roost
|move|p2a: Blissey|Seismic Toss|p1a: Tapu Koko
|-damage|p1a: Tapu Koko|44/100 brn
|
|-heal|p2a: Blissey|97/100|[from] item: Leftovers
|-damage|p1a: Tapu Koko|38/100 brn|[from] brn
|upkeep
|turn|29
|
|t:|1641727607
|switch|p1a: Melmetal|Melmetal|60/100 par
|move|p2a: Blissey|Seismic Toss|p1a: Melmetal
|-damage|p1a: Melmetal|37/100 par
|
|-heal|p2a: Blissey|100/100|[from] item: Leftovers
|upkeep
|turn|30
|
|t:|1641727613
|switch|p2a: Slowbro|Slowbro, M|100/100
|move|p1a: Melmetal|Thunder Punch|p2a: Slowbro
|-supereffective|p2a: Slowbro
|-damage|p2a: Slowbro|64/100
|
|-heal|p2a: Slowbro|70/100|[from] item: Leftovers
|upkeep
|turn|31
|
|t:|1641727631
|switch|p1a: Heatran|Heatran, M|42/100
|move|p2a: Slowbro|Scald|p1a: Heatran
|-supereffective|p1a: Heatran
|-damage|p1a: Heatran|9/100
|
|-heal|p1a: Heatran|16/100|[from] item: Leftovers
|-heal|p2a: Slowbro|76/100|[from] item: Leftovers
|upkeep
|turn|32
|
|t:|1641727638
|switch|p2a: Blissey|Blissey, F|100/100
|move|p1a: Heatran|Toxic|p2a: Blissey
|-status|p2a: Blissey|tox
|
|-heal|p1a: Heatran|22/100|[from] item: Leftovers
|-damage|p2a: Blissey|94/100 tox|[from] psn
|upkeep
|turn|33
|
|t:|1641727645
|move|p1a: Heatran|Stealth Rock|p2a: Blissey
|-sidestart|p2: GuildmasterLucario|move: Stealth Rock
|move|p2a: Blissey|Seismic Toss|p1a: Heatran
|-damage|p1a: Heatran|0 fnt
|faint|p1a: Heatran
|
|-heal|p2a: Blissey|100/100 tox|[from] item: Leftovers
|-damage|p2a: Blissey|88/100 tox|[from] psn
|upkeep
|
|t:|1641727657
|switch|p1a: Tapu Koko|Tapu Koko|38/100 brn
|-fieldstart|move: Electric Terrain|[from] ability: Electric Surge|[of] p1a: Tapu Koko
|turn|34
|
|t:|1641727661
|move|p1a: Tapu Koko|Roost|p1a: Tapu Koko
|-heal|p1a: Tapu Koko|88/100 brn
|-singleturn|p1a: Tapu Koko|move: Roost
|move|p2a: Blissey|Teleport|p2a: Blissey
|
|t:|1641727666
|-curestatus|p2a: Blissey|tox|[from] ability: Natural Cure
|switch|p2a: Victini|Victini|74/100|[from]move: Teleport
|-damage|p2a: Victini|49/100|[from] Stealth Rock
|
|-damage|p1a: Tapu Koko|82/100 brn|[from] brn
|upkeep
|turn|35
|
|t:|1641727675
|switch|p1a: Pelipper|Pelipper, M|100/100
|-weather|RainDance|[from] ability: Drizzle|[of] p1a: Pelipper
|move|p2a: Victini|U-turn|p1a: Pelipper
|-resisted|p1a: Pelipper
|-damage|p1a: Pelipper|92/100
|
|t:|1641727683
|switch|p2a: Zapdos|Zapdos|58/100|[from]move: U-turn
|
|-weather|RainDance|[upkeep]
|upkeep
|turn|36
|
|t:|1641727689
|move|p2a: Zapdos|Defog|p1a: Pelipper
|-unboost|p1a: Pelipper|evasion|1
|-sideend|p2: GuildmasterLucario|Stealth Rock|[from] move: Defog|[of] p2a: Zapdos
|-fieldend|move: Electric Terrain
|move|p1a: Pelipper|Scald|p2a: Zapdos
|-damage|p2a: Zapdos|7/100
|
|-weather|RainDance|[upkeep]
|upkeep
|turn|37
|
|t:|1641727699
|switch|p1a: Melmetal|Melmetal|37/100 par
|move|p2a: Zapdos|Volt Switch|p1a: Melmetal
|-damage|p1a: Melmetal|19/100 par
|
|t:|1641727705
|switch|p2a: Bisharp|Bisharp, F, shiny|100/100|[from]move: Volt Switch
|
|-weather|RainDance|[upkeep]
|upkeep
|turn|38
|
|t:|1641727709
|move|p2a: Bisharp|Knock Off|p1a: Melmetal
|-damage|p1a: Melmetal|0 fnt
|-enditem|p1a: Melmetal|Assault Vest|[from] move: Knock Off|[of] p2a: Bisharp
|faint|p1a: Melmetal
|-damage|p2a: Bisharp|91/100|[from] item: Life Orb
|
|-weather|RainDance|[upkeep]
|upkeep
|
|t:|1641727714
|switch|p1a: Barraskewda|Barraskewda, F|100/100
|turn|39
|
|t:|1641727721
|move|p2a: Bisharp|Sucker Punch|p1a: Barraskewda
|-damage|p1a: Barraskewda|5/100
|-damage|p2a: Bisharp|81/100|[from] item: Life Orb
|move|p1a: Barraskewda|Flip Turn|p2a: Bisharp
|-damage|p2a: Bisharp|0 fnt
|faint|p2a: Bisharp
|
|t:|1641727732
|switch|p1a: Tapu Koko|Tapu Koko|82/100 brn|[from]move: Flip Turn
|-fieldstart|move: Electric Terrain|[from] ability: Electric Surge|[of] p1a: Tapu Koko
|
|-weather|none
|-damage|p1a: Tapu Koko|76/100 brn|[from] brn
|upkeep
|
|t:|1641727740
|switch|p2a: Victini|Victini|49/100
|turn|40
|
|t:|1641727745
|move|p2a: Victini|U-turn|p1a: Tapu Koko
|-resisted|p1a: Tapu Koko
|-damage|p1a: Tapu Koko|61/100 brn
|
|t:|1641727747
|switch|p2a: Blissey|Blissey, F|88/100|[from]move: U-turn
|move|p1a: Tapu Koko|Thunderbolt|p2a: Blissey
|-damage|p2a: Blissey|66/100
|-damage|p1a: Tapu Koko|51/100 brn|[from] item: Life Orb
|
|-heal|p2a: Blissey|72/100|[from] item: Leftovers
|-damage|p1a: Tapu Koko|45/100 brn|[from] brn
|upkeep
|turn|41
|
|t:|1641727752
|move|p1a: Tapu Koko|Roost|p1a: Tapu Koko
|-heal|p1a: Tapu Koko|95/100 brn
|-singleturn|p1a: Tapu Koko|move: Roost
|move|p2a: Blissey|Seismic Toss|p1a: Tapu Koko
|-damage|p1a: Tapu Koko|60/100 brn
|
|-heal|p2a: Blissey|79/100|[from] item: Leftovers
|-damage|p1a: Tapu Koko|54/100 brn|[from] brn
|upkeep
|turn|42
|
|t:|1641727760
|switch|p1a: Pelipper|Pelipper, M|92/100
|-weather|RainDance|[from] ability: Drizzle|[of] p1a: Pelipper
|move|p2a: Blissey|Seismic Toss|p1a: Pelipper
|-damage|p1a: Pelipper|61/100
|
|-weather|RainDance|[upkeep]
|-heal|p2a: Blissey|85/100|[from] item: Leftovers
|upkeep
|turn|43
|
|t:|1641727773
|move|p1a: Pelipper|Scald|p2a: Blissey
|-damage|p2a: Blissey|70/100
|move|p2a: Blissey|Seismic Toss|p1a: Pelipper
|-damage|p1a: Pelipper|31/100
|
|-weather|RainDance|[upkeep]
|-heal|p2a: Blissey|76/100|[from] item: Leftovers
|-fieldend|move: Electric Terrain
|upkeep
|turn|44
|
|t:|1641727782
|move|p1a: Pelipper|Roost|p1a: Pelipper
|-heal|p1a: Pelipper|81/100
|-singleturn|p1a: Pelipper|move: Roost
|move|p2a: Blissey|Soft-Boiled|p2a: Blissey
|-heal|p2a: Blissey|100/100
|
|-weather|RainDance|[upkeep]
|upkeep
|turn|45
|
|t:|1641727797
|move|p1a: Pelipper|Scald|p2a: Blissey
|-damage|p2a: Blissey|86/100
|move|p2a: Blissey|Teleport|p2a: Blissey
|
|t:|1641727799
|switch|p2a: Zapdos|Zapdos|7/100|[from]move: Teleport
|
|-weather|RainDance|[upkeep]
|upkeep
|turn|46
|
|t:|1641727806
|move|p2a: Zapdos|Volt Switch|p1a: Pelipper
|-supereffective|p1a: Pelipper
|-damage|p1a: Pelipper|0 fnt
|faint|p1a: Pelipper
|
|t:|1641727811
|switch|p2a: Victini|Victini|49/100|[from]move: Volt Switch
|
|-weather|none
|upkeep
|
|t:|1641727815
|switch|p1a: Barraskewda|Barraskewda, F|5/100
|turn|47
|
|t:|1641727818
|move|p1a: Barraskewda|Aqua Jet|p2a: Victini
|-supereffective|p2a: Victini
|-damage|p2a: Victini|0 fnt
|faint|p2a: Victini
|
|upkeep
|
|t:|1641727823
|switch|p2a: Slowbro|Slowbro, M|100/100
|turn|48
|
|t:|1641727846
|switch|p1a: Tapu Koko|Tapu Koko|54/100 brn
|-fieldstart|move: Electric Terrain|[from] ability: Electric Surge|[of] p1a: Tapu Koko
|move|p2a: Slowbro|Scald|p1a: Tapu Koko
|-damage|p1a: Tapu Koko|12/100 brn
|
|-damage|p1a: Tapu Koko|5/100 brn|[from] brn
|upkeep
|turn|49
|
|t:|1641727855
|switch|p2a: Blissey|Blissey, F|86/100
|move|p1a: Tapu Koko|Roost|p1a: Tapu Koko
|-heal|p1a: Tapu Koko|56/100 brn
|-singleturn|p1a: Tapu Koko|move: Roost
|
|-heal|p2a: Blissey|92/100|[from] item: Leftovers
|-damage|p1a: Tapu Koko|50/100 brn|[from] brn
|upkeep
|turn|50
|
|t:|1641727861
|move|p1a: Tapu Koko|Roost|p1a: Tapu Koko
|-heal|p1a: Tapu Koko|99/100 brn
|-singleturn|p1a: Tapu Koko|move: Roost
|move|p2a: Blissey|Seismic Toss|p1a: Tapu Koko
|-damage|p1a: Tapu Koko|64/100 brn
|
|-heal|p2a: Blissey|99/100|[from] item: Leftovers
|-damage|p1a: Tapu Koko|58/100 brn|[from] brn
|upkeep
|turn|51
|
|t:|1641727870
|move|p1a: Tapu Koko|Thunderbolt|p2a: Blissey
|-damage|p2a: Blissey|76/100
|-damage|p1a: Tapu Koko|48/100 brn|[from] item: Life Orb
|move|p2a: Blissey|Seismic Toss|p1a: Tapu Koko
|-damage|p1a: Tapu Koko|13/100 brn
|
|-heal|p2a: Blissey|82/100|[from] item: Leftovers
|-damage|p1a: Tapu Koko|7/100 brn|[from] brn
|upkeep
|turn|52
|
|t:|1641727876
|move|p1a: Tapu Koko|Roost|p1a: Tapu Koko
|-heal|p1a: Tapu Koko|57/100 brn
|-singleturn|p1a: Tapu Koko|move: Roost
|move|p2a: Blissey|Seismic Toss|p1a: Tapu Koko
|-damage|p1a: Tapu Koko|21/100 brn
|
|-heal|p2a: Blissey|88/100|[from] item: Leftovers
|-damage|p1a: Tapu Koko|15/100 brn|[from] brn
|-fieldend|move: Electric Terrain
|upkeep
|turn|53
|
|t:|1641727882
|move|p1a: Tapu Koko|Roost|p1a: Tapu Koko
|-heal|p1a: Tapu Koko|65/100 brn
|-singleturn|p1a: Tapu Koko|move: Roost
|move|p2a: Blissey|Seismic Toss|p1a: Tapu Koko
|-damage|p1a: Tapu Koko|30/100 brn
|
|-heal|p2a: Blissey|94/100|[from] item: Leftovers
|-damage|p1a: Tapu Koko|24/100 brn|[from] brn
|upkeep
|turn|54
|
|t:|1641727891
|move|p1a: Tapu Koko|Roost|p1a: Tapu Koko
|-heal|p1a: Tapu Koko|74/100 brn
|-singleturn|p1a: Tapu Koko|move: Roost
|move|p2a: Blissey|Seismic Toss|p1a: Tapu Koko
|-damage|p1a: Tapu Koko|38/100 brn
|
|-heal|p2a: Blissey|99/100|[from] item: Leftovers
|-damage|p1a: Tapu Koko|32/100 brn|[from] brn
|upkeep
|turn|55
|c|☆GuildmasterLucario|Roost only has 16 PP
|c|☆GuildmasterLucario|Seismic Toss has 32
|-message|BlueTorche forfeited.
|
|win|GuildmasterLucario
|raw|BlueTorche's rating: 1415 &rarr; <strong>1391</strong><br />(-24 for losing)
|raw|GuildmasterLucario's rating: 1341 &rarr; <strong>1365</strong><br />(+24 for winning)
|c|☆GuildmasterLucario|You don't have to delay this
|c|☆GuildmasterLucario|gg
|c|☆BlueTorche|no ablo english
|c|☆GuildmasterLucario|Ok
|c|☆GuildmasterLucario|Yet you forfeit when I pointed it out
|c|☆GuildmasterLucario|Whatever
