|j|☆Acm3pt
|j|☆kyysg
|t:|1641796495
|gametype|singles
|player|p1|Acm3pt|265|1456
|player|p2|kyysg|101|1546
|teamsize|p1|6
|teamsize|p2|6
|gen|8
|tier|[Gen 8] OU
|rated|
|rule|Sleep Clause Mod: Limit one foe put to sleep
|rule|Species Clause: Limit one of each Pokémon
|rule|OHKO Clause: OHKO moves are banned
|rule|Evasion Moves Clause: Evasion moves are banned
|rule|Endless Battle Clause: Forcing endless battles is banned
|rule|HP Percentage Mod: HP is shown in percentages
|rule|Dynamax Clause: You cannot dynamax
|clearpoke
|poke|p1|Garchomp, M|
|poke|p1|Tapu Fini|
|poke|p1|Blissey, F|
|poke|p1|Kartana|
|poke|p1|Clefable, M|
|poke|p1|Slowking-Galar, M|
|poke|p2|Mew|
|poke|p2|Kartana|
|poke|p2|Tapu Koko|
|poke|p2|Garchomp, M|
|poke|p2|Hawlucha, F|
|poke|p2|Kommo-o, M|
|teampreview
|
|t:|1641796500
|start
|switch|p1a: Garchomp|Garchomp, M, shiny|100/100
|switch|p2a: Garchomp|Garchomp, M|100/100
|turn|1
|inactive|Battle timer is ON: inactive players will automatically lose when time's up. (requested by Acm3pt)
|
|t:|1641796509
|move|p2a: Garchomp|Scale Shot|p1a: Garchomp
|-supereffective|p1a: Garchomp
|-damage|p1a: Garchomp|74/100
|-supereffective|p1a: Garchomp
|-damage|p1a: Garchomp|48/100
|-supereffective|p1a: Garchomp
|-damage|p1a: Garchomp|22/100
|-hitcount|p1a: Garchomp|3
|-unboost|p2a: Garchomp|def|1
|-boost|p2a: Garchomp|spe|1
|move|p1a: Garchomp|Scale Shot|p2a: Garchomp
|-supereffective|p2a: Garchomp
|-damage|p2a: Garchomp|63/100
|-supereffective|p2a: Garchomp
|-damage|p2a: Garchomp|22/100
|-hitcount|p2a: Garchomp|2
|-unboost|p1a: Garchomp|def|1
|-boost|p1a: Garchomp|spe|1
|
|upkeep
|turn|2
|
|t:|1641796532
|switch|p1a: Clefable|Clefable, M, shiny|100/100
|move|p2a: Garchomp|Earthquake|p1a: Clefable
|-damage|p1a: Clefable|61/100
|
|-heal|p1a: Clefable|68/100|[from] item: Leftovers
|upkeep
|turn|3
|j| lanfz
|
|t:|1641796541
|move|p2a: Garchomp|Stealth Rock|p1a: Clefable
|-sidestart|p1: Acm3pt|move: Stealth Rock
|move|p1a: Clefable|Soft-Boiled|p1a: Clefable
|-heal|p1a: Clefable|100/100
|
|upkeep
|turn|4
|
|t:|1641796546
|move|p2a: Garchomp|Earthquake|p1a: Clefable
|-damage|p1a: Clefable|59/100
|move|p1a: Clefable|Moonblast|p2a: Garchomp
|-supereffective|p2a: Garchomp
|-damage|p2a: Garchomp|0 fnt
|faint|p2a: Garchomp
|
|-heal|p1a: Clefable|65/100|[from] item: Leftovers
|upkeep
|
|t:|1641796551
|switch|p2a: Tapu Koko|Tapu Koko, shiny|100/100
|-fieldstart|move: Electric Terrain|[from] ability: Electric Surge|[of] p2a: Tapu Koko
|turn|5
|
|t:|1641796562
|switch|p1a: Slowking|Slowking-Galar, M, shiny|100/100
|-damage|p1a: Slowking|88/100|[from] Stealth Rock
|move|p2a: Tapu Koko|Taunt|p1a: Slowking
|-start|p1a: Slowking|move: Taunt
|
|upkeep
|turn|6
|
|t:|1641796570
|move|p2a: Tapu Koko|Light Screen|p2a: Tapu Koko
|-sidestart|p2: kyysg|move: Light Screen
|move|p1a: Slowking|Future Sight|p2a: Tapu Koko
|-start|p1a: Slowking|move: Future Sight
|
|upkeep
|turn|7
|
|t:|1641796574
|move|p2a: Tapu Koko|Volt Switch|p1a: Slowking
|-crit|p1a: Slowking
|-damage|p1a: Slowking|64/100
|
|t:|1641796576
|switch|p2a: Kartana|Kartana|100/100|[from]move: Volt Switch
|move|p1a: Slowking|Sludge Bomb|p2a: Kartana
|-immune|p2a: Kartana
|
|-end|p1a: Slowking|move: Taunt
|upkeep
|turn|8
|
|t:|1641796590
|switch|p1a: Tapu Fini|Tapu Fini, shiny|100/100
|-damage|p1a: Tapu Fini|88/100|[from] Stealth Rock
|-fieldstart|move: Misty Terrain|[from] ability: Misty Surge|[of] p1a: Tapu Fini
|move|p2a: Kartana|Swords Dance|p2a: Kartana
|-boost|p2a: Kartana|atk|2
|
|-end|p2a: Kartana|move: Future Sight
|-resisted|p2a: Kartana
|-damage|p2a: Kartana|74/100
|upkeep
|turn|9
|
|t:|1641796607
|switch|p1a: Garchomp|Garchomp, M, shiny|22/100
|-damage|p1a: Garchomp|16/100|[from] Stealth Rock
|move|p2a: Kartana|Leaf Blade|p1a: Garchomp
|-damage|p1a: Garchomp|0 fnt
|-damage|p2a: Kartana|62/100|[from] ability: Rough Skin|[of] p1a: Garchomp
|-damage|p2a: Kartana|46/100|[from] item: Rocky Helmet|[of] p1a: Garchomp
|faint|p1a: Garchomp
|-ability|p2a: Kartana|Beast Boost|boost
|-boost|p2a: Kartana|spe|1
|
|upkeep
|
|t:|1641796620
|switch|p1a: Slowking|Slowking-Galar, M, shiny|98/100
|-damage|p1a: Slowking|85/100|[from] Stealth Rock
|turn|10
|
|t:|1641796629
|move|p2a: Kartana|Knock Off|p1a: Slowking
|-supereffective|p1a: Slowking
|-damage|p1a: Slowking|0 fnt
|-enditem|p1a: Slowking|Assault Vest|[from] move: Knock Off|[of] p2a: Kartana
|faint|p1a: Slowking
|-ability|p2a: Kartana|Beast Boost|boost
|-boost|p2a: Kartana|spe|1
|
|upkeep
|
|t:|1641796640
|switch|p1a: Clefable|Clefable, M, shiny|65/100
|-damage|p1a: Clefable|52/100|[from] Stealth Rock
|turn|11
|
|t:|1641796645
|move|p2a: Kartana|Leaf Blade|p1a: Clefable
|-damage|p1a: Clefable|15/100
|move|p1a: Clefable|Soft-Boiled|p1a: Clefable
|-heal|p1a: Clefable|65/100
|
|-heal|p1a: Clefable|71/100|[from] item: Leftovers
|upkeep
|turn|12
|
|t:|1641796655
|move|p2a: Kartana|Leaf Blade|p1a: Clefable
|-damage|p1a: Clefable|30/100
|move|p1a: Clefable|Soft-Boiled|p1a: Clefable
|-heal|p1a: Clefable|80/100
|
|-heal|p1a: Clefable|87/100|[from] item: Leftovers
|-fieldend|Misty Terrain
|upkeep
|turn|13
|
|t:|1641796664
|move|p2a: Kartana|Leaf Blade|p1a: Clefable
|-damage|p1a: Clefable|40/100
|move|p1a: Clefable|Calm Mind|p1a: Clefable
|-boost|p1a: Clefable|spa|1
|-boost|p1a: Clefable|spd|1
|
|-heal|p1a: Clefable|46/100|[from] item: Leftovers
|-sideend|p2: kyysg|move: Light Screen
|upkeep
|turn|14
|-message|Acm3pt forfeited.
|
|win|kyysg
|raw|Acm3pt's rating: 1456 &rarr; <strong>1441</strong><br />(-15 for losing)
|raw|kyysg's rating: 1546 &rarr; <strong>1561</strong><br />(+15 for winning)
|l|☆Acm3pt
