|j|☆camiam098
|j|☆james06
|t:|1641802194
|gametype|singles
|player|p1|camiam098|101|1098
|player|p2|james06|2|1100
|teamsize|p1|6
|teamsize|p2|6
|gen|8
|tier|[Gen 8] OU
|rated|
|rule|Sleep Clause Mod: Limit one foe put to sleep
|rule|Species Clause: Limit one of each Pokémon
|rule|OHKO Clause: OHKO moves are banned
|rule|Evasion Moves Clause: Evasion moves are banned
|rule|Endless Battle Clause: Forcing endless battles is banned
|rule|HP Percentage Mod: HP is shown in percentages
|rule|Dynamax Clause: You cannot dynamax
|clearpoke
|poke|p1|Zapdos|
|poke|p1|Kartana|
|poke|p1|Dusclops, M|
|poke|p1|Azelf|
|poke|p1|Rotom-Wash|
|poke|p1|Porygon-Z|
|poke|p2|Gyarados, M|
|poke|p2|Weavile, M|
|poke|p2|Zeraora|
|poke|p2|Chansey, F|
|poke|p2|Ferrothorn, F|
|poke|p2|Volcarona, M|
|teampreview
|inactive|Battle timer is ON: inactive players will automatically lose when time's up. (requested by camiam098)
|c|☆camiam098|gl hf
|c|☆james06|gl hf
|
|t:|1641802221
|start
|switch|p1a: Azelf|Azelf|100/100
|switch|p2a: Volcarona|Volcarona, M|100/100
|turn|1
|
|t:|1641802231
|switch|p1a: Rotom|Rotom-Wash|100/100
|move|p2a: Volcarona|Quiver Dance|p2a: Volcarona
|-boost|p2a: Volcarona|spa|1
|-boost|p2a: Volcarona|spd|1
|-boost|p2a: Volcarona|spe|1
|
|upkeep
|turn|2
|
|t:|1641802244
|move|p2a: Volcarona|Quiver Dance|p2a: Volcarona
|-boost|p2a: Volcarona|spa|1
|-boost|p2a: Volcarona|spd|1
|-boost|p2a: Volcarona|spe|1
|move|p1a: Rotom|Thunder Wave|p2a: Volcarona
|-status|p2a: Volcarona|par
|
|upkeep
|turn|3
|
|t:|1641802256
|cant|p2a: Volcarona|par
|move|p1a: Rotom|Hydro Pump|p2a: Volcarona|[miss]
|-miss|p1a: Rotom|p2a: Volcarona
|
|upkeep
|turn|4
|
|t:|1641802262
|move|p2a: Volcarona|Giga Drain|p1a: Rotom
|-supereffective|p1a: Rotom
|-damage|p1a: Rotom|0 fnt
|faint|p1a: Rotom
|
|upkeep
|
|t:|1641802284
|switch|p1a: Dusclops|Dusclops, M|100/100
|-item|p2a: Volcarona|Heavy-Duty Boots|[from] ability: Frisk|[of] p1a: Dusclops|[identify]
|turn|5
|
|t:|1641802300
|switch|p2a: Chansey|Chansey, F|100/100
|move|p1a: Dusclops|Night Shade|p2a: Chansey
|-immune|p2a: Chansey
|
|upkeep
|turn|6
|
|t:|1641802312
|move|p2a: Chansey|Toxic|p1a: Dusclops
|-status|p1a: Dusclops|tox
|move|p1a: Dusclops|Toxic|p2a: Chansey
|-status|p2a: Chansey|tox
|
|-damage|p2a: Chansey|94/100 tox|[from] psn
|-damage|p1a: Dusclops|95/100 tox|[from] psn
|upkeep
|turn|7
|
|t:|1641802322
|switch|p1a: Kartana|Kartana|100/100
|move|p2a: Chansey|Wish|p2a: Chansey
|
|-damage|p2a: Chansey|82/100 tox|[from] psn
|upkeep
|turn|8
|
|t:|1641802343
|-curestatus|p2a: Chansey|tox|[from] ability: Natural Cure
|switch|p2a: Volcarona|Volcarona, M|100/100 par
|move|p1a: Kartana|Smart Strike|p2a: Volcarona
|-resisted|p2a: Volcarona
|-damage|p2a: Volcarona|62/100 par
|-status|p1a: Kartana|brn|[from] ability: Flame Body|[of] p2a: Volcarona
|
|-heal|p2a: Volcarona|100/100 par|[from] move: Wish|[wisher] Chansey
|-damage|p1a: Kartana|94/100 brn|[from] brn
|upkeep
|turn|9
|
|t:|1641802363
|switch|p1a: Zapdos|Zapdos|100/100
|move|p2a: Volcarona|Fiery Dance|p1a: Zapdos
|-damage|p1a: Zapdos|48/100
|-boost|p2a: Volcarona|spa|1
|
|-heal|p1a: Zapdos|54/100|[from] item: Leftovers
|upkeep
|turn|10
|
|t:|1641802372
|move|p1a: Zapdos|Hurricane|p2a: Volcarona
|-supereffective|p2a: Volcarona
|-damage|p2a: Volcarona|0 fnt
|faint|p2a: Volcarona
|
|-heal|p1a: Zapdos|60/100|[from] item: Leftovers
|upkeep
|
|t:|1641802392
|switch|p2a: Chansey|Chansey, F|82/100
|turn|11
|
|t:|1641802398
|switch|p1a: Azelf|Azelf|100/100
|move|p2a: Chansey|Wish|p2a: Chansey
|
|upkeep
|turn|12
|
|t:|1641802402
|move|p1a: Azelf|Knock Off|p2a: Chansey
|-damage|p2a: Chansey|57/100
|-enditem|p2a: Chansey|Eviolite|[from] move: Knock Off|[of] p1a: Azelf
|-damage|p1a: Azelf|91/100|[from] item: Life Orb
|move|p2a: Chansey|Toxic|p1a: Azelf
|-status|p1a: Azelf|tox
|
|-heal|p2a: Chansey|100/100|[from] move: Wish|[wisher] Chansey
|-damage|p1a: Azelf|84/100 tox|[from] psn
|upkeep
|turn|13
|
|t:|1641802414
|move|p1a: Azelf|Psychic|p2a: Chansey
|-damage|p2a: Chansey|76/100
|-damage|p1a: Azelf|74/100 tox|[from] item: Life Orb
|move|p2a: Chansey|Wish|p2a: Chansey
|
|-damage|p1a: Azelf|62/100 tox|[from] psn
|upkeep
|turn|14
|inactive|james06 has 120 seconds left.
|inactive|james06 has 90 seconds left.
|
|t:|1641802491
|switch|p1a: Dusclops|Dusclops, M|95/100 tox
|switch|p2a: Ferrothorn|Ferrothorn, F|100/100
|
|-damage|p1a: Dusclops|89/100 tox|[from] psn
|upkeep
|turn|15
|
|t:|1641802500
|move|p1a: Dusclops|Will-O-Wisp|p2a: Ferrothorn
|-status|p2a: Ferrothorn|brn
|move|p2a: Ferrothorn|Stealth Rock|p1a: Dusclops
|-sidestart|p1: camiam098|move: Stealth Rock
|
|-damage|p1a: Dusclops|77/100 tox|[from] psn
|-damage|p2a: Ferrothorn|95/100 brn|[from] brn
|upkeep
|turn|16
|
|t:|1641802509
|switch|p2a: Chansey|Chansey, F|76/100
|move|p1a: Dusclops|Night Shade|p2a: Chansey
|-immune|p2a: Chansey
|
|-damage|p1a: Dusclops|60/100 tox|[from] psn
|upkeep
|turn|17
|
|t:|1641802521
|switch|p1a: Kartana|Kartana|94/100 brn
|-damage|p1a: Kartana|88/100 brn|[from] Stealth Rock
|move|p2a: Chansey|Wish|p2a: Chansey
|
|-damage|p1a: Kartana|82/100 brn|[from] brn
|upkeep
|turn|18
|
|t:|1641802535
|switch|p2a: Gyarados|Gyarados, M|100/100
|-ability|p2a: Gyarados|Intimidate|boost
|-unboost|p1a: Kartana|atk|1
|move|p1a: Kartana|Leaf Blade|p2a: Gyarados
|-damage|p2a: Gyarados|74/100
|
|-heal|p2a: Gyarados|100/100|[from] move: Wish|[wisher] Chansey
|-damage|p1a: Kartana|76/100 brn|[from] brn
|upkeep
|turn|19
|
|t:|1641802545
|switch|p1a: Dusclops|Dusclops, M|60/100 tox
|-damage|p1a: Dusclops|47/100 tox|[from] Stealth Rock
|-item|p2a: Gyarados|Leftovers|[from] ability: Frisk|[of] p1a: Dusclops|[identify]
|move|p2a: Gyarados|Dragon Dance|p2a: Gyarados
|-boost|p2a: Gyarados|atk|1
|-boost|p2a: Gyarados|spe|1
|
|-damage|p1a: Dusclops|41/100 tox|[from] psn
|upkeep
|turn|20
|
|t:|1641802556
|move|p2a: Gyarados|Waterfall|p1a: Dusclops
|-damage|p1a: Dusclops|0 fnt
|faint|p1a: Dusclops
|
|upkeep
|
|t:|1641802560
|switch|p1a: Zapdos|Zapdos|60/100
|-damage|p1a: Zapdos|35/100|[from] Stealth Rock
|turn|21
|
|t:|1641802565
|move|p2a: Gyarados|Waterfall|p1a: Zapdos
|-damage|p1a: Zapdos|0 fnt
|faint|p1a: Zapdos
|
|upkeep
|
|t:|1641802568
|switch|p1a: Azelf|Azelf|62/100 tox
|-damage|p1a: Azelf|50/100 tox|[from] Stealth Rock
|turn|22
|inactive|james06 has 120 seconds left.
|
|t:|1641802574
|move|p2a: Gyarados|Waterfall|p1a: Azelf
|-damage|p1a: Azelf|0 fnt
|faint|p1a: Azelf
|
|upkeep
|
|t:|1641802577
|switch|p1a: Kartana|Kartana|76/100 brn
|-damage|p1a: Kartana|70/100 brn|[from] Stealth Rock
|turn|23
|
|t:|1641802582
|move|p1a: Kartana|Leaf Blade|p2a: Gyarados
|-damage|p2a: Gyarados|60/100
|move|p2a: Gyarados|Earthquake|p1a: Kartana
|-damage|p1a: Kartana|10/100 brn
|
|-heal|p2a: Gyarados|66/100|[from] item: Leftovers
|-damage|p1a: Kartana|4/100 brn|[from] brn
|upkeep
|turn|24
|
|t:|1641802593
|move|p1a: Kartana|Leaf Blade|p2a: Gyarados
|-damage|p2a: Gyarados|25/100
|move|p2a: Gyarados|Dragon Dance|p2a: Gyarados
|-boost|p2a: Gyarados|atk|1
|-boost|p2a: Gyarados|spe|1
|
|-heal|p2a: Gyarados|31/100|[from] item: Leftovers
|-damage|p1a: Kartana|0 fnt|[from] brn
|faint|p1a: Kartana
|upkeep
|
|t:|1641802598
|switch|p1a: Porygon-Z|Porygon-Z|100/100
|-damage|p1a: Porygon-Z|88/100|[from] Stealth Rock
|turn|25
|
|t:|1641802606
|move|p2a: Gyarados|Waterfall|p1a: Porygon-Z
|-damage|p1a: Porygon-Z|0 fnt
|faint|p1a: Porygon-Z
|
|win|james06
|raw|camiam098's rating: 1098 &rarr; <strong>1073</strong><br />(-25 for losing)
|raw|james06's rating: 1100 &rarr; <strong>1125</strong><br />(+25 for winning)
|c|☆james06|gg
|l|☆camiam098
