|j|☆Richrad123
|j|☆Sgrognax
|t:|1641727514
|gametype|singles
|player|p1|Richrad123|1|1290
|player|p2|Sgrognax|zinzolin|1283
|teamsize|p1|6
|teamsize|p2|6
|gen|8
|tier|[Gen 8] OU
|rated|
|rule|Sleep Clause Mod: Limit one foe put to sleep
|rule|Species Clause: Limit one of each Pokémon
|rule|OHKO Clause: OHKO moves are banned
|rule|Evasion Moves Clause: Evasion moves are banned
|rule|Endless Battle Clause: Forcing endless battles is banned
|rule|HP Percentage Mod: HP is shown in percentages
|rule|Dynamax Clause: You cannot dynamax
|clearpoke
|poke|p1|Landorus-Therian, M|
|poke|p1|Slowking, F|
|poke|p1|Clefable, M|
|poke|p1|Scizor, M|
|poke|p1|Zapdos-Galar|
|poke|p1|Latios, M|
|poke|p2|Melmetal|
|poke|p2|Jynx, F|
|poke|p2|Chandelure, F|
|poke|p2|Clefable, F|
|poke|p2|Landorus-Therian, M|
|poke|p2|Urshifu-*, F|
|teampreview
|
|t:|1641727523
|start
|switch|p1a: Zapdos|Zapdos-Galar|100/100
|switch|p2a: Jynx|Jynx, F|100/100
|-activate|p2a: Jynx|ability: Forewarn|Brave Bird|[of] p1a: Zapdos
|turn|1
|
|t:|1641727530
|move|p2a: Jynx|Psychic|p1a: Zapdos
|-supereffective|p1a: Zapdos
|-damage|p1a: Zapdos|3/100
|move|p1a: Zapdos|U-turn|p2a: Jynx
|-supereffective|p2a: Jynx
|-damage|p2a: Jynx|0 fnt
|faint|p2a: Jynx
|
|t:|1641727537
|switch|p1a: Latios|Latios, M|100/100|[from]move: U-turn
|
|upkeep
|
|t:|1641727550
|switch|p2a: Chandelure|Chandelure, F|100/100
|turn|2
|
|t:|1641727560
|move|p2a: Chandelure|Shadow Ball|p1a: Latios
|-supereffective|p1a: Latios
|-crit|p1a: Latios
|-damage|p1a: Latios|0 fnt
|faint|p1a: Latios
|
|upkeep
|
|t:|1641727573
|switch|p1a: Zapdos|Zapdos-Galar|3/100
|turn|3
|
|t:|1641727576
|move|p1a: Zapdos|Stomping Tantrum|p2a: Chandelure
|-supereffective|p2a: Chandelure
|-damage|p2a: Chandelure|17/100
|move|p2a: Chandelure|Shadow Ball|p1a: Zapdos
|-crit|p1a: Zapdos
|-damage|p1a: Zapdos|0 fnt
|faint|p1a: Zapdos
|
|upkeep
|
|t:|1641727579
|switch|p1a: Scizor|Scizor, M|100/100
|turn|4
|
|t:|1641727587
|switch|p2a: Landorus|Landorus-Therian, M|100/100
|-ability|p2a: Landorus|Intimidate|boost
|-unboost|p1a: Scizor|atk|1
|move|p1a: Scizor|Swords Dance|p1a: Scizor
|-boost|p1a: Scizor|atk|2
|
|upkeep
|turn|5
|
|t:|1641727603
|move|p1a: Scizor|Bullet Punch|p2a: Landorus
|-damage|p2a: Landorus|47/100
|move|p2a: Landorus|Earthquake|p1a: Scizor
|-damage|p1a: Scizor|39/100
|
|-heal|p1a: Scizor|46/100|[from] item: Leftovers
|upkeep
|turn|6
|
|t:|1641727610
|switch|p2a: Melmetal|Melmetal|100/100
|move|p1a: Scizor|Bullet Punch|p2a: Melmetal
|-resisted|p2a: Melmetal
|-damage|p2a: Melmetal|85/100
|
|-heal|p1a: Scizor|52/100|[from] item: Leftovers
|upkeep
|turn|7
|
|t:|1641727632
|move|p1a: Scizor|U-turn|p2a: Melmetal
|-resisted|p2a: Melmetal
|-crit|p2a: Melmetal
|-damage|p2a: Melmetal|59/100
|
|t:|1641727636
|switch|p1a: Landorus|Landorus-Therian, M|100/100|[from]move: U-turn
|-ability|p1a: Landorus|Intimidate|boost
|-unboost|p2a: Melmetal|atk|1
|move|p2a: Melmetal|Earthquake|p1a: Landorus
|-immune|p1a: Landorus
|
|upkeep
|turn|8
|
|t:|1641727644
|move|p1a: Landorus|Knock Off|p2a: Melmetal
|-damage|p2a: Melmetal|42/100
|-enditem|p2a: Melmetal|Assault Vest|[from] move: Knock Off|[of] p1a: Landorus
|move|p2a: Melmetal|Ice Punch|p1a: Landorus
|-supereffective|p1a: Landorus
|-damage|p1a: Landorus|39/100
|-status|p1a: Landorus|frz
|-damage|p2a: Melmetal|25/100|[from] item: Rocky Helmet|[of] p1a: Landorus
|
|upkeep
|turn|9
|
|t:|1641727654
|switch|p1a: Slowking|Slowking, F|100/100
|move|p2a: Melmetal|Ice Punch|p1a: Slowking
|-resisted|p1a: Slowking
|-damage|p1a: Slowking|89/100
|
|-heal|p1a: Slowking|95/100|[from] item: Leftovers
|upkeep
|turn|10
|
|t:|1641727661
|switch|p2a: Landorus|Landorus-Therian, M|47/100
|-ability|p2a: Landorus|Intimidate|boost
|-unboost|p1a: Slowking|atk|1
|move|p1a: Slowking|Future Sight|p2a: Landorus
|-start|p1a: Slowking|move: Future Sight
|
|-heal|p1a: Slowking|100/100|[from] item: Leftovers
|upkeep
|turn|11
|
|t:|1641727670
|switch|p1a: Landorus|Landorus-Therian, M|39/100 frz
|-ability|p1a: Landorus|Intimidate|boost
|-unboost|p2a: Landorus|atk|1
|move|p2a: Landorus|Knock Off|p1a: Landorus
|-damage|p1a: Landorus|20/100 frz
|-damage|p2a: Landorus|31/100|[from] item: Rocky Helmet|[of] p1a: Landorus
|-enditem|p1a: Landorus|Rocky Helmet|[from] move: Knock Off|[of] p2a: Landorus
|
|upkeep
|turn|12
|
|t:|1641727680
|switch|p2a: Melmetal|Melmetal|25/100
|cant|p1a: Landorus|frz
|
|-end|p2a: Melmetal|move: Future Sight
|-resisted|p2a: Melmetal
|-damage|p2a: Melmetal|6/100
|upkeep
|turn|13
|
|t:|1641727686
|cant|p1a: Landorus|frz
|move|p2a: Melmetal|Double Iron Bash|p1a: Landorus
|-damage|p1a: Landorus|0 fnt
|faint|p1a: Landorus
|-hitcount|p1: Landorus|1
|
|upkeep
|
|t:|1641727689
|switch|p1a: Scizor|Scizor, M|52/100
|turn|14
|
|t:|1641727693
|move|p1a: Scizor|Swords Dance|p1a: Scizor
|-boost|p1a: Scizor|atk|2
|move|p2a: Melmetal|Earthquake|p1a: Scizor
|-damage|p1a: Scizor|15/100
|
|-heal|p1a: Scizor|21/100|[from] item: Leftovers
|upkeep
|turn|15
|
|t:|1641727699
|move|p1a: Scizor|Bullet Punch|p2a: Melmetal
|-resisted|p2a: Melmetal
|-damage|p2a: Melmetal|0 fnt
|faint|p2a: Melmetal
|
|-heal|p1a: Scizor|27/100|[from] item: Leftovers
|upkeep
|
|t:|1641727703
|switch|p2a: Urshifu|Urshifu-Rapid-Strike, F|100/100
|turn|16
|
|t:|1641727721
|switch|p1a: Slowking|Slowking, F|100/100
|move|p2a: Urshifu|Drain Punch|p1a: Slowking
|-resisted|p1a: Slowking
|-damage|p1a: Slowking|79/100
|
|-heal|p1a: Slowking|85/100|[from] item: Leftovers
|upkeep
|turn|17
|
|t:|1641727730
|switch|p2a: Clefable|Clefable, F|100/100
|move|p1a: Slowking|Future Sight|p2a: Clefable
|-start|p1a: Slowking|move: Future Sight
|
|-heal|p1a: Slowking|91/100|[from] item: Leftovers
|upkeep
|turn|18
|
|t:|1641727749
|move|p2a: Clefable|Flamethrower|p1a: Slowking
|-resisted|p1a: Slowking
|-damage|p1a: Slowking|85/100
|-status|p1a: Slowking|brn
|move|p1a: Slowking|Teleport|p1a: Slowking
|
|t:|1641727759
|switch|p1a: Clefable|Clefable, M|100/100|[from]move: Teleport
|
|upkeep
|turn|19
|
|t:|1641727763
|switch|p2a: Landorus|Landorus-Therian, M|31/100
|-ability|p2a: Landorus|Intimidate|boost
|-unboost|p1a: Clefable|atk|1
|move|p1a: Clefable|Moonblast|p2a: Landorus
|-damage|p2a: Landorus|0 fnt
|faint|p2a: Landorus
|
|-hint|Future Sight did not hit because the target is fainted.
|upkeep
|
|t:|1641727780
|switch|p2a: Chandelure|Chandelure, F|17/100
|turn|20
|
|t:|1641727820
|move|p2a: Chandelure|Flamethrower|p1a: Clefable
|-damage|p1a: Clefable|44/100
|move|p1a: Clefable|Moonblast|p2a: Chandelure
|-resisted|p2a: Chandelure
|-damage|p2a: Chandelure|0 fnt
|faint|p2a: Chandelure
|
|upkeep
|
|t:|1641727828
|switch|p2a: Urshifu|Urshifu-Rapid-Strike, F|100/100
|turn|21
|
|t:|1641727843
|switch|p1a: Slowking|Slowking, F|100/100 brn
|move|p2a: Urshifu|Surging Strikes|p1a: Slowking
|-resisted|p1a: Slowking
|-crit|p1a: Slowking
|-damage|p1a: Slowking|90/100 brn
|-resisted|p1a: Slowking
|-crit|p1a: Slowking
|-damage|p1a: Slowking|78/100 brn
|-resisted|p1a: Slowking
|-crit|p1a: Slowking
|-damage|p1a: Slowking|66/100 brn
|-hitcount|p1a: Slowking|3
|
|-heal|p1a: Slowking|72/100 brn|[from] item: Leftovers
|-damage|p1a: Slowking|66/100 brn|[from] brn
|upkeep
|turn|22
|
|t:|1641727854
|switch|p2a: Clefable|Clefable, F|100/100
|move|p1a: Slowking|Future Sight|p2a: Clefable
|-start|p1a: Slowking|move: Future Sight
|
|-heal|p1a: Slowking|72/100 brn|[from] item: Leftovers
|-damage|p1a: Slowking|66/100 brn|[from] brn
|upkeep
|turn|23
|
|t:|1641727883
|move|p2a: Clefable|Calm Mind|p2a: Clefable
|-boost|p2a: Clefable|spa|1
|-boost|p2a: Clefable|spd|1
|move|p1a: Slowking|Scald|p2a: Clefable
|-damage|p2a: Clefable|84/100
|
|-heal|p2a: Clefable|90/100|[from] item: Leftovers
|-heal|p1a: Slowking|72/100 brn|[from] item: Leftovers
|-damage|p1a: Slowking|66/100 brn|[from] brn
|upkeep
|turn|24
|
|t:|1641727905
|move|p2a: Clefable|Calm Mind|p2a: Clefable
|-boost|p2a: Clefable|spa|1
|-boost|p2a: Clefable|spd|1
|move|p1a: Slowking|Teleport|p1a: Slowking
|
|t:|1641727908
|switch|p1a: Clefable|Clefable, M|44/100|[from]move: Teleport
|
|-end|p2a: Clefable|move: Future Sight
|-damage|p2a: Clefable|73/100
|-heal|p2a: Clefable|79/100|[from] item: Leftovers
|upkeep
|turn|25
|
|t:|1641727912
|move|p1a: Clefable|Toxic|p2a: Clefable
|-status|p2a: Clefable|tox
|move|p2a: Clefable|Moonblast|p1a: Clefable
|-damage|p1a: Clefable|0 fnt
|faint|p1a: Clefable
|
|-heal|p2a: Clefable|85/100 tox|[from] item: Leftovers
|-damage|p2a: Clefable|79/100 tox|[from] psn
|upkeep
|
|t:|1641727917
|switch|p1a: Scizor|Scizor, M|27/100
|turn|26
|
|t:|1641727919
|move|p1a: Scizor|Bullet Punch|p2a: Clefable
|-supereffective|p2a: Clefable
|-damage|p2a: Clefable|7/100 tox
|move|p2a: Clefable|Flamethrower|p1a: Scizor
|-supereffective|p1a: Scizor
|-damage|p1a: Scizor|0 fnt
|faint|p1a: Scizor
|
|-heal|p2a: Clefable|13/100 tox|[from] item: Leftovers
|-damage|p2a: Clefable|0 fnt|[from] psn
|faint|p2a: Clefable
|upkeep
|
|t:|1641727925
|switch|p1a: Slowking|Slowking, F|99/100 brn
|switch|p2a: Urshifu|Urshifu-Rapid-Strike, F|100/100
|turn|27
|
|t:|1641727927
|move|p2a: Urshifu|Thunder Punch|p1a: Slowking
|-supereffective|p1a: Slowking
|-damage|p1a: Slowking|40/100 brn
|move|p1a: Slowking|Future Sight|p2a: Urshifu
|-start|p1a: Slowking|move: Future Sight
|
|-heal|p1a: Slowking|46/100 brn|[from] item: Leftovers
|-damage|p1a: Slowking|40/100 brn|[from] brn
|upkeep
|turn|28
|
|t:|1641727933
|move|p2a: Urshifu|Thunder Punch|p1a: Slowking
|-supereffective|p1a: Slowking
|-crit|p1a: Slowking
|-damage|p1a: Slowking|0 fnt
|faint|p1a: Slowking
|
|win|Sgrognax
|raw|Richrad123's rating: 1270 &rarr; <strong>1246</strong><br />(-24 for losing)
|raw|Sgrognax's rating: 1283 &rarr; <strong>1307</strong><br />(+24 for winning)
|c|☆Sgrognax|Gg
|l|☆Richrad123
