|j|☆Zephyr1517
|j|‽testingbot42o
|t:|1641884418
|gametype|singles
|player|p1|Zephyr1517|elio|1201
|player|p2|testingbot42o|102|1255
|teamsize|p1|6
|teamsize|p2|6
|gen|8
|tier|[Gen 8] OU
|rated|
|rule|Sleep Clause Mod: Limit one foe put to sleep
|rule|Species Clause: Limit one of each Pokémon
|rule|OHKO Clause: OHKO moves are banned
|rule|Evasion Moves Clause: Evasion moves are banned
|rule|Endless Battle Clause: Forcing endless battles is banned
|rule|HP Percentage Mod: HP is shown in percentages
|rule|Dynamax Clause: You cannot dynamax
|clearpoke
|poke|p1|Nihilego|
|poke|p1|Zapdos-Galar|
|poke|p1|Kartana|
|poke|p1|Celesteela|
|poke|p1|Garchomp, F|
|poke|p1|Tapu Fini|
|poke|p2|Clefable, M|
|poke|p2|Corviknight, M|
|poke|p2|Hydreigon, F|
|poke|p2|Rotom-Wash|
|poke|p2|Hippowdon, F|
|poke|p2|Excadrill, F|
|teampreview
|inactive|Battle timer is ON: inactive players will automatically lose when time's up. (requested by testingbot42o)
|
|t:|1641884423
|start
|switch|p1a: Garchomp|Garchomp, F|100/100
|switch|p2a: Hippowdon|Hippowdon, F|100/100
|-weather|Sandstorm|[from] ability: Sand Stream|[of] p2a: Hippowdon
|turn|1
|
|t:|1641884430
|move|p1a: Garchomp|Toxic|p2a: Hippowdon
|-status|p2a: Hippowdon|tox
|move|p2a: Hippowdon|Stealth Rock|p1a: Garchomp
|-sidestart|p1: Zephyr1517|move: Stealth Rock
|
|-weather|Sandstorm|[upkeep]
|-damage|p2a: Hippowdon|94/100 tox|[from] psn
|upkeep
|turn|2
|
|t:|1641884434
|move|p1a: Garchomp|Stealth Rock|p2a: Hippowdon
|-sidestart|p2: testingbot42o|move: Stealth Rock
|move|p2a: Hippowdon|Earthquake|p1a: Garchomp
|-damage|p1a: Garchomp|68/100
|
|-weather|Sandstorm|[upkeep]
|-damage|p2a: Hippowdon|82/100 tox|[from] psn
|upkeep
|turn|3
|
|t:|1641884439
|move|p1a: Garchomp|Protect|p1a: Garchomp
|-singleturn|p1a: Garchomp|Protect
|move|p2a: Hippowdon|Slack Off|p2a: Hippowdon
|-heal|p2a: Hippowdon|100/100 tox
|
|-weather|Sandstorm|[upkeep]
|-damage|p2a: Hippowdon|82/100 tox|[from] psn
|upkeep
|turn|4
|inactive|Zephyr1517 has 120 seconds left.
|inactive|Zephyr1517 has 90 seconds left.
|
|t:|1641884500
|switch|p1a: Celesteela|Celesteela|100/100
|-damage|p1a: Celesteela|88/100|[from] Stealth Rock
|switch|p2a: Corviknight|Corviknight, M|100/100
|-damage|p2a: Corviknight|88/100|[from] Stealth Rock
|-ability|p2a: Corviknight|Pressure
|
|-weather|Sandstorm|[upkeep]
|-heal|p2a: Corviknight|94/100|[from] item: Leftovers
|upkeep
|turn|5
|
|t:|1641884504
|move|p2a: Corviknight|Substitute|p2a: Corviknight
|-start|p2a: Corviknight|Substitute
|-damage|p2a: Corviknight|69/100
|move|p1a: Celesteela|Autotomize|p1a: Celesteela
|-boost|p1a: Celesteela|spe|2
|-start|p1a: Celesteela|Autotomize
|
|-weather|Sandstorm|[upkeep]
|-heal|p2a: Corviknight|75/100|[from] item: Leftovers
|upkeep
|turn|6
|
|t:|1641884507
|move|p1a: Celesteela|Flamethrower|p2a: Corviknight
|-supereffective|p2a: Corviknight
|-end|p2a: Corviknight|Substitute
|move|p2a: Corviknight|Substitute|p2a: Corviknight
|-start|p2a: Corviknight|Substitute
|-damage|p2a: Corviknight|50/100
|
|-weather|Sandstorm|[upkeep]
|-heal|p2a: Corviknight|57/100|[from] item: Leftovers
|upkeep
|turn|7
|
|t:|1641884513
|move|p1a: Celesteela|Flamethrower|p2a: Corviknight
|-supereffective|p2a: Corviknight
|-end|p2a: Corviknight|Substitute
|move|p2a: Corviknight|Substitute|p2a: Corviknight
|-start|p2a: Corviknight|Substitute
|-damage|p2a: Corviknight|32/100
|
|-weather|Sandstorm|[upkeep]
|-heal|p2a: Corviknight|38/100|[from] item: Leftovers
|upkeep
|turn|8
|
|t:|1641884516
|move|p1a: Celesteela|Flamethrower|p2a: Corviknight
|-supereffective|p2a: Corviknight
|-end|p2a: Corviknight|Substitute
|move|p2a: Corviknight|Substitute|p2a: Corviknight
|-start|p2a: Corviknight|Substitute
|-damage|p2a: Corviknight|13/100
|
|-weather|none
|-heal|p2a: Corviknight|19/100|[from] item: Leftovers
|upkeep
|turn|9
|
|t:|1641884518
|move|p1a: Celesteela|Flamethrower|p2a: Corviknight
|-supereffective|p2a: Corviknight
|-end|p2a: Corviknight|Substitute
|move|p2a: Corviknight|Roost|p2a: Corviknight
|-heal|p2a: Corviknight|69/100
|-singleturn|p2a: Corviknight|move: Roost
|
|-heal|p2a: Corviknight|75/100|[from] item: Leftovers
|upkeep
|turn|10
|
|t:|1641884520
|switch|p2a: Rotom|Rotom-Wash|100/100
|-damage|p2a: Rotom|88/100|[from] Stealth Rock
|move|p1a: Celesteela|Flamethrower|p2a: Rotom
|-resisted|p2a: Rotom
|-damage|p2a: Rotom|68/100
|
|upkeep
|turn|11
|
|t:|1641884526
|move|p1a: Celesteela|Air Slash|p2a: Rotom
|-resisted|p2a: Rotom
|-damage|p2a: Rotom|46/100
|move|p2a: Rotom|Volt Switch|p1a: Celesteela
|-supereffective|p1a: Celesteela
|-damage|p1a: Celesteela|26/100
|
|t:|1641884526
|switch|p2a: Hydreigon|Hydreigon, F|100/100|[from]move: Volt Switch
|-damage|p2a: Hydreigon|88/100|[from] Stealth Rock
|
|-heal|p2a: Hydreigon|94/100|[from] item: Leftovers
|upkeep
|turn|12
|
|t:|1641884533
|move|p1a: Celesteela|Meteor Beam||[still]
|-prepare|p1a: Celesteela|Meteor Beam
|-boost|p1a: Celesteela|spa|1
|-enditem|p1a: Celesteela|Power Herb
|-anim|p1a: Celesteela|Meteor Beam|p2a: Hydreigon
|-damage|p2a: Hydreigon|25/100
|move|p2a: Hydreigon|Substitute|p2a: Hydreigon
|-fail|p2a: Hydreigon|move: Substitute|[weak]
|
|-heal|p2a: Hydreigon|32/100|[from] item: Leftovers
|upkeep
|turn|13
|
|t:|1641884542
|move|p1a: Celesteela|Air Slash|p2a: Hydreigon
|-damage|p2a: Hydreigon|0 fnt
|faint|p2a: Hydreigon
|-ability|p1a: Celesteela|Beast Boost|boost
|-boost|p1a: Celesteela|spa|1
|
|upkeep
|
|t:|1641884543
|switch|p2a: Clefable|Clefable, M|100/100
|turn|14
|
|t:|1641884550
|move|p1a: Celesteela|Air Slash|p2a: Clefable
|-damage|p2a: Clefable|17/100
|cant|p2a: Clefable|flinch
|
|upkeep
|turn|15
|
|t:|1641884556
|move|p1a: Celesteela|Air Slash|p2a: Clefable|[miss]
|-miss|p1a: Celesteela|p2a: Clefable
|move|p2a: Clefable|Moonblast|p1a: Celesteela
|-resisted|p1a: Celesteela
|-damage|p1a: Celesteela|0 fnt
|faint|p1a: Celesteela
|
|upkeep
|
|t:|1641884566
|switch|p1a: Nihilego|Nihilego|100/100
|-damage|p1a: Nihilego|88/100|[from] Stealth Rock
|turn|16
|
|t:|1641884569
|switch|p2a: Excadrill|Excadrill, F|100/100
|-damage|p2a: Excadrill|97/100|[from] Stealth Rock
|move|p1a: Nihilego|Meteor Beam||[still]
|-prepare|p1a: Nihilego|Meteor Beam
|-boost|p1a: Nihilego|spa|1
|-enditem|p1a: Nihilego|Power Herb
|-anim|p1a: Nihilego|Meteor Beam|p2a: Excadrill
|-resisted|p2a: Excadrill
|-damage|p2a: Excadrill|66/100
|
|upkeep
|turn|17
|
|t:|1641884579
|switch|p1a: Garchomp|Garchomp, F|68/100
|-damage|p1a: Garchomp|61/100|[from] Stealth Rock
|move|p2a: Excadrill|Iron Head|p1a: Garchomp
|-damage|p1a: Garchomp|17/100
|-damage|p2a: Excadrill|53/100|[from] ability: Rough Skin|[of] p1a: Garchomp
|-damage|p2a: Excadrill|37/100|[from] item: Rocky Helmet|[of] p1a: Garchomp
|-damage|p2a: Excadrill|27/100|[from] item: Life Orb
|
|upkeep
|turn|18
|
|t:|1641884581
|switch|p2a: Corviknight|Corviknight, M|75/100
|-damage|p2a: Corviknight|63/100|[from] Stealth Rock
|-ability|p2a: Corviknight|Pressure
|move|p1a: Garchomp|Earthquake|p2a: Corviknight
|-immune|p2a: Corviknight
|
|-heal|p2a: Corviknight|69/100|[from] item: Leftovers
|upkeep
|turn|19
|
|t:|1641884585
|move|p1a: Garchomp|Protect|p1a: Garchomp
|-singleturn|p1a: Garchomp|Protect
|move|p2a: Corviknight|Bulk Up|p2a: Corviknight
|-boost|p2a: Corviknight|atk|1
|-boost|p2a: Corviknight|def|1
|
|-heal|p2a: Corviknight|75/100|[from] item: Leftovers
|upkeep
|turn|20
|inactive|Zephyr1517 has 120 seconds left.
|
|t:|1641884629
|switch|p1a: Nihilego|Nihilego|88/100
|-damage|p1a: Nihilego|76/100|[from] Stealth Rock
|move|p2a: Corviknight|Brave Bird|p1a: Nihilego
|-resisted|p1a: Nihilego
|-damage|p1a: Nihilego|33/100
|-damage|p2a: Corviknight|63/100|[from] Recoil
|
|-heal|p2a: Corviknight|69/100|[from] item: Leftovers
|upkeep
|turn|21
|
|t:|1641884631
|move|p1a: Nihilego|Meteor Beam||[still]
|-prepare|p1a: Nihilego|Meteor Beam
|-boost|p1a: Nihilego|spa|1
|move|p2a: Corviknight|Roost|p2a: Corviknight
|-heal|p2a: Corviknight|100/100
|-singleturn|p2a: Corviknight|move: Roost
|
|upkeep
|turn|22
|
|t:|1641884636
|move|p1a: Nihilego|Meteor Beam|p2a: Corviknight|[from]lockedmove
|-damage|p2a: Corviknight|15/100
|move|p2a: Corviknight|Brave Bird|p1a: Nihilego
|-resisted|p1a: Nihilego
|-damage|p1a: Nihilego|0 fnt
|faint|p1a: Nihilego
|-damage|p2a: Corviknight|6/100|[from] Recoil
|
|-heal|p2a: Corviknight|12/100|[from] item: Leftovers
|upkeep
|
|t:|1641884643
|switch|p1a: Kartana|Kartana|100/100
|-damage|p1a: Kartana|94/100|[from] Stealth Rock
|turn|23
|
|t:|1641884646
|move|p1a: Kartana|Sacred Sword|p2a: Corviknight
|-damage|p2a: Corviknight|0 fnt
|faint|p2a: Corviknight
|-ability|p1a: Kartana|Beast Boost|boost
|-boost|p1a: Kartana|atk|1
|
|upkeep
|
|t:|1641884646
|switch|p2a: Hippowdon|Hippowdon, F|82/100 tox
|-damage|p2a: Hippowdon|76/100 tox|[from] Stealth Rock
|-weather|Sandstorm|[from] ability: Sand Stream|[of] p2a: Hippowdon
|turn|24
|
|t:|1641884658
|switch|p1a: Zapdos|Zapdos-Galar|100/100
|-damage|p1a: Zapdos|88/100|[from] Stealth Rock
|move|p2a: Hippowdon|Slack Off|p2a: Hippowdon
|-heal|p2a: Hippowdon|100/100 tox
|
|-weather|Sandstorm|[upkeep]
|-damage|p1a: Zapdos|82/100|[from] Sandstorm
|-damage|p2a: Hippowdon|94/100 tox|[from] psn
|upkeep
|turn|25
|
|t:|1641884662
|move|p1a: Zapdos|Close Combat|p2a: Hippowdon
|-damage|p2a: Hippowdon|45/100 tox
|-unboost|p1a: Zapdos|def|1
|-unboost|p1a: Zapdos|spd|1
|move|p2a: Hippowdon|Slack Off|p2a: Hippowdon
|-heal|p2a: Hippowdon|95/100 tox
|
|-weather|Sandstorm|[upkeep]
|-damage|p1a: Zapdos|76/100|[from] Sandstorm
|-damage|p2a: Hippowdon|82/100 tox|[from] psn
|upkeep
|turn|26
|
|t:|1641884667
|switch|p2a: Excadrill|Excadrill, F|27/100
|-damage|p2a: Excadrill|24/100|[from] Stealth Rock
|move|p1a: Zapdos|Close Combat|p2a: Excadrill
|-supereffective|p2a: Excadrill
|-damage|p2a: Excadrill|0 fnt
|-unboost|p1a: Zapdos|def|1
|-unboost|p1a: Zapdos|spd|1
|faint|p2a: Excadrill
|
|-weather|Sandstorm|[upkeep]
|-damage|p1a: Zapdos|69/100|[from] Sandstorm
|upkeep
|
|t:|1641884667
|switch|p2a: Hippowdon|Hippowdon, F|82/100 tox
|-damage|p2a: Hippowdon|76/100 tox|[from] Stealth Rock
|turn|27
|
|t:|1641884674
|move|p1a: Zapdos|Close Combat|p2a: Hippowdon
|-damage|p2a: Hippowdon|32/100 tox
|-unboost|p1a: Zapdos|def|1
|-unboost|p1a: Zapdos|spd|1
|move|p2a: Hippowdon|Slack Off|p2a: Hippowdon
|-heal|p2a: Hippowdon|82/100 tox
|
|-weather|Sandstorm|[upkeep]
|-damage|p1a: Zapdos|63/100|[from] Sandstorm
|-damage|p2a: Hippowdon|76/100 tox|[from] psn
|upkeep
|turn|28
|
|t:|1641884681
|move|p1a: Zapdos|Close Combat|p2a: Hippowdon
|-damage|p2a: Hippowdon|29/100 tox
|-unboost|p1a: Zapdos|def|1
|-unboost|p1a: Zapdos|spd|1
|move|p2a: Hippowdon|Slack Off|p2a: Hippowdon
|-heal|p2a: Hippowdon|79/100 tox
|
|-weather|Sandstorm|[upkeep]
|-damage|p1a: Zapdos|57/100|[from] Sandstorm
|-damage|p2a: Hippowdon|66/100 tox|[from] psn
|upkeep
|turn|29
|
|t:|1641884687
|move|p1a: Zapdos|Close Combat|p2a: Hippowdon
|-damage|p2a: Hippowdon|21/100 tox
|-unboost|p1a: Zapdos|def|1
|-unboost|p1a: Zapdos|spd|1
|move|p2a: Hippowdon|Earthquake|p1a: Zapdos
|-immune|p1a: Zapdos
|
|-weather|Sandstorm|[upkeep]
|-damage|p1a: Zapdos|51/100|[from] Sandstorm
|-damage|p2a: Hippowdon|3/100 tox|[from] psn
|upkeep
|turn|30
|
|t:|1641884693
|move|p1a: Zapdos|Close Combat|p2a: Hippowdon
|-damage|p2a: Hippowdon|0 fnt
|-unboost|p1a: Zapdos|def|1
|-unboost|p1a: Zapdos|spd|1
|faint|p2a: Hippowdon
|
|-weather|Sandstorm|[upkeep]
|-damage|p1a: Zapdos|44/100|[from] Sandstorm
|upkeep
|
|t:|1641884693
|switch|p2a: Rotom|Rotom-Wash|46/100
|-damage|p2a: Rotom|34/100|[from] Stealth Rock
|turn|31
|inactive|Zephyr1517 has 120 seconds left.
|
|t:|1641884749
|move|p2a: Rotom|Volt Switch|p1a: Zapdos
|-supereffective|p1a: Zapdos
|-crit|p1a: Zapdos
|-damage|p1a: Zapdos|0 fnt
|faint|p1a: Zapdos
|
|t:|1641884749
|switch|p2a: Clefable|Clefable, M|17/100|[from]move: Volt Switch
|
|-weather|none
|upkeep
|
|t:|1641884755
|switch|p1a: Kartana|Kartana|94/100
|-damage|p1a: Kartana|88/100|[from] Stealth Rock
|turn|32
|
|t:|1641884756
|move|p1a: Kartana|Leaf Blade|p2a: Clefable
|-crit|p2a: Clefable
|-damage|p2a: Clefable|0 fnt
|faint|p2a: Clefable
|-ability|p1a: Kartana|Beast Boost|boost
|-boost|p1a: Kartana|atk|1
|
|upkeep
|
|t:|1641884756
|switch|p2a: Rotom|Rotom-Wash|34/100
|-damage|p2a: Rotom|21/100|[from] Stealth Rock
|turn|33
|
|t:|1641884759
|move|p1a: Kartana|Leaf Blade|p2a: Rotom
|-supereffective|p2a: Rotom
|-damage|p2a: Rotom|0 fnt
|faint|p2a: Rotom
|
|win|Zephyr1517
|raw|Zephyr1517's rating: 1201 &rarr; <strong>1230</strong><br />(+29 for winning)
|raw|testingbot42o's rating: 1255 &rarr; <strong>1226</strong><br />(-29 for losing)
|l|‽testingbot42o
|c|☆Zephyr1517|gg
