|j|☆ultimategoogolplex
|j|☆Dand3lion1989
|t:|1641755444
|gametype|singles
|player|p1|ultimategoogolplex|2|1282
|player|p2|Dand3lion1989|101|1324
|teamsize|p1|6
|teamsize|p2|6
|gen|8
|tier|[Gen 8] OU
|rated|
|rule|Sleep Clause Mod: Limit one foe put to sleep
|rule|Species Clause: Limit one of each Pokémon
|rule|OHKO Clause: OHKO moves are banned
|rule|Evasion Moves Clause: Evasion moves are banned
|rule|Endless Battle Clause: Forcing endless battles is banned
|rule|HP Percentage Mod: HP is shown in percentages
|rule|Dynamax Clause: You cannot dynamax
|clearpoke
|poke|p1|Corviknight, F|
|poke|p1|Chansey, F|
|poke|p1|Weavile, F|
|poke|p1|Heatran, F|
|poke|p1|Amoonguss, M|
|poke|p1|Quagsire, F|
|poke|p2|Tapu Lele|
|poke|p2|Kartana|
|poke|p2|Landorus-Therian, M|
|poke|p2|Zarude|
|poke|p2|Toxapex, M|
|poke|p2|Rotom-Heat|
|teampreview
|inactive|Battle timer is ON: inactive players will automatically lose when time's up. (requested by ultimategoogolplex)
|
|t:|1641755455
|start
|switch|p1a: Corviknight|Corviknight, F|100/100
|switch|p2a: Landorus|Landorus-Therian, M|100/100
|-ability|p2a: Landorus|Intimidate|boost
|-unboost|p1a: Corviknight|atk|1
|-ability|p1a: Corviknight|Pressure
|turn|1
|
|t:|1641755464
|move|p2a: Landorus|Stealth Rock|p1a: Corviknight
|-sidestart|p1: ultimategoogolplex|move: Stealth Rock
|move|p1a: Corviknight|U-turn|p2a: Landorus
|-resisted|p2a: Landorus
|-damage|p2a: Landorus|96/100
|
|t:|1641755470
|switch|p1a: Quagsire|Quagsire, F|100/100|[from]move: U-turn
|-damage|p1a: Quagsire|94/100|[from] Stealth Rock
|
|-heal|p1a: Quagsire|100/100|[from] item: Leftovers
|upkeep
|turn|2
|
|t:|1641755488
|switch|p2a: Kartana|Kartana|100/100
|move|p1a: Quagsire|Earthquake|p2a: Kartana
|-damage|p2a: Kartana|67/100
|
|upkeep
|turn|3
|
|t:|1641755497
|switch|p1a: Corviknight|Corviknight, F|100/100
|-damage|p1a: Corviknight|88/100|[from] Stealth Rock
|-ability|p1a: Corviknight|Pressure
|move|p2a: Kartana|Knock Off|p1a: Corviknight
|-damage|p1a: Corviknight|54/100
|-enditem|p1a: Corviknight|Leftovers|[from] move: Knock Off|[of] p2a: Kartana
|-damage|p2a: Kartana|57/100|[from] item: Life Orb
|
|upkeep
|turn|4
|
|t:|1641755512
|switch|p2a: Rotom|Rotom-Heat|100/100
|move|p1a: Corviknight|Roost|p1a: Corviknight
|-heal|p1a: Corviknight|100/100
|-singleturn|p1a: Corviknight|move: Roost
|
|upkeep
|turn|5
|
|t:|1641755541
|switch|p2a: Toxapex|Toxapex, M|100/100
|switch|p1a: Heatran|Heatran, F|100/100
|-damage|p1a: Heatran|88/100|[from] Stealth Rock
|
|-heal|p1a: Heatran|94/100|[from] item: Leftovers
|upkeep
|turn|6
|
|t:|1641755551
|switch|p1a: Corviknight|Corviknight, F|100/100
|-damage|p1a: Corviknight|88/100|[from] Stealth Rock
|-ability|p1a: Corviknight|Pressure
|move|p2a: Toxapex|Toxic Spikes|p1a: Corviknight
|-sidestart|p1: ultimategoogolplex|move: Toxic Spikes
|
|upkeep
|turn|7
|
|t:|1641755560
|switch|p2a: Zarude|Zarude|100/100
|move|p1a: Corviknight|Body Press|p2a: Zarude
|-supereffective|p2a: Zarude
|-damage|p2a: Zarude|54/100
|
|upkeep
|turn|8
|
|t:|1641755576
|switch|p2a: Toxapex|Toxapex, M|100/100
|move|p1a: Corviknight|Defog|p2a: Toxapex
|-unboost|p2a: Toxapex|evasion|1
|-sideend|p1: ultimategoogolplex|Toxic Spikes|[from] move: Defog|[of] p1a: Corviknight
|-sideend|p1: ultimategoogolplex|Stealth Rock|[from] move: Defog|[of] p1a: Corviknight
|
|upkeep
|turn|9
|
|t:|1641755588
|switch|p1a: Amoonguss|Amoonguss, M|100/100
|move|p2a: Toxapex|Knock Off|p1a: Amoonguss
|-damage|p1a: Amoonguss|89/100
|-damage|p2a: Toxapex|84/100|[from] item: Rocky Helmet|[of] p1a: Amoonguss
|-enditem|p1a: Amoonguss|Rocky Helmet|[from] move: Knock Off|[of] p2a: Toxapex
|
|upkeep
|turn|10
|
|t:|1641755597
|move|p2a: Toxapex|Toxic Spikes|p1a: Amoonguss
|-sidestart|p1: ultimategoogolplex|move: Toxic Spikes
|move|p1a: Amoonguss|Spore|p2a: Toxapex
|-status|p2a: Toxapex|slp|[from] move: Spore
|
|upkeep
|turn|11
|
|t:|1641755625
|switch|p2a: Zarude|Zarude|54/100
|switch|p1a: Corviknight|Corviknight, F|88/100
|-ability|p1a: Corviknight|Pressure
|
|upkeep
|turn|12
|
|t:|1641755635
|move|p2a: Zarude|U-turn|p1a: Corviknight
|-resisted|p1a: Corviknight
|-damage|p1a: Corviknight|85/100
|
|t:|1641755648
|switch|p2a: Rotom|Rotom-Heat|100/100|[from]move: U-turn
|move|p1a: Corviknight|U-turn|p2a: Rotom
|-resisted|p2a: Rotom
|-damage|p2a: Rotom|93/100
|
|t:|1641755654
|switch|p1a: Heatran|Heatran, F|94/100|[from]move: U-turn
|
|-heal|p1a: Heatran|100/100|[from] item: Leftovers
|upkeep
|turn|13
|
|t:|1641755662
|move|p2a: Rotom|Volt Switch|p1a: Heatran
|-damage|p1a: Heatran|85/100
|inactive|Dand3lion1989 has 120 seconds left.
|
|t:|1641755706
|switch|p2a: Zarude|Zarude|54/100|[from]move: Volt Switch
|move|p1a: Heatran|Toxic|p2a: Zarude
|-status|p2a: Zarude|tox
|
|-heal|p1a: Heatran|91/100|[from] item: Leftovers
|-damage|p2a: Zarude|48/100 tox|[from] psn
|upkeep
|turn|14
|
|t:|1641755718
|switch|p1a: Amoonguss|Amoonguss, M|100/100
|-sideend|p1: ultimategoogolplex|move: Toxic Spikes|[of] p1a: Amoonguss
|move|p2a: Zarude|U-turn|p1a: Amoonguss
|-crit|p1a: Amoonguss
|-damage|p1a: Amoonguss|75/100
|
|t:|1641755729
|switch|p2a: Kartana|Kartana|57/100|[from]move: U-turn
|
|upkeep
|turn|15
|
|t:|1641755747
|switch|p1a: Corviknight|Corviknight, F|85/100
|-ability|p1a: Corviknight|Pressure
|move|p2a: Kartana|Knock Off|p1a: Corviknight
|-damage|p1a: Corviknight|60/100
|-damage|p2a: Kartana|48/100|[from] item: Life Orb
|
|upkeep
|turn|16
|
|t:|1641755758
|move|p2a: Kartana|Sacred Sword|p1a: Corviknight
|-crit|p1a: Corviknight
|-damage|p1a: Corviknight|8/100
|-damage|p2a: Kartana|38/100|[from] item: Life Orb
|move|p1a: Corviknight|Roost|p1a: Corviknight
|-heal|p1a: Corviknight|58/100
|-singleturn|p1a: Corviknight|move: Roost
|
|upkeep
|turn|17
|
|t:|1641755772
|move|p2a: Kartana|Sacred Sword|p1a: Corviknight
|-damage|p1a: Corviknight|24/100
|-damage|p2a: Kartana|28/100|[from] item: Life Orb
|move|p1a: Corviknight|Roost|p1a: Corviknight
|-heal|p1a: Corviknight|74/100
|-singleturn|p1a: Corviknight|move: Roost
|
|upkeep
|turn|18
|
|t:|1641755783
|switch|p2a: Zarude|Zarude|48/100 tox
|move|p1a: Corviknight|Roost|p1a: Corviknight
|-heal|p1a: Corviknight|100/100
|-singleturn|p1a: Corviknight|move: Roost
|
|-damage|p2a: Zarude|42/100 tox|[from] psn
|upkeep
|turn|19
|
|t:|1641755792
|move|p2a: Zarude|Jungle Healing|p2a: Zarude
|-heal|p2a: Zarude|67/100 tox
|-curestatus|p2a: Zarude|tox|[msg]
|move|p1a: Corviknight|U-turn|p2a: Zarude
|-supereffective|p2a: Zarude
|-damage|p2a: Zarude|13/100
|
|t:|1641755801
|switch|p1a: Weavile|Weavile, F|100/100|[from]move: U-turn
|-ability|p1a: Weavile|Pressure
|
|upkeep
|turn|20
|inactive|Dand3lion1989 has 120 seconds left.
|c|☆Dand3lion1989|Lol there is zero counter to corvi heatean any ground type core
|inactive|Dand3lion1989 has 90 seconds left.
|c|☆Dand3lion1989|literally zero
|
|t:|1641755849
|switch|p2a: Toxapex|Toxapex, M|100/100 slp
|move|p1a: Weavile|Knock Off|p2a: Toxapex
|-damage|p2a: Toxapex|51/100 slp
|-damage|p1a: Weavile|84/100|[from] item: Rocky Helmet|[of] p2a: Toxapex
|-enditem|p2a: Toxapex|Rocky Helmet|[from] move: Knock Off|[of] p1a: Weavile
|
|upkeep
|turn|21
|
|t:|1641755859
|move|p1a: Weavile|Knock Off|p2a: Toxapex
|-damage|p2a: Toxapex|19/100 slp
|cant|p2a: Toxapex|slp
|
|upkeep
|turn|22
|inactive|Dand3lion1989 has 90 seconds left.
|
|t:|1641755866
|move|p1a: Weavile|Knock Off|p2a: Toxapex
|-damage|p2a: Toxapex|0 fnt
|faint|p2a: Toxapex
|
|upkeep
|inactive|Dand3lion1989 has 90 seconds left.
|
|t:|1641755884
|switch|p2a: Rotom|Rotom-Heat|93/100
|turn|23
|
|t:|1641755893
|switch|p1a: Heatran|Heatran, F|91/100
|move|p2a: Rotom|Nasty Plot|p2a: Rotom
|-boost|p2a: Rotom|spa|2
|
|-heal|p1a: Heatran|97/100|[from] item: Leftovers
|upkeep
|turn|24
|inactive|Dand3lion1989 has 90 seconds left.
|
|t:|1641755902
|switch|p2a: Kartana|Kartana|28/100
|move|p1a: Heatran|Toxic|p2a: Kartana
|-immune|p2a: Kartana
|
|-heal|p1a: Heatran|100/100|[from] item: Leftovers
|upkeep
|turn|25
|
|t:|1641755910
|switch|p1a: Corviknight|Corviknight, F|100/100
|-ability|p1a: Corviknight|Pressure
|move|p2a: Kartana|Sacred Sword|p1a: Corviknight
|-damage|p1a: Corviknight|67/100
|-damage|p2a: Kartana|19/100|[from] item: Life Orb
|
|upkeep
|turn|26
|-message|Dand3lion1989 forfeited.
|
|win|ultimategoogolplex
|raw|ultimategoogolplex's rating: 1282 &rarr; <strong>1310</strong><br />(+28 for winning)
|raw|Dand3lion1989's rating: 1324 &rarr; <strong>1302</strong><br />(-22 for losing)
|l|☆Dand3lion1989
