|j|☆lpalvarez
|j|☆8jaggery
|t:|1641852663
|gametype|singles
|player|p1|lpalvarez|102|1243
|player|p2|8jaggery|2|1227
|teamsize|p1|6
|teamsize|p2|6
|gen|8
|tier|[Gen 8] OU
|rated|
|rule|Sleep Clause Mod: Limit one foe put to sleep
|rule|Species Clause: Limit one of each Pokémon
|rule|OHKO Clause: OHKO moves are banned
|rule|Evasion Moves Clause: Evasion moves are banned
|rule|Endless Battle Clause: Forcing endless battles is banned
|rule|HP Percentage Mod: HP is shown in percentages
|rule|Dynamax Clause: You cannot dynamax
|clearpoke
|poke|p1|Garchomp, M|
|poke|p1|Shuckle, F|
|poke|p1|Vaporeon, M|
|poke|p1|Alakazam, M|
|poke|p1|Bisharp, M|
|poke|p1|Porygon2|
|poke|p2|Hawlucha, M|
|poke|p2|Rillaboom, F|
|poke|p2|Heatran, M|
|poke|p2|Dragapult, F|
|poke|p2|Clefable, F|
|poke|p2|Blastoise, F|
|teampreview
|
|t:|1641852700
|start
|switch|p1a: Shuckle|Shuckle, F, shiny|100/100
|switch|p2a: Rillaboom|Rillaboom, F|100/100
|-fieldstart|move: Grassy Terrain|[from] ability: Grassy Surge|[of] p2a: Rillaboom
|turn|1
|
|t:|1641852734
|move|p2a: Rillaboom|Taunt|p1a: Shuckle
|-start|p1a: Shuckle|move: Taunt
|cant|p1a: Shuckle|move: Taunt|Toxic
|
|upkeep
|turn|2
|
|t:|1641852743
|switch|p2a: Blastoise|Blastoise, F|100/100
|move|p1a: Shuckle|Infestation|p2a: Blastoise
|-damage|p2a: Blastoise|98/100
|-activate|p2a: Blastoise|move: Infestation|[of] p1a: Shuckle
|
|-heal|p2a: Blastoise|100/100|[from] Grassy Terrain
|-damage|p2a: Blastoise|88/100|[from] move: Infestation|[partiallytrapped]
|upkeep
|turn|3
|
|t:|1641852771
|switch|p1a: Porygon2|Porygon2|100/100
|-ability|p1a: Porygon2|Download|boost
|-boost|p1a: Porygon2|atk|1
|move|p2a: Blastoise|Shell Smash|p2a: Blastoise
|-unboost|p2a: Blastoise|def|1
|-unboost|p2a: Blastoise|spd|1
|-boost|p2a: Blastoise|atk|2
|-boost|p2a: Blastoise|spa|2
|-boost|p2a: Blastoise|spe|2
|-enditem|p2a: Blastoise|White Herb
|-clearnegativeboost|p2a: Blastoise|[silent]
|
|-heal|p2a: Blastoise|94/100|[from] Grassy Terrain
|-end|p2a: Blastoise|Infestation|[partiallytrapped]|[silent]
|upkeep
|turn|4
|
|t:|1641852796
|move|p2a: Blastoise|Aura Sphere|p1a: Porygon2
|-supereffective|p1a: Porygon2
|-damage|p1a: Porygon2|54/100
|move|p1a: Porygon2|Toxic|p2a: Blastoise|[miss]
|-miss|p1a: Porygon2|p2a: Blastoise
|
|-heal|p2a: Blastoise|99/100|[from] Grassy Terrain
|-heal|p1a: Porygon2|60/100|[from] Grassy Terrain
|upkeep
|turn|5
|inactive|Battle timer is ON: inactive players will automatically lose when time's up. (requested by 8jaggery)
|
|t:|1641852805
|move|p2a: Blastoise|Aura Sphere|p1a: Porygon2
|-supereffective|p1a: Porygon2
|-damage|p1a: Porygon2|13/100
|move|p1a: Porygon2|Recover|p1a: Porygon2
|-heal|p1a: Porygon2|63/100
|
|-heal|p2a: Blastoise|100/100|[from] Grassy Terrain
|-heal|p1a: Porygon2|69/100|[from] Grassy Terrain
|-fieldend|move: Grassy Terrain
|upkeep
|turn|6
|
|t:|1641852819
|switch|p1a: Shuckle|Shuckle, F, shiny|100/100
|move|p2a: Blastoise|Surf|p1a: Shuckle
|-supereffective|p1a: Shuckle
|-damage|p1a: Shuckle|21/100
|-enditem|p1a: Shuckle|Aguav Berry|[eat]
|-heal|p1a: Shuckle|54/100|[from] item: Aguav Berry
|
|upkeep
|turn|7
|
|t:|1641852830
|switch|p1a: Vaporeon|Vaporeon, M|100/100
|move|p2a: Blastoise|Surf|p1a: Vaporeon
|-immune|p1a: Vaporeon|[from] ability: Water Absorb
|
|upkeep
|turn|8
|
|t:|1641852850
|switch|p2a: Rillaboom|Rillaboom, F|100/100
|-fieldstart|move: Grassy Terrain|[from] ability: Grassy Surge|[of] p2a: Rillaboom
|move|p1a: Vaporeon|Wish|p1a: Vaporeon
|
|upkeep
|turn|9
|
|t:|1641852856
|switch|p1a: Porygon2|Porygon2|69/100
|-ability|p1a: Porygon2|Download|boost
|-boost|p1a: Porygon2|spa|1
|move|p2a: Rillaboom|Grassy Glide|p1a: Porygon2
|-crit|p1a: Porygon2
|-damage|p1a: Porygon2|27/100
|
|-heal|p1a: Porygon2|89/100|[from] move: Wish|[wisher] Vaporeon
|-heal|p1a: Porygon2|95/100|[from] Grassy Terrain
|upkeep
|turn|10
|
|t:|1641852868
|switch|p1a: Shuckle|Shuckle, F, shiny|54/100
|move|p2a: Rillaboom|Taunt|p1a: Shuckle
|-start|p1a: Shuckle|move: Taunt
|
|-heal|p1a: Shuckle|60/100|[from] Grassy Terrain
|upkeep
|turn|11
|
|t:|1641852885
|move|p2a: Rillaboom|Grassy Glide|p1a: Shuckle
|-damage|p1a: Shuckle|24/100
|move|p1a: Shuckle|Infestation|p2a: Rillaboom
|-supereffective|p2a: Rillaboom
|-damage|p2a: Rillaboom|96/100
|-activate|p2a: Rillaboom|move: Infestation|[of] p1a: Shuckle
|
|-heal|p2a: Rillaboom|100/100|[from] Grassy Terrain
|-heal|p1a: Shuckle|30/100|[from] Grassy Terrain
|-damage|p2a: Rillaboom|88/100|[from] move: Infestation|[partiallytrapped]
|upkeep
|turn|12
|
|t:|1641852902
|move|p2a: Rillaboom|Grassy Glide|p1a: Shuckle
|-damage|p1a: Shuckle|0 fnt
|faint|p1a: Shuckle
|
|-heal|p2a: Rillaboom|94/100|[from] Grassy Terrain
|-end|p2a: Rillaboom|Infestation|[partiallytrapped]|[silent]
|-fieldend|move: Grassy Terrain
|upkeep
|
|t:|1641852907
|switch|p1a: Garchomp|Garchomp, M|100/100
|turn|13
|
|t:|1641852913
|switch|p2a: Clefable|Clefable, F|100/100
|move|p1a: Garchomp|Poison Jab|p2a: Clefable
|-supereffective|p2a: Clefable
|-crit|p2a: Clefable
|-damage|p2a: Clefable|0 fnt
|faint|p2a: Clefable
|
|upkeep
|
|t:|1641852938
|switch|p2a: Dragapult|Dragapult, F|100/100
|turn|14
|inactive|lpalvarez has 120 seconds left.
|
|t:|1641852977
|move|p2a: Dragapult|Draco Meteor|p1a: Garchomp
|-supereffective|p1a: Garchomp
|-damage|p1a: Garchomp|0 fnt
|-unboost|p2a: Dragapult|spa|2
|faint|p1a: Garchomp
|-damage|p2a: Dragapult|91/100|[from] item: Life Orb
|
|upkeep
|
|t:|1641852984
|switch|p1a: Bisharp|Bisharp, M, shiny|100/100
|turn|15
|
|t:|1641853002
|switch|p2a: Hawlucha|Hawlucha, M|100/100
|move|p1a: Bisharp|Knock Off|p2a: Hawlucha
|-resisted|p2a: Hawlucha
|-damage|p2a: Hawlucha|64/100
|-enditem|p2a: Hawlucha|Grassy Seed|[from] move: Knock Off|[of] p1a: Bisharp
|
|upkeep
|turn|16
|inactive|lpalvarez has 120 seconds left.
|
|t:|1641853019
|switch|p1a: Vaporeon|Vaporeon, M|100/100
|move|p2a: Hawlucha|Close Combat|p1a: Vaporeon
|-damage|p1a: Vaporeon|53/100
|-unboost|p2a: Hawlucha|def|1
|-unboost|p2a: Hawlucha|spd|1
|
|-heal|p1a: Vaporeon|59/100|[from] item: Leftovers
|upkeep
|turn|17
|inactive|8jaggery has 120 seconds left.
|
|t:|1641853073
|move|p2a: Hawlucha|Swords Dance|p2a: Hawlucha
|-boost|p2a: Hawlucha|atk|2
|move|p1a: Vaporeon|Ice Beam|p2a: Hawlucha
|-supereffective|p2a: Hawlucha
|-damage|p2a: Hawlucha|0 fnt
|faint|p2a: Hawlucha
|
|-heal|p1a: Vaporeon|66/100|[from] item: Leftovers
|upkeep
|
|t:|1641853081
|switch|p2a: Rillaboom|Rillaboom, F|94/100
|-fieldstart|move: Grassy Terrain|[from] ability: Grassy Surge|[of] p2a: Rillaboom
|turn|18
|
|t:|1641853085
|move|p1a: Vaporeon|Protect|p1a: Vaporeon
|-singleturn|p1a: Vaporeon|Protect
|move|p2a: Rillaboom|Grassy Glide|p1a: Vaporeon
|-activate|p1a: Vaporeon|move: Protect
|
|-heal|p2a: Rillaboom|100/100|[from] Grassy Terrain
|-heal|p1a: Vaporeon|72/100|[from] Grassy Terrain
|-heal|p1a: Vaporeon|78/100|[from] item: Leftovers
|upkeep
|turn|19
|
|t:|1641853103
|switch|p1a: Alakazam|Alakazam, M|100/100
|move|p2a: Rillaboom|Grassy Glide|p1a: Alakazam
|-damage|p1a: Alakazam|0 fnt
|faint|p1a: Alakazam
|
|upkeep
|
|t:|1641853108
|switch|p1a: Porygon2|Porygon2|95/100
|-ability|p1a: Porygon2|Download|boost
|-boost|p1a: Porygon2|spa|1
|turn|20
|inactive|8jaggery has 120 seconds left.
|c|☆8jaggery|shouldnt have brought in alakazam its defense is too weak
|
|t:|1641853132
|move|p2a: Rillaboom|Taunt|p1a: Porygon2
|-start|p1a: Porygon2|move: Taunt
|cant|p1a: Porygon2|move: Taunt|Toxic
|
|-heal|p1a: Porygon2|100/100|[from] Grassy Terrain
|upkeep
|turn|21
|
|t:|1641853143
|move|p2a: Rillaboom|Knock Off|p1a: Porygon2
|-damage|p1a: Porygon2|82/100
|-enditem|p1a: Porygon2|Eviolite|[from] move: Knock Off|[of] p2a: Rillaboom
|move|p1a: Porygon2|Tri Attack|p2a: Rillaboom
|-damage|p2a: Rillaboom|45/100
|
|-heal|p2a: Rillaboom|51/100|[from] Grassy Terrain
|-heal|p1a: Porygon2|89/100|[from] Grassy Terrain
|upkeep
|turn|22
|
|t:|1641853171
|move|p2a: Rillaboom|Grassy Glide|p1a: Porygon2
|-damage|p1a: Porygon2|46/100
|move|p1a: Porygon2|Tri Attack|p2a: Rillaboom
|-damage|p2a: Rillaboom|4/100
|
|-heal|p2a: Rillaboom|10/100|[from] Grassy Terrain
|-heal|p1a: Porygon2|52/100|[from] Grassy Terrain
|-end|p1a: Porygon2|move: Taunt
|-fieldend|move: Grassy Terrain
|upkeep
|turn|23
|
|t:|1641853182
|move|p2a: Rillaboom|Taunt|p1a: Porygon2
|-start|p1a: Porygon2|move: Taunt
|move|p1a: Porygon2|Shadow Ball|p2a: Rillaboom
|-crit|p2a: Rillaboom
|-damage|p2a: Rillaboom|0 fnt
|faint|p2a: Rillaboom
|
|upkeep
|
|t:|1641853193
|switch|p2a: Blastoise|Blastoise, F|100/100
|turn|24
|
|t:|1641853196
|move|p2a: Blastoise|Shell Smash|p2a: Blastoise
|-unboost|p2a: Blastoise|def|1
|-unboost|p2a: Blastoise|spd|1
|-boost|p2a: Blastoise|atk|2
|-boost|p2a: Blastoise|spa|2
|-boost|p2a: Blastoise|spe|2
|move|p1a: Porygon2|Tri Attack|p2a: Blastoise
|-damage|p2a: Blastoise|32/100
|
|upkeep
|turn|25
|
|t:|1641853205
|move|p2a: Blastoise|Aura Sphere|p1a: Porygon2
|-supereffective|p1a: Porygon2
|-crit|p1a: Porygon2
|-damage|p1a: Porygon2|0 fnt
|faint|p1a: Porygon2
|
|upkeep
|
|t:|1641853210
|switch|p1a: Bisharp|Bisharp, M, shiny|100/100
|turn|26
|
|t:|1641853213
|move|p1a: Bisharp|Sucker Punch|p2a: Blastoise
|-damage|p2a: Blastoise|0 fnt
|faint|p2a: Blastoise
|
|upkeep
|
|t:|1641853220
|switch|p2a: Heatran|Heatran, M|100/100
|-item|p2a: Heatran|Air Balloon
|turn|27
|
|t:|1641853231
|switch|p1a: Vaporeon|Vaporeon, M|78/100
|move|p2a: Heatran|Flamethrower|p1a: Vaporeon
|-resisted|p1a: Vaporeon
|-damage|p1a: Vaporeon|63/100
|-status|p1a: Vaporeon|brn
|
|-heal|p1a: Vaporeon|69/100 brn|[from] item: Leftovers
|-damage|p1a: Vaporeon|63/100 brn|[from] brn
|upkeep
|turn|28
|
|t:|1641853243
|switch|p2a: Dragapult|Dragapult, F|91/100
|move|p1a: Vaporeon|Ice Beam|p2a: Dragapult
|-supereffective|p2a: Dragapult
|-damage|p2a: Dragapult|27/100
|
|-heal|p1a: Vaporeon|69/100 brn|[from] item: Leftovers
|-damage|p1a: Vaporeon|63/100 brn|[from] brn
|upkeep
|turn|29
|
|t:|1641853260
|switch|p1a: Bisharp|Bisharp, M, shiny|100/100
|move|p2a: Dragapult|Draco Meteor|p1a: Bisharp
|-resisted|p1a: Bisharp
|-damage|p1a: Bisharp|50/100
|-unboost|p2a: Dragapult|spa|2
|-damage|p2a: Dragapult|17/100|[from] item: Life Orb
|
|upkeep
|turn|30
|
|t:|1641853269
|switch|p2a: Heatran|Heatran, M|100/100
|-item|p2a: Heatran|Air Balloon
|move|p1a: Bisharp|Knock Off|p2a: Heatran
|-damage|p2a: Heatran|56/100
|-enditem|p2a: Heatran|Air Balloon
|
|upkeep
|turn|31
|
|t:|1641853277
|switch|p1a: Vaporeon|Vaporeon, M|63/100 brn
|move|p2a: Heatran|Flamethrower|p1a: Vaporeon
|-resisted|p1a: Vaporeon
|-damage|p1a: Vaporeon|46/100 brn
|
|-heal|p1a: Vaporeon|52/100 brn|[from] item: Leftovers
|-damage|p1a: Vaporeon|46/100 brn|[from] brn
|upkeep
|turn|32
|
|t:|1641853296
|move|p2a: Heatran|Earth Power|p1a: Vaporeon
|-damage|p1a: Vaporeon|27/100 brn
|move|p1a: Vaporeon|Wish|p1a: Vaporeon
|
|-heal|p1a: Vaporeon|33/100 brn|[from] item: Leftovers
|-damage|p1a: Vaporeon|27/100 brn|[from] brn
|upkeep
|turn|33
|
|t:|1641853304
|move|p2a: Heatran|Earth Power|p1a: Vaporeon
|-damage|p1a: Vaporeon|6/100 brn
|move|p1a: Vaporeon|Scald|p2a: Heatran
|-supereffective|p2a: Heatran
|-damage|p2a: Heatran|9/100
|
|-heal|p1a: Vaporeon|56/100 brn|[from] move: Wish|[wisher] Vaporeon
|-heal|p1a: Vaporeon|62/100 brn|[from] item: Leftovers
|-damage|p1a: Vaporeon|56/100 brn|[from] brn
|upkeep
|turn|34
|
|t:|1641853314
|move|p2a: Heatran|Earth Power|p1a: Vaporeon
|-damage|p1a: Vaporeon|35/100 brn
|move|p1a: Vaporeon|Wish|p1a: Vaporeon
|
|-heal|p1a: Vaporeon|41/100 brn|[from] item: Leftovers
|-damage|p1a: Vaporeon|35/100 brn|[from] brn
|upkeep
|turn|35
|
|t:|1641853322
|move|p2a: Heatran|Earth Power|p1a: Vaporeon
|-damage|p1a: Vaporeon|15/100 brn
|move|p1a: Vaporeon|Scald|p2a: Heatran
|-supereffective|p2a: Heatran
|-damage|p2a: Heatran|0 fnt
|faint|p2a: Heatran
|
|-heal|p1a: Vaporeon|65/100 brn|[from] move: Wish|[wisher] Vaporeon
|-heal|p1a: Vaporeon|71/100 brn|[from] item: Leftovers
|-damage|p1a: Vaporeon|65/100 brn|[from] brn
|upkeep
|
|t:|1641853333
|switch|p2a: Dragapult|Dragapult, F|17/100
|turn|36
|
|t:|1641853362
|move|p2a: Dragapult|Draco Meteor|p1a: Vaporeon
|-damage|p1a: Vaporeon|17/100 brn
|-unboost|p2a: Dragapult|spa|2
|-damage|p2a: Dragapult|7/100|[from] item: Life Orb
|move|p1a: Vaporeon|Ice Beam|p2a: Dragapult
|-supereffective|p2a: Dragapult
|-damage|p2a: Dragapult|0 fnt
|faint|p2a: Dragapult
|
|win|lpalvarez
|raw|lpalvarez's rating: 1243 &rarr; <strong>1267</strong><br />(+24 for winning)
|raw|8jaggery's rating: 1227 &rarr; <strong>1203</strong><br />(-24 for losing)
|l|☆lpalvarez
