|j|☆lintlord
|j|☆G4yL0rd
|t:|1641698395
|gametype|singles
|player|p1|lintlord|roxanne|1100
|player|p2|G4yL0rd|2|1131
|teamsize|p1|6
|teamsize|p2|6
|gen|8
|tier|[Gen 8] OU
|rated|
|rule|Sleep Clause Mod: Limit one foe put to sleep
|rule|Species Clause: Limit one of each Pokémon
|rule|OHKO Clause: OHKO moves are banned
|rule|Evasion Moves Clause: Evasion moves are banned
|rule|Endless Battle Clause: Forcing endless battles is banned
|rule|HP Percentage Mod: HP is shown in percentages
|rule|Dynamax Clause: You cannot dynamax
|clearpoke
|poke|p1|Drednaw, F|
|poke|p1|Pelipper, F|
|poke|p1|Landorus-Therian, M|
|poke|p1|Magnezone|
|poke|p1|Latios, M|
|poke|p1|Clefable, M|
|poke|p2|Tyranitar, F|
|poke|p2|Excadrill, F|
|poke|p2|Clefable, F|
|poke|p2|Ferrothorn, M|
|poke|p2|Toxapex, F|
|poke|p2|Corsola-Galar, F|
|teampreview
|
|t:|1641698413
|start
|switch|p1a: Pelipper|Pelipper, F|100/100
|switch|p2a: Toxapex|Toxapex, F|100/100
|-weather|RainDance|[from] ability: Drizzle|[of] p1a: Pelipper
|turn|1
|
|t:|1641698427
|switch|p1a: Landorus|Landorus-Therian, M|100/100
|-ability|p1a: Landorus|Intimidate|boost
|-unboost|p2a: Toxapex|atk|1
|move|p2a: Toxapex|Toxic Spikes|p1a: Landorus
|-sidestart|p1: lintlord|move: Toxic Spikes
|
|-weather|RainDance|[upkeep]
|upkeep
|turn|2
|
|t:|1641698442
|switch|p1a: Pelipper|Pelipper, F|100/100
|switch|p2a: Corsola|Corsola-Galar, F|100/100
|
|-weather|RainDance|[upkeep]
|upkeep
|turn|3
|
|t:|1641698455
|move|p1a: Pelipper|Defog|p2a: Corsola
|-unboost|p2a: Corsola|evasion|1
|-sideend|p1: lintlord|Toxic Spikes|[from] move: Defog|[of] p1a: Pelipper
|move|p2a: Corsola|Night Shade|p1a: Pelipper
|-damage|p1a: Pelipper|70/100
|
|-weather|RainDance|[upkeep]
|upkeep
|turn|4
|
|t:|1641698467
|switch|p1a: Drednaw|Drednaw, F|100/100
|move|p2a: Corsola|Will-O-Wisp|p1a: Drednaw
|-status|p1a: Drednaw|brn
|
|-weather|RainDance|[upkeep]
|-damage|p1a: Drednaw|94/100 brn|[from] brn
|upkeep
|turn|5
|
|t:|1641698484
|switch|p2a: Excadrill|Excadrill, F|100/100
|move|p1a: Drednaw|Throat Chop|p2a: Excadrill
|-damage|p2a: Excadrill|70/100
|-start|p2a: Excadrill|Throat Chop|[silent]
|
|-weather|RainDance|[upkeep]
|-damage|p1a: Drednaw|88/100 brn|[from] brn
|upkeep
|turn|6
|
|t:|1641698496
|switch|p1a: Landorus|Landorus-Therian, M|100/100
|-ability|p1a: Landorus|Intimidate|boost
|-unboost|p2a: Excadrill|atk|1
|move|p2a: Excadrill|Earthquake|p1a: Landorus
|-immune|p1a: Landorus
|
|-weather|RainDance|[upkeep]
|-end|p2a: Excadrill|Throat Chop|[silent]
|upkeep
|turn|7
|
|t:|1641698505
|switch|p2a: Corsola|Corsola-Galar, F|100/100
|move|p1a: Landorus|Stealth Rock|p2a: Corsola
|-sidestart|p2: G4yL0rd|move: Stealth Rock
|
|-weather|RainDance|[upkeep]
|upkeep
|turn|8
|
|t:|1641698513
|move|p1a: Landorus|Knock Off|p2a: Corsola
|-supereffective|p2a: Corsola
|-damage|p2a: Corsola|71/100
|-start|p1a: Landorus|Disable|Knock Off|[from] ability: Cursed Body|[of] p2a: Corsola
|-enditem|p2a: Corsola|Eviolite|[from] move: Knock Off|[of] p1a: Landorus
|move|p2a: Corsola|Stealth Rock|p1a: Landorus
|-sidestart|p1: lintlord|move: Stealth Rock
|
|-weather|none
|upkeep
|turn|9
|
|t:|1641698526
|move|p1a: Landorus|U-turn|p2a: Corsola
|-resisted|p2a: Corsola
|-damage|p2a: Corsola|62/100
|
|t:|1641698540
|switch|p1a: Pelipper|Pelipper, F|70/100|[from]move: U-turn
|-damage|p1a: Pelipper|45/100|[from] Stealth Rock
|-weather|RainDance|[from] ability: Drizzle|[of] p1a: Pelipper
|move|p2a: Corsola|Will-O-Wisp|p1a: Pelipper|[miss]
|-miss|p2a: Corsola|p1a: Pelipper
|
|-weather|RainDance|[upkeep]
|upkeep
|turn|10
|
|t:|1641698551
|switch|p1a: Drednaw|Drednaw, F|88/100 brn
|-damage|p1a: Drednaw|76/100 brn|[from] Stealth Rock
|move|p2a: Corsola|Will-O-Wisp|p1a: Drednaw
|-fail|p1a: Drednaw|brn
|
|-weather|RainDance|[upkeep]
|-damage|p1a: Drednaw|69/100 brn|[from] brn
|upkeep
|turn|11
|
|t:|1641698565
|switch|p2a: Toxapex|Toxapex, F|100/100
|-damage|p2a: Toxapex|88/100|[from] Stealth Rock
|move|p1a: Drednaw|Head Smash|p2a: Toxapex
|-damage|p2a: Toxapex|51/100
|-damage|p1a: Drednaw|52/100 brn|[from] Recoil
|
|-weather|RainDance|[upkeep]
|-heal|p2a: Toxapex|57/100|[from] item: Black Sludge
|-damage|p1a: Drednaw|45/100 brn|[from] brn
|upkeep
|turn|12
|
|t:|1641698579
|switch|p1a: Latios|Latios, M|100/100
|-damage|p1a: Latios|88/100|[from] Stealth Rock
|move|p2a: Toxapex|Scald|p1a: Latios
|-resisted|p1a: Latios
|-damage|p1a: Latios|76/100
|
|-weather|RainDance|[upkeep]
|-heal|p2a: Toxapex|63/100|[from] item: Black Sludge
|upkeep
|turn|13
|
|t:|1641698592
|switch|p2a: Clefable|Clefable, F|100/100
|move|p1a: Latios|Psychic|p2a: Clefable
|-damage|p2a: Clefable|52/100
|
|-weather|RainDance|[upkeep]
|-heal|p2a: Clefable|58/100|[from] item: Leftovers
|upkeep
|turn|14
|
|t:|1641698629
|switch|p1a: Magnezone|Magnezone|100/100
|-damage|p1a: Magnezone|94/100|[from] Stealth Rock
|move|p2a: Clefable|Wish|p2a: Clefable
|
|-weather|RainDance|[upkeep]
|-heal|p1a: Magnezone|100/100|[from] item: Leftovers
|-heal|p2a: Clefable|64/100|[from] item: Leftovers
|upkeep
|turn|15
|
|t:|1641698639
|switch|p2a: Excadrill|Excadrill, F|70/100
|-damage|p2a: Excadrill|67/100|[from] Stealth Rock
|move|p1a: Magnezone|Iron Defense|p1a: Magnezone
|-boost|p1a: Magnezone|def|2
|
|-weather|RainDance|[upkeep]
|-heal|p2a: Excadrill|100/100|[from] move: Wish|[wisher] Clefable
|upkeep
|turn|16
|
|t:|1641698662
|move|p2a: Excadrill|Earthquake|p1a: Magnezone
|-supereffective|p1a: Magnezone
|-damage|p1a: Magnezone|0 fnt
|faint|p1a: Magnezone
|-damage|p2a: Excadrill|91/100|[from] item: Life Orb
|
|-weather|none
|upkeep
|
|t:|1641698666
|switch|p1a: Landorus|Landorus-Therian, M|100/100
|-damage|p1a: Landorus|88/100|[from] Stealth Rock
|-ability|p1a: Landorus|Intimidate|boost
|-unboost|p2a: Excadrill|atk|1
|turn|17
|
|t:|1641698673
|switch|p2a: Corsola|Corsola-Galar, F|62/100
|-damage|p2a: Corsola|50/100|[from] Stealth Rock
|move|p1a: Landorus|Earthquake|p2a: Corsola
|-damage|p2a: Corsola|16/100
|
|-heal|p1a: Landorus|94/100|[from] item: Leftovers
|upkeep
|turn|18
|
|t:|1641698692
|switch|p2a: Toxapex|Toxapex, F|96/100
|-damage|p2a: Toxapex|84/100|[from] Stealth Rock
|move|p1a: Landorus|Knock Off|p2a: Toxapex
|-damage|p2a: Toxapex|66/100
|-enditem|p2a: Toxapex|Black Sludge|[from] move: Knock Off|[of] p1a: Landorus
|
|-heal|p1a: Landorus|99/100|[from] item: Leftovers
|upkeep
|turn|19
|
|t:|1641698710
|move|p1a: Landorus|Earthquake|p2a: Toxapex
|-supereffective|p2a: Toxapex
|-damage|p2a: Toxapex|6/100
|move|p2a: Toxapex|Scald|p1a: Landorus
|-supereffective|p1a: Landorus
|-damage|p1a: Landorus|64/100
|-status|p1a: Landorus|brn
|
|-heal|p1a: Landorus|70/100 brn|[from] item: Leftovers
|-damage|p1a: Landorus|64/100 brn|[from] brn
|upkeep
|turn|20
|
|t:|1641698722
|switch|p2a: Ferrothorn|Ferrothorn, M|100/100
|-damage|p2a: Ferrothorn|94/100|[from] Stealth Rock
|move|p1a: Landorus|Earthquake|p2a: Ferrothorn
|-damage|p2a: Ferrothorn|80/100
|
|-heal|p1a: Landorus|70/100 brn|[from] item: Leftovers
|-heal|p2a: Ferrothorn|87/100|[from] item: Leftovers
|-damage|p1a: Landorus|64/100 brn|[from] brn
|upkeep
|turn|21
|
|t:|1641698745
|move|p1a: Landorus|Knock Off|p2a: Ferrothorn
|-damage|p2a: Ferrothorn|77/100
|-damage|p1a: Landorus|51/100 brn|[from] ability: Iron Barbs|[of] p2a: Ferrothorn
|-enditem|p2a: Ferrothorn|Leftovers|[from] move: Knock Off|[of] p1a: Landorus
|move|p2a: Ferrothorn|Knock Off|p1a: Landorus
|-damage|p1a: Landorus|35/100 brn
|-enditem|p1a: Landorus|Leftovers|[from] move: Knock Off|[of] p2a: Ferrothorn
|
|-damage|p1a: Landorus|29/100 brn|[from] brn
|upkeep
|turn|22
|inactive|Battle timer is ON: inactive players will automatically lose when time's up. (requested by G4yL0rd)
|c|☆G4yL0rd|staller
|c|☆lintlord|sorry im on league too
|c|☆G4yL0rd|pu$$y
|c|☆G4yL0rd|jk
|n|!lintlord|lintlord
|inactive|lintlord has 120 seconds left.
|
|t:|1641698857
|move|p1a: Landorus|Earthquake|p2a: Ferrothorn
|-crit|p2a: Ferrothorn
|-damage|p2a: Ferrothorn|57/100
|move|p2a: Ferrothorn|Power Whip|p1a: Landorus|[miss]
|-miss|p2a: Ferrothorn|p1a: Landorus
|
|-damage|p1a: Landorus|23/100 brn|[from] brn
|upkeep
|turn|23
|c|☆G4yL0rd|who do you play as
|
|t:|1641698878
|switch|p1a: Clefable|Clefable, M|100/100
|move|p2a: Ferrothorn|Gyro Ball|p1a: Clefable
|-supereffective|p1a: Clefable
|-damage|p1a: Clefable|55/100
|
|-heal|p1a: Clefable|61/100|[from] item: Leftovers
|upkeep
|turn|24
|inactive|G4yL0rd has 120 seconds left.
|
|t:|1641698925
|switch|p2a: Tyranitar|Tyranitar, F|100/100
|-damage|p2a: Tyranitar|88/100|[from] Stealth Rock
|-weather|Sandstorm|[from] ability: Sand Stream|[of] p2a: Tyranitar
|move|p1a: Clefable|Soft-Boiled|p1a: Clefable
|-heal|p1a: Clefable|100/100
|
|-weather|Sandstorm|[upkeep]
|upkeep
|turn|25
|inactive|G4yL0rd has 90 seconds left.
|
|t:|1641698955
|switch|p2a: Toxapex|Toxapex, F|39/100
|-damage|p2a: Toxapex|27/100|[from] Stealth Rock
|move|p1a: Clefable|Calm Mind|p1a: Clefable
|-boost|p1a: Clefable|spa|1
|-boost|p1a: Clefable|spd|1
|
|-weather|Sandstorm|[upkeep]
|-damage|p2a: Toxapex|21/100|[from] Sandstorm
|upkeep
|turn|26
|
|t:|1641698973
|move|p1a: Clefable|Moonblast|p2a: Toxapex
|-resisted|p2a: Toxapex
|-damage|p2a: Toxapex|1/100
|move|p2a: Toxapex|Recover|p2a: Toxapex
|-heal|p2a: Toxapex|52/100
|
|-weather|Sandstorm|[upkeep]
|-damage|p2a: Toxapex|46/100|[from] Sandstorm
|upkeep
|turn|27
|
|t:|1641698983
|switch|p1a: Latios|Latios, M|76/100
|-damage|p1a: Latios|64/100|[from] Stealth Rock
|move|p2a: Toxapex|Recover|p2a: Toxapex
|-heal|p2a: Toxapex|96/100
|
|-weather|Sandstorm|[upkeep]
|-damage|p1a: Latios|58/100|[from] Sandstorm
|-damage|p2a: Toxapex|90/100|[from] Sandstorm
|upkeep
|turn|28
|
|t:|1641698996
|switch|p2a: Clefable|Clefable, F|64/100
|move|p1a: Latios|Mystical Fire|p2a: Clefable
|-damage|p2a: Clefable|40/100
|-unboost|p2a: Clefable|spa|1
|
|-weather|none
|-heal|p2a: Clefable|46/100|[from] item: Leftovers
|upkeep
|turn|29
|
|t:|1641699005
|switch|p1a: Clefable|Clefable, M|100/100
|move|p2a: Clefable|Wish|p2a: Clefable
|
|-heal|p2a: Clefable|52/100|[from] item: Leftovers
|upkeep
|turn|30
|inactive|G4yL0rd has 90 seconds left.
|
|t:|1641699023
|switch|p2a: Corsola|Corsola-Galar, F|16/100
|-damage|p2a: Corsola|4/100|[from] Stealth Rock
|move|p1a: Clefable|Calm Mind|p1a: Clefable
|-boost|p1a: Clefable|spa|1
|-boost|p1a: Clefable|spd|1
|
|-heal|p2a: Corsola|65/100|[from] move: Wish|[wisher] Clefable
|upkeep
|turn|31
|
|t:|1641699032
|move|p1a: Clefable|Moonblast|p2a: Corsola
|-damage|p2a: Corsola|18/100
|move|p2a: Corsola|Will-O-Wisp|p1a: Clefable|[miss]
|-miss|p2a: Corsola|p1a: Clefable
|
|upkeep
|turn|32
|inactive|G4yL0rd has 90 seconds left.
|
|t:|1641699051
|switch|p2a: Toxapex|Toxapex, F|100/100
|-damage|p2a: Toxapex|88/100|[from] Stealth Rock
|move|p1a: Clefable|Moonblast|p2a: Toxapex
|-resisted|p2a: Toxapex
|-damage|p2a: Toxapex|70/100
|
|upkeep
|turn|33
|inactive|G4yL0rd has 90 seconds left.
|
|t:|1641699061
|switch|p1a: Latios|Latios, M|58/100
|-damage|p1a: Latios|45/100|[from] Stealth Rock
|move|p2a: Toxapex|Scald|p1a: Latios
|-resisted|p1a: Latios
|-damage|p1a: Latios|37/100
|
|upkeep
|turn|34
|
|t:|1641699070
|switch|p2a: Clefable|Clefable, F|52/100
|move|p1a: Latios|Psychic|p2a: Clefable
|-damage|p2a: Clefable|6/100
|
|-heal|p2a: Clefable|12/100|[from] item: Leftovers
|upkeep
|turn|35
|inactive|G4yL0rd has 90 seconds left.
|
|t:|1641699087
|move|p1a: Latios|Psychic|p2a: Clefable
|-damage|p2a: Clefable|0 fnt
|faint|p2a: Clefable
|
|upkeep
|inactive|G4yL0rd has 90 seconds left.
|
|t:|1641699094
|switch|p2a: Toxapex|Toxapex, F|100/100
|-damage|p2a: Toxapex|88/100|[from] Stealth Rock
|turn|36
|
|t:|1641699099
|move|p1a: Latios|Psychic|p2a: Toxapex
|-supereffective|p2a: Toxapex
|-damage|p2a: Toxapex|0 fnt
|faint|p2a: Toxapex
|
|upkeep
|
|t:|1641699106
|switch|p2a: Tyranitar|Tyranitar, F|88/100
|-damage|p2a: Tyranitar|76/100|[from] Stealth Rock
|-weather|Sandstorm|[from] ability: Sand Stream|[of] p2a: Tyranitar
|turn|37
|
|t:|1641699115
|-singleturn|p2a: Tyranitar|move: Focus Punch
|switch|p1a: Landorus|Landorus-Therian, M|23/100 brn
|-damage|p1a: Landorus|11/100 brn|[from] Stealth Rock
|-ability|p1a: Landorus|Intimidate|boost
|-unboost|p2a: Tyranitar|atk|1
|move|p2a: Tyranitar|Focus Punch|p1a: Landorus
|-resisted|p1a: Landorus
|-damage|p1a: Landorus|0 fnt
|faint|p1a: Landorus
|
|-weather|Sandstorm|[upkeep]
|upkeep
|inactive|lintlord has 120 seconds left.
|c|☆G4yL0rd|focus punch
|c|☆G4yL0rd|read like a book
|
|t:|1641699154
|switch|p1a: Pelipper|Pelipper, F|45/100
|-damage|p1a: Pelipper|20/100|[from] Stealth Rock
|-weather|RainDance|[from] ability: Drizzle|[of] p1a: Pelipper
|turn|38
|inactive|lintlord has 120 seconds left.
|inactive|lintlord has 90 seconds left.
|
|t:|1641699192
|move|p1a: Pelipper|Roost|p1a: Pelipper
|-heal|p1a: Pelipper|70/100
|-singleturn|p1a: Pelipper|move: Roost
|move|p2a: Tyranitar|Crunch|p1a: Pelipper
|-damage|p1a: Pelipper|47/100
|-unboost|p1a: Pelipper|def|1
|
|-weather|RainDance|[upkeep]
|upkeep
|turn|39
|inactive|lintlord has 90 seconds left.
|
|t:|1641699220
|move|p1a: Pelipper|Roost|p1a: Pelipper
|-heal|p1a: Pelipper|97/100
|-singleturn|p1a: Pelipper|move: Roost
|move|p2a: Tyranitar|Fire Punch|p1a: Pelipper
|-resisted|p1a: Pelipper
|-damage|p1a: Pelipper|92/100
|
|-weather|RainDance|[upkeep]
|upkeep
|turn|40
|inactive|lintlord has 60 seconds left.
|
|t:|1641699268
|switch|p1a: Clefable|Clefable, M|100/100
|switch|p2a: Ferrothorn|Ferrothorn, M|57/100
|-damage|p2a: Ferrothorn|50/100|[from] Stealth Rock
|
|-weather|RainDance|[upkeep]
|upkeep
|turn|41
|n|☆lintlord|lintlord
|
|t:|1641699277
|switch|p1a: Drednaw|Drednaw, F|45/100 brn
|-damage|p1a: Drednaw|33/100 brn|[from] Stealth Rock
|move|p2a: Ferrothorn|Protect||[still]
|-fail|p2a: Ferrothorn
|
|-weather|RainDance|[upkeep]
|-damage|p1a: Drednaw|27/100 brn|[from] brn
|upkeep
|turn|42
|
|t:|1641699288
|move|p2a: Ferrothorn|Protect|p2a: Ferrothorn
|-singleturn|p2a: Ferrothorn|Protect
|move|p1a: Drednaw|Superpower|p2a: Ferrothorn
|-activate|p2a: Ferrothorn|move: Protect
|
|-weather|RainDance|[upkeep]
|-damage|p1a: Drednaw|20/100 brn|[from] brn
|upkeep
|turn|43
|
|t:|1641699318
|switch|p2a: Tyranitar|Tyranitar, F|76/100
|-damage|p2a: Tyranitar|63/100|[from] Stealth Rock
|-weather|Sandstorm|[from] ability: Sand Stream|[of] p2a: Tyranitar
|move|p1a: Drednaw|Superpower|p2a: Tyranitar
|-supereffective|p2a: Tyranitar
|-enditem|p2a: Tyranitar|Chople Berry|[eat]
|-enditem|p2a: Tyranitar|Chople Berry|[weaken]
|-damage|p2a: Tyranitar|17/100
|-unboost|p1a: Drednaw|atk|1
|-unboost|p1a: Drednaw|def|1
|
|-weather|Sandstorm|[upkeep]
|-damage|p1a: Drednaw|14/100 brn|[from] brn
|upkeep
|turn|44
|inactive|lintlord has 30 seconds left.
|
|t:|1641699340
|switch|p2a: Excadrill|Excadrill, F|91/100
|-damage|p2a: Excadrill|88/100|[from] Stealth Rock
|move|p1a: Drednaw|Superpower|p2a: Excadrill
|-supereffective|p2a: Excadrill
|-damage|p2a: Excadrill|24/100
|-unboost|p1a: Drednaw|atk|1
|-unboost|p1a: Drednaw|def|1
|
|-weather|Sandstorm|[upkeep]
|-damage|p1a: Drednaw|8/100 brn|[from] brn
|upkeep
|turn|45
|inactive|lintlord has 30 seconds left.
|
|t:|1641699359
|move|p2a: Excadrill|Earthquake|p1a: Drednaw
|-supereffective|p1a: Drednaw
|-damage|p1a: Drednaw|0 fnt
|faint|p1a: Drednaw
|-damage|p2a: Excadrill|14/100|[from] item: Life Orb
|
|-weather|Sandstorm|[upkeep]
|upkeep
|inactive|lintlord has 30 seconds left this turn.
|inactive|lintlord has 20 seconds left.
|inactive|lintlord has 15 seconds left.
|inactive|lintlord has 10 seconds left.
|
|t:|1641699380
|switch|p1a: Pelipper|Pelipper, F|92/100
|-damage|p1a: Pelipper|67/100|[from] Stealth Rock
|-weather|RainDance|[from] ability: Drizzle|[of] p1a: Pelipper
|turn|46
|inactive|lintlord has 20 seconds left this turn.
|
|t:|1641699388
|switch|p2a: Tyranitar|Tyranitar, F|17/100
|-damage|p2a: Tyranitar|4/100|[from] Stealth Rock
|-weather|Sandstorm|[from] ability: Sand Stream|[of] p2a: Tyranitar
|move|p1a: Pelipper|Scald|p2a: Tyranitar
|-supereffective|p2a: Tyranitar
|-damage|p2a: Tyranitar|0 fnt
|faint|p2a: Tyranitar
|
|-weather|Sandstorm|[upkeep]
|-damage|p1a: Pelipper|61/100|[from] Sandstorm
|upkeep
|inactive|lintlord has 25 seconds left this turn.
|
|t:|1641699407
|switch|p2a: Ferrothorn|Ferrothorn, M|50/100
|-damage|p2a: Ferrothorn|44/100|[from] Stealth Rock
|turn|47
|inactive|lintlord has 30 seconds left.
|
|t:|1641699417
|move|p1a: Pelipper|U-turn|p2a: Ferrothorn
|-damage|p2a: Ferrothorn|39/100
|-damage|p1a: Pelipper|48/100|[from] ability: Iron Barbs|[of] p2a: Ferrothorn
|inactive|lintlord has 30 seconds left this turn.
|
|t:|1641699418
|switch|p1a: Latios|Latios, M|37/100|[from]move: U-turn
|-damage|p1a: Latios|25/100|[from] Stealth Rock
|move|p2a: Ferrothorn|Knock Off|p1a: Latios
|-supereffective|p1a: Latios
|-damage|p1a: Latios|0 fnt
|-enditem|p1a: Latios|Choice Specs|[from] move: Knock Off|[of] p2a: Ferrothorn
|faint|p1a: Latios
|
|-weather|Sandstorm|[upkeep]
|upkeep
|inactive|lintlord has 30 seconds left.
|
|t:|1641699431
|switch|p1a: Clefable|Clefable, M|100/100
|turn|48
|
|t:|1641699436
|move|p1a: Clefable|Calm Mind|p1a: Clefable
|-boost|p1a: Clefable|spa|1
|-boost|p1a: Clefable|spd|1
|move|p2a: Ferrothorn|Knock Off|p1a: Clefable
|-resisted|p1a: Clefable
|-crit|p1a: Clefable
|-damage|p1a: Clefable|88/100
|-enditem|p1a: Clefable|Leftovers|[from] move: Knock Off|[of] p2a: Ferrothorn
|
|-weather|Sandstorm|[upkeep]
|upkeep
|turn|49
|inactive|G4yL0rd has 120 seconds left.
|
|t:|1641699450
|move|p2a: Ferrothorn|Protect|p2a: Ferrothorn
|-singleturn|p2a: Ferrothorn|Protect
|move|p1a: Clefable|Wish|p1a: Clefable
|
|-weather|Sandstorm|[upkeep]
|upkeep
|turn|50
|
|t:|1641699458
|switch|p2a: Corsola|Corsola-Galar, F|18/100
|-damage|p2a: Corsola|5/100|[from] Stealth Rock
|move|p1a: Clefable|Calm Mind|p1a: Clefable
|-boost|p1a: Clefable|spa|1
|-boost|p1a: Clefable|spd|1
|
|-weather|none
|-heal|p1a: Clefable|100/100|[from] move: Wish|[wisher] Clefable
|upkeep
|turn|51
|
|t:|1641699477
|move|p1a: Clefable|Moonblast|p2a: Corsola
|-damage|p2a: Corsola|0 fnt
|-start|p1a: Clefable|Disable|Moonblast|[from] ability: Cursed Body|[of] p2a: Corsola
|faint|p2a: Corsola
|
|upkeep
|
|t:|1641699487
|switch|p2a: Excadrill|Excadrill, F|14/100
|-damage|p2a: Excadrill|11/100|[from] Stealth Rock
|turn|52
|inactive|lintlord has 30 seconds left.
|inactive|lintlord has 20 seconds left.
|inactive|lintlord has 15 seconds left.
|inactive|lintlord has 10 seconds left.
|inactive|lintlord has 5 seconds left.
|-message|lintlord lost due to inactivity.
|
|win|G4yL0rd
|raw|lintlord's rating: 1100 &rarr; <strong>1077</strong><br />(-23 for losing)
|raw|G4yL0rd's rating: 1131 &rarr; <strong>1154</strong><br />(+23 for winning)
|c|☆lintlord|woops
