|j|☆chinmaydagod
|j|☆Palavaem
|t:|1641743659
|gametype|singles
|player|p1|chinmaydagod|170|1501
|player|p2|Palavaem|170|1549
|teamsize|p1|6
|teamsize|p2|6
|gen|8
|tier|[Gen 8] OU
|rated|
|rule|Sleep Clause Mod: Limit one foe put to sleep
|rule|Species Clause: Limit one of each Pokémon
|rule|OHKO Clause: OHKO moves are banned
|rule|Evasion Moves Clause: Evasion moves are banned
|rule|Endless Battle Clause: Forcing endless battles is banned
|rule|HP Percentage Mod: HP is shown in percentages
|rule|Dynamax Clause: You cannot dynamax
|clearpoke
|poke|p1|Kommo-o, F|
|poke|p1|Volcarona, F|
|poke|p1|Dragapult, M|
|poke|p1|Zapdos|
|poke|p1|Melmetal|
|poke|p1|Landorus-Therian, M|
|poke|p2|Dragapult, M|
|poke|p2|Zeraora|
|poke|p2|Kartana|
|poke|p2|Tapu Lele|
|poke|p2|Scizor, M|
|poke|p2|Lycanroc-Dusk, F|
|teampreview
|
|t:|1641743672
|start
|switch|p1a: Kommo-o|Kommo-o, F|100/100
|switch|p2a: Lycanroc|Lycanroc-Dusk, F|100/100
|turn|1
|
|t:|1641743683
|move|p2a: Lycanroc|Taunt|p1a: Kommo-o
|-start|p1a: Kommo-o|move: Taunt
|cant|p1a: Kommo-o|move: Taunt|Substitute
|
|upkeep
|turn|2
|
|t:|1641743686
|move|p2a: Lycanroc|Stealth Rock|p1a: Kommo-o
|-sidestart|p1: chinmaydagod|move: Stealth Rock
|move|p1a: Kommo-o|Drain Punch|p2a: Lycanroc
|-supereffective|p2a: Lycanroc
|-enditem|p2a: Lycanroc|Focus Sash
|-damage|p2a: Lycanroc|1/100
|
|upkeep
|turn|3
|
|t:|1641743691
|switch|p1a: Dragapult|Dragapult, M|100/100
|-damage|p1a: Dragapult|88/100|[from] Stealth Rock
|move|p2a: Lycanroc|Endeavor|p1a: Dragapult
|-immune|p1a: Dragapult
|
|upkeep
|turn|4
|
|t:|1641743705
|switch|p2a: Scizor|Scizor, M|100/100
|move|p1a: Dragapult|U-turn|p2a: Scizor
|-resisted|p2a: Scizor
|-damage|p2a: Scizor|94/100
|
|t:|1641743709
|switch|p1a: Volcarona|Volcarona, F|100/100|[from]move: U-turn
|
|-heal|p2a: Scizor|99/100|[from] item: Leftovers
|upkeep
|turn|5
|
|t:|1641743717
|switch|p2a: Dragapult|Dragapult, M|100/100
|move|p1a: Volcarona|Flamethrower|p2a: Dragapult
|-resisted|p2a: Dragapult
|-damage|p2a: Dragapult|72/100
|
|upkeep
|turn|6
|
|t:|1641743724
|switch|p1a: Melmetal|Melmetal|100/100
|-damage|p1a: Melmetal|94/100|[from] Stealth Rock
|move|p2a: Dragapult|Shadow Ball|p1a: Melmetal
|-damage|p1a: Melmetal|73/100
|-damage|p2a: Dragapult|62/100|[from] item: Life Orb
|
|upkeep
|turn|7
|
|t:|1641743737
|switch|p2a: Scizor|Scizor, M|99/100
|move|p1a: Melmetal|Earthquake|p2a: Scizor
|-crit|p2a: Scizor
|-damage|p2a: Scizor|65/100
|
|-heal|p2a: Scizor|71/100|[from] item: Leftovers
|upkeep
|turn|8
|
|t:|1641743747
|switch|p1a: Landorus|Landorus-Therian, M|100/100
|-damage|p1a: Landorus|88/100|[from] Stealth Rock
|-ability|p1a: Landorus|Intimidate|boost
|-unboost|p2a: Scizor|atk|1
|move|p2a: Scizor|Knock Off|p1a: Landorus
|-damage|p1a: Landorus|75/100
|-enditem|p1a: Landorus|Leftovers|[from] move: Knock Off|[of] p2a: Scizor
|
|-heal|p2a: Scizor|77/100|[from] item: Leftovers
|upkeep
|turn|9
|
|t:|1641743758
|move|p1a: Landorus|U-turn|p2a: Scizor
|-resisted|p2a: Scizor
|-damage|p2a: Scizor|69/100
|
|t:|1641743762
|switch|p1a: Zapdos|Zapdos|100/100|[from]move: U-turn
|move|p2a: Scizor|Swords Dance|p2a: Scizor
|-boost|p2a: Scizor|atk|2
|
|-heal|p2a: Scizor|75/100|[from] item: Leftovers
|upkeep
|turn|10
|
|t:|1641743774
|switch|p2a: Zeraora|Zeraora|100/100
|move|p1a: Zapdos|Hurricane|p2a: Zeraora|[miss]
|-miss|p1a: Zapdos|p2a: Zeraora
|
|upkeep
|turn|11
|
|t:|1641743789
|move|p2a: Zeraora|Knock Off|p1a: Zapdos
|-damage|p1a: Zapdos|78/100
|-enditem|p1a: Zapdos|Heavy-Duty Boots|[from] move: Knock Off|[of] p2a: Zeraora
|move|p1a: Zapdos|Defog|p2a: Zeraora
|-unboost|p2a: Zeraora|evasion|1
|-sideend|p1: chinmaydagod|Stealth Rock|[from] move: Defog|[of] p1a: Zapdos
|
|upkeep
|turn|12
|
|t:|1641743803
|move|p2a: Zeraora|Knock Off|p1a: Zapdos
|-damage|p1a: Zapdos|63/100
|move|p1a: Zapdos|Hurricane|p2a: Zeraora|[miss]
|-miss|p1a: Zapdos|p2a: Zeraora
|
|upkeep
|turn|13
|
|t:|1641743811
|move|p2a: Zeraora|Plasma Fists|p1a: Zapdos
|-damage|p1a: Zapdos|33/100
|-fieldactivate|move: Ion Deluge
|-hint|Normal-type moves become Electric-type after using Plasma Fists.
|move|p1a: Zapdos|Hurricane|p2a: Zeraora
|-resisted|p2a: Zeraora
|-damage|p2a: Zeraora|69/100
|
|-heal|p2a: Zeraora|75/100|[from] item: Leftovers
|upkeep
|turn|14
|
|t:|1641743823
|move|p2a: Zeraora|Bulk Up|p2a: Zeraora
|-boost|p2a: Zeraora|atk|1
|-boost|p2a: Zeraora|def|1
|move|p1a: Zapdos|Roost|p1a: Zapdos
|-heal|p1a: Zapdos|83/100
|-singleturn|p1a: Zapdos|move: Roost
|
|-heal|p2a: Zeraora|81/100|[from] item: Leftovers
|upkeep
|turn|15
|
|t:|1641743836
|switch|p1a: Landorus|Landorus-Therian, M|75/100
|-ability|p1a: Landorus|Intimidate|boost
|-unboost|p2a: Zeraora|atk|1
|move|p2a: Zeraora|Bulk Up|p2a: Zeraora
|-boost|p2a: Zeraora|atk|1
|-boost|p2a: Zeraora|def|1
|
|-heal|p2a: Zeraora|87/100|[from] item: Leftovers
|upkeep
|turn|16
|
|t:|1641743844
|switch|p2a: Scizor|Scizor, M|75/100
|move|p1a: Landorus|Earthquake|p2a: Scizor
|-damage|p2a: Scizor|39/100
|
|-heal|p2a: Scizor|46/100|[from] item: Leftovers
|upkeep
|turn|17
|
|t:|1641743849
|move|p1a: Landorus|U-turn|p2a: Scizor
|-resisted|p2a: Scizor
|-damage|p2a: Scizor|38/100
|
|t:|1641743853
|switch|p1a: Volcarona|Volcarona, F|100/100|[from]move: U-turn
|move|p2a: Scizor|Roost|p2a: Scizor
|-heal|p2a: Scizor|88/100
|-singleturn|p2a: Scizor|move: Roost
|
|-heal|p2a: Scizor|94/100|[from] item: Leftovers
|upkeep
|turn|18
|
|t:|1641743862
|switch|p2a: Dragapult|Dragapult, M|62/100
|move|p1a: Volcarona|Flamethrower|p2a: Dragapult
|-resisted|p2a: Dragapult
|-damage|p2a: Dragapult|34/100
|
|upkeep
|turn|19
|
|t:|1641743869
|switch|p1a: Melmetal|Melmetal|73/100
|move|p2a: Dragapult|Shadow Ball|p1a: Melmetal
|-damage|p1a: Melmetal|49/100
|-damage|p2a: Dragapult|24/100|[from] item: Life Orb
|
|upkeep
|turn|20
|
|t:|1641743876
|move|p2a: Dragapult|Flamethrower|p1a: Melmetal
|-supereffective|p1a: Melmetal
|-damage|p1a: Melmetal|14/100
|-damage|p2a: Dragapult|14/100|[from] item: Life Orb
|move|p1a: Melmetal|Earthquake|p2a: Dragapult
|-damage|p2a: Dragapult|0 fnt
|faint|p2a: Dragapult
|
|upkeep
|
|t:|1641743899
|switch|p2a: Zeraora|Zeraora|87/100
|turn|21
|
|t:|1641743912
|move|p2a: Zeraora|Knock Off|p1a: Melmetal
|-damage|p1a: Melmetal|0 fnt
|-enditem|p1a: Melmetal|Assault Vest|[from] move: Knock Off|[of] p2a: Zeraora
|faint|p1a: Melmetal
|
|-heal|p2a: Zeraora|93/100|[from] item: Leftovers
|upkeep
|
|t:|1641743915
|switch|p1a: Kommo-o|Kommo-o, F|100/100
|turn|22
|
|t:|1641743926
|switch|p2a: Scizor|Scizor, M|94/100
|move|p1a: Kommo-o|Belly Drum|p1a: Kommo-o
|-damage|p1a: Kommo-o|50/100
|-setboost|p1a: Kommo-o|atk|6|[from] move: Belly Drum
|
|-heal|p2a: Scizor|99/100|[from] item: Leftovers
|upkeep
|turn|23
|
|t:|1641743936
|move|p1a: Kommo-o|Substitute|p1a: Kommo-o
|-start|p1a: Kommo-o|Substitute
|-damage|p1a: Kommo-o|25/100
|-enditem|p1a: Kommo-o|Salac Berry|[eat]
|-boost|p1a: Kommo-o|spe|1|[from] item: Salac Berry
|move|p2a: Scizor|Knock Off|p1a: Kommo-o
|-resisted|p1a: Kommo-o
|-activate|p1a: Kommo-o|move: Substitute|[damage]
|
|-heal|p2a: Scizor|100/100|[from] item: Leftovers
|upkeep
|turn|24
|c|☆chinmaydagod|gg
|c|☆Palavaem|gg
|
|t:|1641743958
|move|p1a: Kommo-o|Drain Punch|p2a: Scizor
|-damage|p2a: Scizor|16/100
|-heal|p1a: Kommo-o|70/100|[from] drain|[of] p2a: Scizor
|move|p2a: Scizor|Knock Off|p1a: Kommo-o
|-resisted|p1a: Kommo-o
|-activate|p1a: Kommo-o|move: Substitute|[damage]
|
|-heal|p2a: Scizor|23/100|[from] item: Leftovers
|upkeep
|turn|25
|inactive|Battle timer is ON: inactive players will automatically lose when time's up. (requested by chinmaydagod)
|
|t:|1641743966
|move|p2a: Scizor|Bullet Punch|p1a: Kommo-o
|-end|p1a: Kommo-o|Substitute
|move|p1a: Kommo-o|Drain Punch|p2a: Scizor
|-crit|p2a: Scizor
|-damage|p2a: Scizor|0 fnt
|-heal|p1a: Kommo-o|82/100|[from] drain|[of] p2a: Scizor
|faint|p2a: Scizor
|
|upkeep
|
|t:|1641743972
|switch|p2a: Tapu Lele|Tapu Lele|100/100
|-fieldstart|move: Psychic Terrain|[from] ability: Psychic Surge|[of] p2a: Tapu Lele
|turn|26
|
|t:|1641743980
|move|p2a: Tapu Lele|Moonblast|p1a: Kommo-o
|-supereffective|p1a: Kommo-o
|-damage|p1a: Kommo-o|0 fnt
|faint|p1a: Kommo-o
|
|upkeep
|
|t:|1641743985
|switch|p1a: Volcarona|Volcarona, F|100/100
|turn|27
|
|t:|1641743992
|switch|p2a: Zeraora|Zeraora|93/100
|move|p1a: Volcarona|Flamethrower|p2a: Zeraora
|-damage|p2a: Zeraora|45/100
|
|-heal|p2a: Zeraora|51/100|[from] item: Leftovers
|upkeep
|turn|28
|
|t:|1641744001
|switch|p1a: Landorus|Landorus-Therian, M|75/100
|-ability|p1a: Landorus|Intimidate|boost
|-unboost|p2a: Zeraora|atk|1
|move|p2a: Zeraora|Plasma Fists|p1a: Landorus
|-immune|p1a: Landorus
|
|-heal|p2a: Zeraora|57/100|[from] item: Leftovers
|upkeep
|turn|29
|
|t:|1641744008
|switch|p2a: Tapu Lele|Tapu Lele|100/100
|move|p1a: Landorus|Stealth Rock|p2a: Tapu Lele
|-sidestart|p2: Palavaem|move: Stealth Rock
|
|upkeep
|turn|30
|
|t:|1641744016
|move|p2a: Tapu Lele|Psychic|p1a: Landorus
|-damage|p1a: Landorus|4/100
|move|p1a: Landorus|U-turn|p2a: Tapu Lele
|-damage|p2a: Tapu Lele|63/100
|
|t:|1641744026
|switch|p1a: Zapdos|Zapdos|83/100|[from]move: U-turn
|
|-fieldend|move: Psychic Terrain
|upkeep
|turn|31
|
|t:|1641744036
|move|p2a: Tapu Lele|Psychic|p1a: Zapdos
|-damage|p1a: Zapdos|41/100
|move|p1a: Zapdos|Hurricane|p2a: Tapu Lele
|-damage|p2a: Tapu Lele|13/100
|
|upkeep
|turn|32
|
|t:|1641744042
|move|p2a: Tapu Lele|Psychic|p1a: Zapdos
|-damage|p1a: Zapdos|0 fnt
|faint|p1a: Zapdos
|
|upkeep
|
|t:|1641744045
|switch|p1a: Volcarona|Volcarona, F|100/100
|turn|33
|
|t:|1641744051
|move|p2a: Tapu Lele|Psychic|p1a: Volcarona
|-damage|p1a: Volcarona|55/100
|move|p1a: Volcarona|Quiver Dance|p1a: Volcarona
|-boost|p1a: Volcarona|spa|1
|-boost|p1a: Volcarona|spd|1
|-boost|p1a: Volcarona|spe|1
|
|upkeep
|turn|34
|
|t:|1641744058
|move|p2a: Tapu Lele|Psychic|p1a: Volcarona
|-damage|p1a: Volcarona|27/100
|-unboost|p1a: Volcarona|spd|1
|move|p1a: Volcarona|Quiver Dance|p1a: Volcarona
|-boost|p1a: Volcarona|spa|1
|-boost|p1a: Volcarona|spd|1
|-boost|p1a: Volcarona|spe|1
|
|upkeep
|turn|35
|
|t:|1641744071
|switch|p2a: Zeraora|Zeraora|57/100
|-damage|p2a: Zeraora|45/100|[from] Stealth Rock
|move|p1a: Volcarona|Flamethrower|p2a: Zeraora
|-damage|p2a: Zeraora|0 fnt
|faint|p2a: Zeraora
|
|upkeep
|c|☆chinmaydagod|gg
|c|☆Palavaem|gg
|
|t:|1641744086
|switch|p2a: Kartana|Kartana|100/100
|-damage|p2a: Kartana|94/100|[from] Stealth Rock
|turn|36
|
|t:|1641744090
|move|p1a: Volcarona|Flamethrower|p2a: Kartana
|-supereffective|p2a: Kartana
|-damage|p2a: Kartana|0 fnt
|faint|p2a: Kartana
|
|upkeep
|
|t:|1641744094
|switch|p2a: Tapu Lele|Tapu Lele|13/100
|-damage|p2a: Tapu Lele|0 fnt|[from] Stealth Rock
|faint|p2a: Tapu Lele
|
|t:|1641744098
|switch|p2a: Lycanroc|Lycanroc-Dusk, F|1/100
|-damage|p2a: Lycanroc|0 fnt|[from] Stealth Rock
|faint|p2a: Lycanroc
|
|win|chinmaydagod
|raw|chinmaydagod's rating: 1501 &rarr; <strong>1524</strong><br />(+23 for winning)
|raw|Palavaem's rating: 1549 &rarr; <strong>1526</strong><br />(-23 for losing)
