|j|☆SJBLHX
|j|☆Beedrill<3Davis
|t:|1641716463
|gametype|singles
|player|p1|SJBLHX|dawn-gen4pt|1075
|player|p2|Beedrill<3Davis|169|1091
|teamsize|p1|6
|teamsize|p2|6
|gen|8
|tier|[Gen 8] OU
|rated|
|rule|Sleep Clause Mod: Limit one foe put to sleep
|rule|Species Clause: Limit one of each Pokémon
|rule|OHKO Clause: OHKO moves are banned
|rule|Evasion Moves Clause: Evasion moves are banned
|rule|Endless Battle Clause: Forcing endless battles is banned
|rule|HP Percentage Mod: HP is shown in percentages
|rule|Dynamax Clause: You cannot dynamax
|clearpoke
|poke|p1|Pelipper, F|
|poke|p1|Ferrothorn, F|
|poke|p1|Swampert, F|
|poke|p1|Flareon, F|
|poke|p1|Rotom-Wash|
|poke|p1|Urshifu-*, F|
|poke|p2|Victini|
|poke|p2|Mesprit|
|poke|p2|Weezing-Galar, F|
|poke|p2|Gardevoir, M|
|poke|p2|Landorus-Therian, M|
|poke|p2|Blacephalon|
|teampreview
|
|t:|1641716473
|start
|switch|p1a: Swampert|Swampert, F|100/100
|switch|p2a: Victini|Victini|100/100
|turn|1
|
|t:|1641716479
|move|p2a: Victini|Final Gambit|p1a: Swampert
|-damage|p1a: Swampert|0 fnt
|faint|p2a: Victini
|faint|p1a: Swampert
|
|upkeep
|
|t:|1641716486
|switch|p2a: Mesprit|Mesprit|100/100
|switch|p1a: Urshifu|Urshifu-Rapid-Strike, F|100/100
|turn|2
|
|t:|1641716496
|move|p1a: Urshifu|Aqua Jet|p2a: Mesprit
|-damage|p2a: Mesprit|79/100
|move|p2a: Mesprit|Copycat|p2a: Mesprit
|move|p2a: Mesprit|Aqua Jet|p1a: Urshifu|[from]move: Copycat
|-resisted|p1a: Urshifu
|-crit|p1a: Urshifu
|-damage|p1a: Urshifu|93/100
|
|upkeep
|turn|3
|
|t:|1641716507
|switch|p2a: Weezing|Weezing-Galar, F|100/100
|-fieldstart|move: Misty Terrain|[from] ability: Misty Surge|[of] p2a: Weezing
|move|p1a: Urshifu|Close Combat|p2a: Weezing
|-resisted|p2a: Weezing
|-damage|p2a: Weezing|83/100
|-unboost|p1a: Urshifu|def|1
|-unboost|p1a: Urshifu|spd|1
|
|upkeep
|turn|4
|
|t:|1641716520
|switch|p1a: Ferrothorn|Ferrothorn, F|100/100
|move|p2a: Weezing|Misty Explosion|p1a: Ferrothorn
|-resisted|p1a: Ferrothorn
|-damage|p1a: Ferrothorn|64/100
|faint|p2a: Weezing
|
|-heal|p1a: Ferrothorn|70/100|[from] item: Leftovers
|upkeep
|
|t:|1641716529
|switch|p2a: Blacephalon|Blacephalon|100/100
|turn|5
|
|t:|1641716534
|switch|p1a: Pelipper|Pelipper, F|100/100
|-weather|RainDance|[from] ability: Drizzle|[of] p1a: Pelipper
|move|p2a: Blacephalon|Flamethrower|p1a: Pelipper
|-resisted|p1a: Pelipper
|-damage|p1a: Pelipper|80/100
|
|-weather|RainDance|[upkeep]
|upkeep
|turn|6
|
|t:|1641716543
|switch|p2a: Gardevoir|Gardevoir, M|100/100
|-ability|p2a: Gardevoir|Drizzle|[from] ability: Trace|[of] p1a: Pelipper
|move|p1a: Pelipper|Hydro Pump|p2a: Gardevoir
|-damage|p2a: Gardevoir|25/100
|
|-weather|RainDance|[upkeep]
|upkeep
|turn|7
|
|t:|1641716551
|move|p2a: Gardevoir|Misty Explosion|p1a: Pelipper
|-damage|p1a: Pelipper|0 fnt
|faint|p2a: Gardevoir
|faint|p1a: Pelipper
|
|-weather|RainDance|[upkeep]
|-fieldend|Misty Terrain
|upkeep
|
|t:|1641716563
|switch|p2a: Mesprit|Mesprit|79/100
|switch|p1a: Rotom|Rotom-Wash|100/100
|turn|8
|
|t:|1641716569
|move|p2a: Mesprit|Copycat|p2a: Mesprit
|move|p2a: Mesprit|Misty Explosion|p1a: Rotom|[from]move: Copycat
|-damage|p1a: Rotom|76/100
|faint|p2a: Mesprit
|move|p1a: Rotom|Thunder|p2: Mesprit|[notarget]
|-fail|p1a: Rotom
|
|-weather|RainDance|[upkeep]
|upkeep
|
|t:|1641716578
|switch|p2a: Landorus|Landorus-Therian, M|100/100
|-ability|p2a: Landorus|Intimidate|boost
|-unboost|p1a: Rotom|atk|1
|turn|9
|
|t:|1641716583
|switch|p1a: Ferrothorn|Ferrothorn, F|70/100
|move|p2a: Landorus|Explosion|p1a: Ferrothorn
|-resisted|p1a: Ferrothorn
|-damage|p1a: Ferrothorn|38/100
|faint|p2a: Landorus
|
|-weather|none
|-heal|p1a: Ferrothorn|44/100|[from] item: Leftovers
|upkeep
|
|t:|1641716591
|switch|p2a: Blacephalon|Blacephalon|100/100
|turn|10
|
|t:|1641716595
|switch|p1a: Flareon|Flareon, F|100/100
|move|p2a: Blacephalon|Shadow Ball|p1a: Flareon
|-damage|p1a: Flareon|71/100
|
|-heal|p1a: Flareon|77/100|[from] item: Leftovers
|upkeep
|turn|11
|
|t:|1641716602
|move|p2a: Blacephalon|Shadow Ball|p1a: Flareon
|-damage|p1a: Flareon|47/100
|-unboost|p1a: Flareon|spd|1
|move|p1a: Flareon|Toxic|p2a: Blacephalon
|-status|p2a: Blacephalon|tox
|
|-heal|p1a: Flareon|53/100|[from] item: Leftovers
|-damage|p2a: Blacephalon|94/100 tox|[from] psn
|upkeep
|turn|12
|
|t:|1641716612
|move|p1a: Flareon|Protect|p1a: Flareon
|-singleturn|p1a: Flareon|Protect
|move|p2a: Blacephalon|Shadow Ball|p1a: Flareon
|-activate|p1a: Flareon|move: Protect
|
|-heal|p1a: Flareon|59/100|[from] item: Leftovers
|-damage|p2a: Blacephalon|82/100 tox|[from] psn
|upkeep
|turn|13
|
|t:|1641716620
|move|p2a: Blacephalon|Shadow Ball|p1a: Flareon
|-damage|p1a: Flareon|13/100
|move|p1a: Flareon|Wish|p1a: Flareon
|
|-heal|p1a: Flareon|19/100|[from] item: Leftovers
|-damage|p2a: Blacephalon|64/100 tox|[from] psn
|upkeep
|turn|14
|
|t:|1641716628
|move|p1a: Flareon|Protect|p1a: Flareon
|-singleturn|p1a: Flareon|Protect
|move|p2a: Blacephalon|Shadow Ball|p1a: Flareon
|-activate|p1a: Flareon|move: Protect
|
|-heal|p1a: Flareon|69/100|[from] move: Wish|[wisher] Flareon
|-heal|p1a: Flareon|75/100|[from] item: Leftovers
|-damage|p2a: Blacephalon|40/100 tox|[from] psn
|upkeep
|turn|15
|-message|Beedrill<3Davis forfeited.
|
|win|SJBLHX
|raw|SJBLHX's rating: 1075 &rarr; <strong>1105</strong><br />(+30 for winning)
|raw|Beedrill&lt;3Davis's rating: 1091 &rarr; <strong>1066</strong><br />(-25 for losing)
|l|☆Beedrill<3Davis
