|j|☆Envied
|j|☆Hoo-bah-stank
|t:|1641710656
|gametype|singles
|player|p1|Envied|102|1650
|player|p2|Hoo-bah-stank|byron|1645
|teamsize|p1|6
|teamsize|p2|6
|gen|8
|tier|[Gen 8] OU
|rated|
|rule|Sleep Clause Mod: Limit one foe put to sleep
|rule|Species Clause: Limit one of each Pokémon
|rule|OHKO Clause: OHKO moves are banned
|rule|Evasion Moves Clause: Evasion moves are banned
|rule|Endless Battle Clause: Forcing endless battles is banned
|rule|HP Percentage Mod: HP is shown in percentages
|rule|Dynamax Clause: You cannot dynamax
|clearpoke
|poke|p1|Clefable, M|
|poke|p1|Hippowdon, F|
|poke|p1|Slowbro, F|
|poke|p1|Melmetal|
|poke|p1|Crawdaunt, F|
|poke|p1|Corviknight, F|
|poke|p2|Melmetal|
|poke|p2|Suicune|
|poke|p2|Rillaboom, M|
|poke|p2|Landorus-Therian, M|
|poke|p2|Clefable, F|
|poke|p2|Buzzwole|
|teampreview
|j| Blareglare
|
|t:|1641710666
|start
|switch|p1a: Melmetal|Melmetal|100/100
|switch|p2a: The Boom King|Rillaboom, M, shiny|100/100
|-fieldstart|move: Grassy Terrain|[from] ability: Grassy Surge|[of] p2a: The Boom King
|turn|1
|
|t:|1641710676
|switch|p2a: Buzzwole|Buzzwole|100/100
|move|p1a: Melmetal|Superpower|p2a: Buzzwole
|-resisted|p2a: Buzzwole
|-damage|p2a: Buzzwole|78/100
|-unboost|p1a: Melmetal|atk|1
|-unboost|p1a: Melmetal|def|1
|
|-heal|p2a: Buzzwole|85/100|[from] Grassy Terrain
|-heal|p2a: Buzzwole|91/100|[from] item: Leftovers
|upkeep
|turn|2
|
|t:|1641710686
|switch|p2a: Suicune|Suicune|100/100
|-ability|p2a: Suicune|Pressure
|switch|p1a: Corviknight|Corviknight, F|100/100
|-ability|p1a: Corviknight|Pressure
|
|upkeep
|turn|3
|
|t:|1641710693
|move|p2a: Suicune|Substitute|p2a: Suicune
|-start|p2a: Suicune|Substitute
|-damage|p2a: Suicune|75/100
|move|p1a: Corviknight|U-turn|p2a: Suicune
|-activate|p2a: Suicune|move: Substitute|[damage]
|
|t:|1641710704
|switch|p1a: Slowbro|Slowbro, F|100/100|[from]move: U-turn
|
|-heal|p2a: Suicune|82/100|[from] Grassy Terrain
|-heal|p2a: Suicune|88/100|[from] item: Leftovers
|upkeep
|turn|4
|
|t:|1641710710
|move|p2a: Suicune|Calm Mind|p2a: Suicune
|-boost|p2a: Suicune|spa|1
|-boost|p2a: Suicune|spd|1
|move|p1a: Slowbro|Trick Room|p1a: Slowbro
|-fieldstart|move: Trick Room|[of] p1a: Slowbro
|
|-heal|p2a: Suicune|94/100|[from] Grassy Terrain
|-heal|p2a: Suicune|99/100|[from] item: Leftovers
|upkeep
|turn|5
|j| Marquesa-10%
|l| Marquesa-10%
|
|t:|1641710723
|move|p2a: Suicune|Calm Mind|p2a: Suicune
|-boost|p2a: Suicune|spa|1
|-boost|p2a: Suicune|spd|1
|move|p1a: Slowbro|Teleport|p1a: Slowbro
|
|t:|1641710726
|switch|p1a: Melmetal|Melmetal|100/100|[from]move: Teleport
|
|-heal|p2a: Suicune|100/100|[from] Grassy Terrain
|-fieldend|move: Grassy Terrain
|upkeep
|turn|6
|
|t:|1641710734
|move|p2a: Suicune|Protect|p2a: Suicune
|-singleturn|p2a: Suicune|Protect
|move|p1a: Melmetal|Double Iron Bash|p2a: Suicune
|-activate|p2a: Suicune|move: Protect
|
|upkeep
|turn|7
|
|t:|1641710740
|move|p1a: Melmetal|Double Iron Bash|p2a: Suicune
|-resisted|p2a: Suicune
|-end|p2a: Suicune|Substitute
|-resisted|p2a: Suicune
|-damage|p2a: Suicune|74/100
|-hitcount|p2a: Suicune|2
|move|p2a: Suicune|Scald|p1a: Melmetal
|-damage|p1a: Melmetal|46/100
|
|-heal|p2a: Suicune|80/100|[from] item: Leftovers
|upkeep
|turn|8
|
|t:|1641710752
|switch|p1a: Crawdaunt|Crawdaunt, F|100/100
|move|p2a: Suicune|Protect||[still]
|-fail|p2a: Suicune
|
|-heal|p2a: Suicune|86/100|[from] item: Leftovers
|-fieldend|move: Trick Room
|upkeep
|turn|9
|
|t:|1641710770
|switch|p2a: The Boom King|Rillaboom, M, shiny|100/100
|-fieldstart|move: Grassy Terrain|[from] ability: Grassy Surge|[of] p2a: The Boom King
|move|p1a: Crawdaunt|Knock Off|p2a: The Boom King
|-damage|p2a: The Boom King|0 fnt
|-enditem|p2a: The Boom King|Choice Band|[from] move: Knock Off|[of] p1a: Crawdaunt
|faint|p2a: The Boom King
|
|upkeep
|
|t:|1641710786
|switch|p2a: Buzzwole|Buzzwole|91/100
|turn|10
|
|t:|1641710790
|switch|p1a: Corviknight|Corviknight, F|100/100
|-ability|p1a: Corviknight|Pressure
|move|p2a: Buzzwole|Toxic|p1a: Corviknight
|-immune|p1a: Corviknight
|
|-heal|p2a: Buzzwole|97/100|[from] Grassy Terrain
|-heal|p2a: Buzzwole|100/100|[from] item: Leftovers
|upkeep
|turn|11
|
|t:|1641710801
|switch|p2a: Suicune|Suicune|86/100
|-ability|p2a: Suicune|Pressure
|move|p1a: Corviknight|U-turn|p2a: Suicune
|-damage|p2a: Suicune|76/100
|
|t:|1641710805
|switch|p1a: Crawdaunt|Crawdaunt, F|100/100|[from]move: U-turn
|
|-heal|p2a: Suicune|82/100|[from] Grassy Terrain
|-heal|p2a: Suicune|88/100|[from] item: Leftovers
|upkeep
|turn|12
|
|t:|1641710811
|move|p2a: Suicune|Protect|p2a: Suicune
|-singleturn|p2a: Suicune|Protect
|move|p1a: Crawdaunt|Crabhammer|p2a: Suicune
|-activate|p2a: Suicune|move: Protect
|
|-heal|p2a: Suicune|94/100|[from] Grassy Terrain
|-heal|p2a: Suicune|100/100|[from] item: Leftovers
|upkeep
|turn|13
|
|t:|1641710826
|move|p2a: Suicune|Substitute|p2a: Suicune
|-start|p2a: Suicune|Substitute
|-damage|p2a: Suicune|75/100
|move|p1a: Crawdaunt|Crabhammer|p2a: Suicune
|-resisted|p2a: Suicune
|-end|p2a: Suicune|Substitute
|
|-heal|p2a: Suicune|82/100|[from] Grassy Terrain
|-heal|p2a: Suicune|88/100|[from] item: Leftovers
|-fieldend|move: Grassy Terrain
|upkeep
|turn|14
|l| Blareglare
|j| dyukgjkl
|
|t:|1641710871
|switch|p1a: Slowbro|Slowbro, F|100/100
|move|p2a: Suicune|Scald|p1a: Slowbro
|-resisted|p1a: Slowbro
|-damage|p1a: Slowbro|88/100
|
|-heal|p2a: Suicune|94/100|[from] item: Leftovers
|upkeep
|turn|15
|
|t:|1641710878
|move|p2a: Suicune|Substitute|p2a: Suicune
|-start|p2a: Suicune|Substitute
|-damage|p2a: Suicune|69/100
|move|p1a: Slowbro|Trick Room|p1a: Slowbro
|-fieldstart|move: Trick Room|[of] p1a: Slowbro
|
|-heal|p2a: Suicune|75/100|[from] item: Leftovers
|upkeep
|turn|16
|j| Blareglare
|l| dyukgjkl
|
|t:|1641710907
|move|p2a: Suicune|Calm Mind|p2a: Suicune
|-boost|p2a: Suicune|spa|1
|-boost|p2a: Suicune|spd|1
|move|p1a: Slowbro|Teleport|p1a: Slowbro
|j| Fourthstar
|
|t:|1641710918
|switch|p1a: Crawdaunt|Crawdaunt, F|100/100|[from]move: Teleport
|
|-heal|p2a: Suicune|81/100|[from] item: Leftovers
|upkeep
|turn|17
|
|t:|1641710925
|move|p2a: Suicune|Protect|p2a: Suicune
|-singleturn|p2a: Suicune|Protect
|move|p1a: Crawdaunt|Knock Off|p2a: Suicune
|-activate|p2a: Suicune|move: Protect
|
|-heal|p2a: Suicune|88/100|[from] item: Leftovers
|upkeep
|turn|18
|j| Marquesa-10%
|
|t:|1641710964
|move|p1a: Crawdaunt|Knock Off|p2a: Suicune
|-end|p2a: Suicune|Substitute
|move|p2a: Suicune|Scald|p1a: Crawdaunt
|-resisted|p1a: Crawdaunt
|-damage|p1a: Crawdaunt|63/100
|
|-heal|p2a: Suicune|94/100|[from] item: Leftovers
|upkeep
|turn|19
|
|t:|1641710972
|move|p2a: Suicune|Protect|p2a: Suicune
|-singleturn|p2a: Suicune|Protect
|move|p1a: Crawdaunt|Knock Off|p2a: Suicune
|-activate|p2a: Suicune|move: Protect
|
|-heal|p2a: Suicune|99/100|[from] item: Leftovers
|-fieldend|move: Trick Room
|upkeep
|turn|20
|
|t:|1641710979
|switch|p2a: Buzzwole|Buzzwole|100/100
|move|p1a: Crawdaunt|Knock Off|p2a: Buzzwole
|-resisted|p2a: Buzzwole
|-damage|p2a: Buzzwole|70/100
|-enditem|p2a: Buzzwole|Leftovers|[from] move: Knock Off|[of] p1a: Crawdaunt
|
|upkeep
|turn|21
|j| I Have A Plan
|
|t:|1641711008
|switch|p1a: Slowbro|Slowbro, F|100/100
|move|p2a: Buzzwole|Roost|p2a: Buzzwole
|-heal|p2a: Buzzwole|100/100
|-singleturn|p2a: Buzzwole|move: Roost
|
|upkeep
|turn|22
|
|t:|1641711015
|switch|p2a: Suicune|Suicune|99/100
|-ability|p2a: Suicune|Pressure
|move|p1a: Slowbro|Trick Room|p1a: Slowbro
|-fieldstart|move: Trick Room|[of] p1a: Slowbro
|
|-heal|p2a: Suicune|100/100|[from] item: Leftovers
|upkeep
|turn|23
|
|t:|1641711026
|move|p1a: Slowbro|Scald|p2a: Suicune
|-resisted|p2a: Suicune
|-damage|p2a: Suicune|91/100
|move|p2a: Suicune|Substitute|p2a: Suicune
|-start|p2a: Suicune|Substitute
|-damage|p2a: Suicune|66/100
|
|-heal|p2a: Suicune|72/100|[from] item: Leftovers
|upkeep
|turn|24
|
|t:|1641711034
|move|p2a: Suicune|Calm Mind|p2a: Suicune
|-boost|p2a: Suicune|spa|1
|-boost|p2a: Suicune|spd|1
|move|p1a: Slowbro|Teleport|p1a: Slowbro
|
|t:|1641711040
|switch|p1a: Crawdaunt|Crawdaunt, F|63/100|[from]move: Teleport
|
|-heal|p2a: Suicune|78/100|[from] item: Leftovers
|upkeep
|turn|25
|
|t:|1641711045
|move|p2a: Suicune|Protect|p2a: Suicune
|-singleturn|p2a: Suicune|Protect
|move|p1a: Crawdaunt|Knock Off|p2a: Suicune
|-activate|p2a: Suicune|move: Protect
|
|-heal|p2a: Suicune|84/100|[from] item: Leftovers
|upkeep
|turn|26
|
|t:|1641711055
|move|p1a: Crawdaunt|Knock Off|p2a: Suicune
|-end|p2a: Suicune|Substitute
|move|p2a: Suicune|Scald|p1a: Crawdaunt
|-resisted|p1a: Crawdaunt
|-damage|p1a: Crawdaunt|27/100
|
|-heal|p2a: Suicune|91/100|[from] item: Leftovers
|-fieldend|move: Trick Room
|upkeep
|turn|27
|
|t:|1641711066
|switch|p1a: Slowbro|Slowbro, F|100/100
|move|p2a: Suicune|Scald|p1a: Slowbro
|-resisted|p1a: Slowbro
|-damage|p1a: Slowbro|82/100
|
|-heal|p2a: Suicune|97/100|[from] item: Leftovers
|upkeep
|turn|28
|
|t:|1641711073
|move|p2a: Suicune|Substitute|p2a: Suicune
|-start|p2a: Suicune|Substitute
|-damage|p2a: Suicune|72/100
|move|p1a: Slowbro|Trick Room|p1a: Slowbro
|-fieldstart|move: Trick Room|[of] p1a: Slowbro
|
|-heal|p2a: Suicune|78/100|[from] item: Leftovers
|upkeep
|turn|29
|
|t:|1641711079
|move|p2a: Suicune|Calm Mind|p2a: Suicune
|-boost|p2a: Suicune|spa|1
|-boost|p2a: Suicune|spd|1
|move|p1a: Slowbro|Teleport|p1a: Slowbro
|
|t:|1641711083
|switch|p1a: Melmetal|Melmetal|46/100|[from]move: Teleport
|
|-heal|p2a: Suicune|84/100|[from] item: Leftovers
|upkeep
|turn|30
|
|t:|1641711089
|move|p2a: Suicune|Protect|p2a: Suicune
|-singleturn|p2a: Suicune|Protect
|move|p1a: Melmetal|Thunder Punch|p2a: Suicune
|-activate|p2a: Suicune|move: Protect
|
|-heal|p2a: Suicune|90/100|[from] item: Leftovers
|upkeep
|turn|31
|
|t:|1641711096
|move|p1a: Melmetal|Thunder Punch|p2a: Suicune
|-supereffective|p2a: Suicune
|-end|p2a: Suicune|Substitute
|move|p2a: Suicune|Scald|p1a: Melmetal
|-damage|p1a: Melmetal|0 fnt
|faint|p1a: Melmetal
|
|-heal|p2a: Suicune|97/100|[from] item: Leftovers
|upkeep
|
|t:|1641711101
|switch|p1a: Crawdaunt|Crawdaunt, F|27/100
|turn|32
|
|t:|1641711107
|switch|p1a: Slowbro|Slowbro, F|100/100
|move|p2a: Suicune|Protect||[still]
|-fail|p2a: Suicune
|
|-heal|p2a: Suicune|100/100|[from] item: Leftovers
|-fieldend|move: Trick Room
|upkeep
|turn|33
|-message|Envied forfeited.
|
|win|Hoo-bah-stank
|raw|Envied's rating: 1650 &rarr; <strong>1630</strong><br />(-20 for losing)
|raw|Hoo-bah-stank's rating: 1645 &rarr; <strong>1665</strong><br />(+20 for winning)
|l|☆Envied
