|j|☆Onmyiphone11
|j|☆greystaple
|t:|1641847776
|gametype|singles
|player|p1|Onmyiphone11|1|1575
|player|p2|greystaple|hilbert-wonderlauncher|1625
|teamsize|p1|6
|teamsize|p2|6
|gen|8
|tier|[Gen 8] OU
|rated|
|rule|Sleep Clause Mod: Limit one foe put to sleep
|rule|Species Clause: Limit one of each Pokémon
|rule|OHKO Clause: OHKO moves are banned
|rule|Evasion Moves Clause: Evasion moves are banned
|rule|Endless Battle Clause: Forcing endless battles is banned
|rule|HP Percentage Mod: HP is shown in percentages
|rule|Dynamax Clause: You cannot dynamax
|clearpoke
|poke|p1|Kommo-o, F|
|poke|p1|Corviknight, F|
|poke|p1|Blacephalon|
|poke|p1|Rillaboom, M|
|poke|p1|Mamoswine, M|
|poke|p1|Tapu Koko|
|poke|p2|Garchomp, M|
|poke|p2|Melmetal|
|poke|p2|Tapu Lele|
|poke|p2|Tornadus-Therian, M|
|poke|p2|Ferrothorn, M|
|poke|p2|Rotom-Wash|
|teampreview
|inactive|Battle timer is ON: inactive players will automatically lose when time's up. (requested by Onmyiphone11)
|
|t:|1641847789
|start
|switch|p1a: Mamoswine|Mamoswine, M|100/100
|switch|p2a: Tornadus|Tornadus-Therian, M|100/100
|turn|1
|
|t:|1641847795
|move|p2a: Tornadus|U-turn|p1a: Mamoswine
|-damage|p1a: Mamoswine|85/100
|
|t:|1641847798
|switch|p2a: Rotom|Rotom-Wash|100/100|[from]move: U-turn
|move|p1a: Mamoswine|Icicle Crash|p2a: Rotom|[miss]
|-miss|p1a: Mamoswine|p2a: Rotom
|
|upkeep
|turn|2
|
|t:|1641847807
|move|p1a: Mamoswine|Stealth Rock|p2a: Rotom
|-sidestart|p2: greystaple|move: Stealth Rock
|move|p2a: Rotom|Will-O-Wisp|p1a: Mamoswine
|-status|p1a: Mamoswine|brn
|
|-damage|p1a: Mamoswine|79/100 brn|[from] brn
|upkeep
|turn|3
|
|t:|1641847818
|move|p1a: Mamoswine|Icicle Crash|p2a: Rotom
|-resisted|p2a: Rotom
|-damage|p2a: Rotom|85/100
|-damage|p1a: Mamoswine|69/100 brn|[from] item: Life Orb
|move|p2a: Rotom|Defog|p1a: Mamoswine
|-unboost|p1a: Mamoswine|evasion|1
|-sideend|p2: greystaple|Stealth Rock|[from] move: Defog|[of] p2a: Rotom
|
|-heal|p2a: Rotom|91/100|[from] item: Leftovers
|-damage|p1a: Mamoswine|63/100 brn|[from] brn
|upkeep
|turn|4
|
|t:|1641847834
|move|p1a: Mamoswine|Stealth Rock|p2a: Rotom
|-sidestart|p2: greystaple|move: Stealth Rock
|move|p2a: Rotom|Defog|p1a: Mamoswine
|-unboost|p1a: Mamoswine|evasion|1
|-sideend|p2: greystaple|Stealth Rock|[from] move: Defog|[of] p2a: Rotom
|
|-heal|p2a: Rotom|98/100|[from] item: Leftovers
|-damage|p1a: Mamoswine|57/100 brn|[from] brn
|upkeep
|turn|5
|
|t:|1641847841
|move|p1a: Mamoswine|Stealth Rock|p2a: Rotom
|-sidestart|p2: greystaple|move: Stealth Rock
|move|p2a: Rotom|Hydro Pump|p1a: Mamoswine
|-supereffective|p1a: Mamoswine
|-damage|p1a: Mamoswine|0 fnt
|faint|p1a: Mamoswine
|
|-heal|p2a: Rotom|100/100|[from] item: Leftovers
|upkeep
|
|t:|1641847845
|switch|p1a: Rillaboom|Rillaboom, M|100/100
|-fieldstart|move: Grassy Terrain|[from] ability: Grassy Surge|[of] p1a: Rillaboom
|turn|6
|
|t:|1641847864
|switch|p2a: Ferrothorn|Ferrothorn, M|100/100
|-damage|p2a: Ferrothorn|95/100|[from] Stealth Rock
|move|p1a: Rillaboom|Grassy Glide|p2a: Ferrothorn
|-resisted|p2a: Ferrothorn
|-damage|p2a: Ferrothorn|83/100
|-damage|p1a: Rillaboom|88/100|[from] ability: Iron Barbs|[of] p2a: Ferrothorn
|
|-heal|p1a: Rillaboom|94/100|[from] Grassy Terrain
|-heal|p2a: Ferrothorn|89/100|[from] Grassy Terrain
|upkeep
|turn|7
|
|t:|1641847875
|switch|p1a: Blacephalon|Blacephalon|100/100
|move|p2a: Ferrothorn|Stealth Rock|p1a: Blacephalon
|-sidestart|p1: Onmyiphone11|move: Stealth Rock
|
|-heal|p2a: Ferrothorn|95/100|[from] Grassy Terrain
|upkeep
|turn|8
|
|t:|1641847883
|switch|p2a: Tornadus|Tornadus-Therian, M|100/100
|-damage|p2a: Tornadus|76/100|[from] Stealth Rock
|move|p1a: Blacephalon|Flamethrower|p2a: Tornadus
|-damage|p2a: Tornadus|23/100
|
|upkeep
|turn|9
|
|t:|1641847895
|switch|p2a: Garchomp|Garchomp, M|100/100
|-damage|p2a: Garchomp|94/100|[from] Stealth Rock
|switch|p1a: Corviknight|Corviknight, F|100/100
|-damage|p1a: Corviknight|88/100|[from] Stealth Rock
|-ability|p1a: Corviknight|Pressure
|
|-heal|p2a: Garchomp|100/100|[from] Grassy Terrain
|-heal|p1a: Corviknight|94/100|[from] item: Leftovers
|upkeep
|turn|10
|
|t:|1641847902
|move|p2a: Garchomp|Swords Dance|p2a: Garchomp
|-boost|p2a: Garchomp|atk|2
|move|p1a: Corviknight|U-turn|p2a: Garchomp
|-damage|p2a: Garchomp|86/100
|-damage|p1a: Corviknight|82/100|[from] ability: Rough Skin|[of] p2a: Garchomp
|
|t:|1641847911
|switch|p1a: Blacephalon|Blacephalon|100/100|[from]move: U-turn
|-damage|p1a: Blacephalon|76/100|[from] Stealth Rock
|
|-heal|p1a: Blacephalon|82/100|[from] Grassy Terrain
|-heal|p2a: Garchomp|93/100|[from] Grassy Terrain
|-heal|p2a: Garchomp|99/100|[from] item: Leftovers
|-fieldend|move: Grassy Terrain
|upkeep
|turn|11
|
|t:|1641847916
|move|p1a: Blacephalon|Shadow Ball|p2a: Garchomp
|-damage|p2a: Garchomp|19/100
|move|p2a: Garchomp|Scale Shot|p1a: Blacephalon
|-damage|p1a: Blacephalon|19/100
|-damage|p1a: Blacephalon|0 fnt
|faint|p1a: Blacephalon
|-hitcount|p1: Blacephalon|2
|-unboost|p2a: Garchomp|def|1
|-boost|p2a: Garchomp|spe|1
|
|-heal|p2a: Garchomp|25/100|[from] item: Leftovers
|upkeep
|
|t:|1641847924
|switch|p1a: Rillaboom|Rillaboom, M|94/100
|-damage|p1a: Rillaboom|82/100|[from] Stealth Rock
|-fieldstart|move: Grassy Terrain|[from] ability: Grassy Surge|[of] p1a: Rillaboom
|turn|12
|
|t:|1641847930
|switch|p2a: Ferrothorn|Ferrothorn, M|95/100
|-damage|p2a: Ferrothorn|89/100|[from] Stealth Rock
|move|p1a: Rillaboom|Grassy Glide|p2a: Ferrothorn
|-resisted|p2a: Ferrothorn
|-damage|p2a: Ferrothorn|76/100
|-damage|p1a: Rillaboom|70/100|[from] ability: Iron Barbs|[of] p2a: Ferrothorn
|
|-heal|p1a: Rillaboom|76/100|[from] Grassy Terrain
|-heal|p2a: Ferrothorn|82/100|[from] Grassy Terrain
|upkeep
|turn|13
|
|t:|1641847935
|switch|p1a: Kommo-o|Kommo-o, F|100/100
|-damage|p1a: Kommo-o|94/100|[from] Stealth Rock
|move|p2a: Ferrothorn|Body Press|p1a: Kommo-o
|-damage|p1a: Kommo-o|71/100
|
|-heal|p1a: Kommo-o|77/100|[from] Grassy Terrain
|-heal|p1a: Kommo-o|83/100|[from] item: Leftovers
|-heal|p2a: Ferrothorn|88/100|[from] Grassy Terrain
|upkeep
|turn|14
|
|t:|1641847946
|switch|p2a: Tapu Lele|Tapu Lele|100/100
|-damage|p2a: Tapu Lele|88/100|[from] Stealth Rock
|-fieldstart|move: Psychic Terrain|[from] ability: Psychic Surge|[of] p2a: Tapu Lele
|move|p1a: Kommo-o|Fire Punch|p2a: Tapu Lele
|-damage|p2a: Tapu Lele|61/100
|-status|p2a: Tapu Lele|brn
|
|-heal|p1a: Kommo-o|89/100|[from] item: Leftovers
|-damage|p2a: Tapu Lele|55/100 brn|[from] brn
|upkeep
|turn|15
|
|t:|1641847952
|switch|p1a: Corviknight|Corviknight, F|82/100
|-damage|p1a: Corviknight|69/100|[from] Stealth Rock
|-ability|p1a: Corviknight|Pressure
|move|p2a: Tapu Lele|Future Sight|p1a: Corviknight
|-start|p2a: Tapu Lele|move: Future Sight
|
|-heal|p1a: Corviknight|75/100|[from] item: Leftovers
|-damage|p2a: Tapu Lele|49/100 brn|[from] brn
|upkeep
|turn|16
|
|t:|1641847959
|switch|p2a: Ferrothorn|Ferrothorn, M|88/100
|-damage|p2a: Ferrothorn|82/100|[from] Stealth Rock
|move|p1a: Corviknight|U-turn|p2a: Ferrothorn
|-damage|p2a: Ferrothorn|73/100
|-damage|p1a: Corviknight|63/100|[from] ability: Iron Barbs|[of] p2a: Ferrothorn
|
|t:|1641847966
|switch|p1a: Tapu Koko|Tapu Koko|100/100|[from]move: U-turn
|-fieldstart|move: Electric Terrain|[from] ability: Electric Surge|[of] p1a: Tapu Koko
|
|upkeep
|turn|17
|
|t:|1641847971
|move|p1a: Tapu Koko|U-turn|p2a: Ferrothorn
|-damage|p2a: Ferrothorn|63/100
|-damage|p1a: Tapu Koko|88/100|[from] ability: Iron Barbs|[of] p2a: Ferrothorn
|
|t:|1641847973
|switch|p1a: Corviknight|Corviknight, F|63/100|[from]move: U-turn
|-damage|p1a: Corviknight|50/100|[from] Stealth Rock
|-ability|p1a: Corviknight|Pressure
|move|p2a: Ferrothorn|Leech Seed|p1a: Corviknight
|-start|p1a: Corviknight|move: Leech Seed
|
|-end|p1a: Corviknight|move: Future Sight
|-resisted|p1a: Corviknight
|-damage|p1a: Corviknight|24/100
|-heal|p1a: Corviknight|30/100|[from] item: Leftovers
|-damage|p1a: Corviknight|18/100|[from] Leech Seed|[of] p2a: Ferrothorn
|-heal|p2a: Ferrothorn|77/100|[silent]
|upkeep
|turn|18
|
|t:|1641847980
|move|p1a: Corviknight|Body Press|p2a: Ferrothorn
|-supereffective|p2a: Ferrothorn
|-enditem|p2a: Ferrothorn|Chople Berry|[eat]
|-enditem|p2a: Ferrothorn|Chople Berry|[weaken]
|-damage|p2a: Ferrothorn|61/100
|-damage|p1a: Corviknight|5/100|[from] ability: Iron Barbs|[of] p2a: Ferrothorn
|move|p2a: Ferrothorn|Body Press|p1a: Corviknight
|-damage|p1a: Corviknight|0 fnt
|faint|p1a: Corviknight
|
|upkeep
|
|t:|1641847985
|switch|p1a: Kommo-o|Kommo-o, F|89/100
|-damage|p1a: Kommo-o|83/100|[from] Stealth Rock
|turn|19
|
|t:|1641847990
|switch|p2a: Rotom|Rotom-Wash|100/100
|-damage|p2a: Rotom|88/100|[from] Stealth Rock
|move|p1a: Kommo-o|Fire Punch|p2a: Rotom
|-resisted|p2a: Rotom
|-crit|p2a: Rotom
|-damage|p2a: Rotom|74/100
|
|-heal|p2a: Rotom|80/100|[from] item: Leftovers
|-heal|p1a: Kommo-o|89/100|[from] item: Leftovers
|upkeep
|turn|20
|
|t:|1641848000
|move|p2a: Rotom|Defog|p1a: Kommo-o
|-unboost|p1a: Kommo-o|evasion|1
|-sideend|p1: Onmyiphone11|Stealth Rock|[from] move: Defog|[of] p2a: Rotom
|-sideend|p2: greystaple|Stealth Rock|[from] move: Defog|[of] p2a: Rotom
|-fieldend|move: Electric Terrain
|move|p1a: Kommo-o|Toxic|p2a: Rotom
|-status|p2a: Rotom|tox
|
|-heal|p2a: Rotom|86/100 tox|[from] item: Leftovers
|-heal|p1a: Kommo-o|95/100|[from] item: Leftovers
|-damage|p2a: Rotom|80/100 tox|[from] psn
|upkeep
|turn|21
|
|t:|1641848005
|move|p2a: Rotom|Will-O-Wisp|p1a: Kommo-o
|-status|p1a: Kommo-o|brn
|move|p1a: Kommo-o|Fire Punch|p2a: Rotom
|-resisted|p2a: Rotom
|-damage|p2a: Rotom|75/100 tox
|
|-heal|p2a: Rotom|81/100 tox|[from] item: Leftovers
|-heal|p1a: Kommo-o|100/100 brn|[from] item: Leftovers
|-damage|p2a: Rotom|69/100 tox|[from] psn
|-damage|p1a: Kommo-o|94/100 brn|[from] brn
|upkeep
|turn|22
|
|t:|1641848010
|move|p2a: Rotom|Volt Switch|p1a: Kommo-o
|-resisted|p1a: Kommo-o
|-damage|p1a: Kommo-o|86/100 brn
|
|t:|1641848021
|switch|p2a: Tapu Lele|Tapu Lele|49/100 brn|[from]move: Volt Switch
|-fieldstart|move: Psychic Terrain|[from] ability: Psychic Surge|[of] p2a: Tapu Lele
|move|p1a: Kommo-o|Fire Punch|p2a: Tapu Lele
|-damage|p2a: Tapu Lele|35/100 brn
|
|-heal|p1a: Kommo-o|92/100 brn|[from] item: Leftovers
|-damage|p2a: Tapu Lele|29/100 brn|[from] brn
|-damage|p1a: Kommo-o|86/100 brn|[from] brn
|upkeep
|turn|23
|
|t:|1641848026
|switch|p1a: Tapu Koko|Tapu Koko|88/100
|-fieldstart|move: Electric Terrain|[from] ability: Electric Surge|[of] p1a: Tapu Koko
|move|p2a: Tapu Lele|Psychic|p1a: Tapu Koko
|-damage|p1a: Tapu Koko|11/100
|-unboost|p1a: Tapu Koko|spd|1
|
|-damage|p2a: Tapu Lele|23/100 brn|[from] brn
|upkeep
|turn|24
|
|t:|1641848030
|move|p2a: Tapu Lele|Psychic|p1a: Tapu Koko
|-damage|p1a: Tapu Koko|0 fnt
|faint|p1a: Tapu Koko
|
|-damage|p2a: Tapu Lele|17/100 brn|[from] brn
|upkeep
|
|t:|1641848032
|switch|p1a: Rillaboom|Rillaboom, M|76/100
|-fieldstart|move: Grassy Terrain|[from] ability: Grassy Surge|[of] p1a: Rillaboom
|turn|25
|
|t:|1641848038
|switch|p2a: Ferrothorn|Ferrothorn, M|61/100
|move|p1a: Rillaboom|Superpower|p2a: Ferrothorn
|-supereffective|p2a: Ferrothorn
|-damage|p2a: Ferrothorn|0 fnt
|-unboost|p1a: Rillaboom|atk|1
|-unboost|p1a: Rillaboom|def|1
|-damage|p1a: Rillaboom|63/100|[from] ability: Iron Barbs|[of] p2a: Ferrothorn
|faint|p2a: Ferrothorn
|
|-heal|p1a: Rillaboom|70/100|[from] Grassy Terrain
|upkeep
|
|t:|1641848043
|switch|p2a: Tornadus|Tornadus-Therian, M|57/100
|turn|26
|
|t:|1641848046
|switch|p1a: Kommo-o|Kommo-o, F|86/100 brn
|move|p2a: Tornadus|Heat Wave|p1a: Kommo-o
|-resisted|p1a: Kommo-o
|-damage|p1a: Kommo-o|77/100 brn
|
|-heal|p1a: Kommo-o|83/100 brn|[from] Grassy Terrain
|-heal|p1a: Kommo-o|89/100 brn|[from] item: Leftovers
|-damage|p1a: Kommo-o|83/100 brn|[from] brn
|upkeep
|turn|27
|
|t:|1641848051
|move|p2a: Tornadus|U-turn|p1a: Kommo-o
|-resisted|p1a: Kommo-o
|-damage|p1a: Kommo-o|77/100 brn
|
|t:|1641848053
|switch|p2a: Rotom|Rotom-Wash|69/100 tox|[from]move: U-turn
|move|p1a: Kommo-o|Clanging Scales|p2a: Rotom
|-damage|p2a: Rotom|36/100 tox
|-unboost|p1a: Kommo-o|def|1
|
|-heal|p2a: Rotom|42/100 tox|[from] item: Leftovers
|-heal|p1a: Kommo-o|83/100 brn|[from] Grassy Terrain
|-heal|p1a: Kommo-o|89/100 brn|[from] item: Leftovers
|-damage|p2a: Rotom|36/100 tox|[from] psn
|-damage|p1a: Kommo-o|83/100 brn|[from] brn
|upkeep
|turn|28
|
|t:|1641848057
|move|p2a: Rotom|Volt Switch|p1a: Kommo-o
|-resisted|p1a: Kommo-o
|-damage|p1a: Kommo-o|74/100 brn
|
|t:|1641848061
|switch|p2a: Melmetal|Melmetal|100/100|[from]move: Volt Switch
|move|p1a: Kommo-o|Fire Punch|p2a: Melmetal
|-supereffective|p2a: Melmetal
|-damage|p2a: Melmetal|89/100
|
|-heal|p1a: Kommo-o|80/100 brn|[from] Grassy Terrain
|-heal|p1a: Kommo-o|87/100 brn|[from] item: Leftovers
|-heal|p2a: Melmetal|95/100|[from] Grassy Terrain
|-damage|p1a: Kommo-o|80/100 brn|[from] brn
|upkeep
|turn|29
|
|t:|1641848066
|move|p1a: Kommo-o|Drain Punch|p2a: Melmetal
|-supereffective|p2a: Melmetal
|-damage|p2a: Melmetal|77/100
|-heal|p1a: Kommo-o|91/100 brn|[from] drain|[of] p2a: Melmetal
|move|p2a: Melmetal|Double Iron Bash|p1a: Kommo-o
|-damage|p1a: Kommo-o|40/100 brn
|-damage|p1a: Kommo-o|0 fnt
|faint|p1a: Kommo-o
|-hitcount|p1: Kommo-o|2
|
|-heal|p2a: Melmetal|84/100|[from] Grassy Terrain
|-fieldend|move: Grassy Terrain
|upkeep
|
|t:|1641848069
|switch|p1a: Rillaboom|Rillaboom, M|70/100
|-fieldstart|move: Grassy Terrain|[from] ability: Grassy Surge|[of] p1a: Rillaboom
|turn|30
|
|t:|1641848071
|move|p1a: Rillaboom|Wood Hammer|p2a: Melmetal
|-resisted|p2a: Melmetal
|-damage|p2a: Melmetal|47/100
|-damage|p1a: Rillaboom|57/100|[from] Recoil
|move|p2a: Melmetal|Double Iron Bash|p1a: Rillaboom
|-damage|p1a: Rillaboom|19/100
|-damage|p1a: Rillaboom|0 fnt
|faint|p1a: Rillaboom
|-hitcount|p1: Rillaboom|2
|
|win|greystaple
|raw|Onmyiphone11's rating: 1575 &rarr; <strong>1558</strong><br />(-17 for losing)
|raw|greystaple's rating: 1625 &rarr; <strong>1642</strong><br />(+17 for winning)
|l|☆Onmyiphone11
|c|☆greystaple|gg
