|j|☆DumbLick1337
|j|☆Jenerictestingteam
|t:|1641884003
|gametype|singles
|player|p1|DumbLick1337|102|1343
|player|p2|Jenerictestingteam|265|1326
|teamsize|p1|6
|teamsize|p2|6
|gen|8
|tier|[Gen 8] OU
|rated|
|rule|Sleep Clause Mod: Limit one foe put to sleep
|rule|Species Clause: Limit one of each Pokémon
|rule|OHKO Clause: OHKO moves are banned
|rule|Evasion Moves Clause: Evasion moves are banned
|rule|Endless Battle Clause: Forcing endless battles is banned
|rule|HP Percentage Mod: HP is shown in percentages
|rule|Dynamax Clause: You cannot dynamax
|clearpoke
|poke|p1|Rotom-Heat|
|poke|p1|Corviknight, M|
|poke|p1|Clefable, F|
|poke|p1|Seismitoad, M|
|poke|p1|Hydreigon, F|
|poke|p1|Gyarados, M|
|poke|p2|Blissey, F|
|poke|p2|Volcanion|
|poke|p2|Buzzwole|
|poke|p2|Landorus-Therian, M|
|poke|p2|Nidoking, M|
|poke|p2|Rillaboom, F|
|teampreview
|c|☆DumbLick1337|hf
|inactive|Battle timer is ON: inactive players will automatically lose when time's up. (requested by DumbLick1337)
|
|t:|1641884025
|start
|switch|p1a: Hydreigon|Hydreigon, F|100/100
|switch|p2a: Rillaboom|Rillaboom, F|100/100
|-fieldstart|move: Grassy Terrain|[from] ability: Grassy Surge|[of] p2a: Rillaboom
|turn|1
|
|t:|1641884032
|switch|p1a: Corviknight|Corviknight, M|100/100
|-ability|p1a: Corviknight|Pressure
|switch|p2a: Blissey|Blissey, F|100/100
|
|upkeep
|turn|2
|inactive|Jenerictestingteam has 120 seconds left.
|
|t:|1641884065
|switch|p1a: Seismitoad|Seismitoad, M|100/100
|move|p2a: Blissey|Stealth Rock|p1a: Seismitoad
|-sidestart|p1: DumbLick1337|move: Stealth Rock
|
|upkeep
|turn|3
|
|t:|1641884073
|move|p1a: Seismitoad|Scald|p2a: Blissey
|-damage|p2a: Blissey|92/100
|-status|p2a: Blissey|brn
|move|p2a: Blissey|Teleport|p2a: Blissey
|
|t:|1641884076
|-curestatus|p2a: Blissey|brn|[from] ability: Natural Cure
|switch|p2a: Rillaboom|Rillaboom, F|100/100|[from]move: Teleport
|
|upkeep
|turn|4
|
|t:|1641884084
|switch|p1a: Corviknight|Corviknight, M|100/100
|-damage|p1a: Corviknight|88/100|[from] Stealth Rock
|-ability|p1a: Corviknight|Pressure
|move|p2a: Rillaboom|Knock Off|p1a: Corviknight
|-damage|p1a: Corviknight|53/100
|-enditem|p1a: Corviknight|Leftovers|[from] move: Knock Off|[of] p2a: Rillaboom
|
|upkeep
|turn|5
|
|t:|1641884093
|switch|p2a: Nidoking|Nidoking, M|100/100
|move|p1a: Corviknight|Defog|p2a: Nidoking
|-unboost|p2a: Nidoking|evasion|1
|-sideend|p1: DumbLick1337|Stealth Rock|[from] move: Defog|[of] p1a: Corviknight
|-fieldend|move: Grassy Terrain
|
|upkeep
|turn|6
|
|t:|1641884100
|switch|p1a: Hydreigon|Hydreigon, F|100/100
|move|p2a: Nidoking|Flamethrower|p1a: Hydreigon
|-resisted|p1a: Hydreigon
|-crit|p1a: Hydreigon
|-damage|p1a: Hydreigon|73/100
|
|upkeep
|turn|7
|
|t:|1641884106
|switch|p2a: Blissey|Blissey, F|92/100
|move|p1a: Hydreigon|Draco Meteor|p2a: Blissey
|-damage|p2a: Blissey|69/100
|-unboost|p1a: Hydreigon|spa|2
|
|-heal|p2a: Blissey|75/100|[from] item: Leftovers
|upkeep
|turn|8
|
|t:|1641884111
|switch|p1a: Seismitoad|Seismitoad, M|100/100
|move|p2a: Blissey|Teleport|p2a: Blissey
|
|t:|1641884127
|switch|p2a: Rillaboom|Rillaboom, F|100/100|[from]move: Teleport
|-fieldstart|move: Grassy Terrain|[from] ability: Grassy Surge|[of] p2a: Rillaboom
|
|upkeep
|turn|9
|
|t:|1641884130
|switch|p1a: Corviknight|Corviknight, M|53/100
|-ability|p1a: Corviknight|Pressure
|move|p2a: Rillaboom|Wood Hammer|p1a: Corviknight
|-resisted|p1a: Corviknight
|-damage|p1a: Corviknight|33/100
|-damage|p2a: Rillaboom|93/100|[from] Recoil
|
|-heal|p2a: Rillaboom|99/100|[from] Grassy Terrain
|upkeep
|turn|10
|
|t:|1641884150
|switch|p2a: Volcanion|Volcanion|100/100
|move|p1a: Corviknight|Roost|p1a: Corviknight
|-heal|p1a: Corviknight|83/100
|-singleturn|p1a: Corviknight|move: Roost
|
|-heal|p1a: Corviknight|89/100|[from] Grassy Terrain
|upkeep
|turn|11
|
|t:|1641884158
|switch|p1a: Seismitoad|Seismitoad, M|100/100
|move|p2a: Volcanion|Flamethrower|p1a: Seismitoad
|-resisted|p1a: Seismitoad
|-damage|p1a: Seismitoad|63/100
|
|-heal|p1a: Seismitoad|69/100|[from] Grassy Terrain
|-heal|p1a: Seismitoad|75/100|[from] item: Leftovers
|upkeep
|turn|12
|
|t:|1641884185
|switch|p2a: Blissey|Blissey, F|75/100
|move|p1a: Seismitoad|Stealth Rock|p2a: Blissey
|-sidestart|p2: Jenerictestingteam|move: Stealth Rock
|
|-heal|p1a: Seismitoad|81/100|[from] Grassy Terrain
|-heal|p1a: Seismitoad|87/100|[from] item: Leftovers
|-heal|p2a: Blissey|81/100|[from] Grassy Terrain
|-heal|p2a: Blissey|87/100|[from] item: Leftovers
|-fieldend|move: Grassy Terrain
|upkeep
|turn|13
|
|t:|1641884191
|move|p1a: Seismitoad|Earthquake|p2a: Blissey
|-damage|p2a: Blissey|59/100
|move|p2a: Blissey|Stealth Rock|p1a: Seismitoad
|-sidestart|p1: DumbLick1337|move: Stealth Rock
|
|-heal|p1a: Seismitoad|93/100|[from] item: Leftovers
|-heal|p2a: Blissey|65/100|[from] item: Leftovers
|upkeep
|turn|14
|
|t:|1641884196
|move|p1a: Seismitoad|Earthquake|p2a: Blissey
|-crit|p2a: Blissey
|-damage|p2a: Blissey|23/100
|move|p2a: Blissey|Seismic Toss|p1a: Seismitoad
|-damage|p1a: Seismitoad|69/100
|
|-heal|p1a: Seismitoad|75/100|[from] item: Leftovers
|-heal|p2a: Blissey|30/100|[from] item: Leftovers
|upkeep
|turn|15
|
|t:|1641884200
|move|p1a: Seismitoad|Earthquake|p2a: Blissey
|-crit|p2a: Blissey
|-damage|p2a: Blissey|0 fnt
|faint|p2a: Blissey
|
|-heal|p1a: Seismitoad|81/100|[from] item: Leftovers
|upkeep
|
|t:|1641884222
|switch|p2a: Buzzwole|Buzzwole|100/100
|-damage|p2a: Buzzwole|88/100|[from] Stealth Rock
|turn|16
|
|t:|1641884225
|move|p2a: Buzzwole|Toxic|p1a: Seismitoad
|-status|p1a: Seismitoad|tox
|move|p1a: Seismitoad|Scald|p2a: Buzzwole
|-damage|p2a: Buzzwole|57/100
|
|-heal|p1a: Seismitoad|87/100 tox|[from] item: Leftovers
|-damage|p1a: Seismitoad|81/100 tox|[from] psn
|upkeep
|turn|17
|
|t:|1641884233
|switch|p2a: Volcanion|Volcanion|100/100
|-damage|p2a: Volcanion|76/100|[from] Stealth Rock
|switch|p1a: Clefable|Clefable, F|100/100
|
|upkeep
|turn|18
|
|t:|1641884240
|move|p1a: Clefable|Protect|p1a: Clefable
|-singleturn|p1a: Clefable|Protect
|move|p2a: Volcanion|Steam Eruption|p1a: Clefable
|-activate|p1a: Clefable|move: Protect
|
|upkeep
|turn|19
|
|t:|1641884243
|move|p2a: Volcanion|Steam Eruption|p1a: Clefable
|-damage|p1a: Clefable|10/100
|-status|p1a: Clefable|brn
|move|p1a: Clefable|Soft-Boiled|p1a: Clefable
|-heal|p1a: Clefable|60/100 brn
|
|-heal|p1a: Clefable|66/100 brn|[from] item: Leftovers
|upkeep
|turn|20
|
|t:|1641884250
|move|p1a: Clefable|Protect|p1a: Clefable
|-singleturn|p1a: Clefable|Protect
|move|p2a: Volcanion|Steam Eruption|p1a: Clefable
|-activate|p1a: Clefable|move: Protect
|
|-heal|p1a: Clefable|72/100 brn|[from] item: Leftovers
|upkeep
|turn|21
|
|t:|1641884253
|switch|p1a: Hydreigon|Hydreigon, F|73/100
|-damage|p1a: Hydreigon|61/100|[from] Stealth Rock
|move|p2a: Volcanion|Steam Eruption|p1a: Hydreigon
|-resisted|p1a: Hydreigon
|-damage|p1a: Hydreigon|6/100
|
|upkeep
|turn|22
|
|t:|1641884259
|switch|p2a: Landorus|Landorus-Therian, M|100/100
|-damage|p2a: Landorus|88/100|[from] Stealth Rock
|-ability|p2a: Landorus|Intimidate|boost
|-unboost|p1a: Hydreigon|atk|1
|move|p1a: Hydreigon|Draco Meteor|p2a: Landorus
|-crit|p2a: Landorus
|-damage|p2a: Landorus|0 fnt
|-unboost|p1a: Hydreigon|spa|2
|faint|p2a: Landorus
|
|upkeep
|
|t:|1641884272
|switch|p2a: Nidoking|Nidoking, M|100/100
|-damage|p2a: Nidoking|95/100|[from] Stealth Rock
|turn|23
|
|t:|1641884275
|move|p1a: Hydreigon|Draco Meteor|p2a: Nidoking
|-damage|p2a: Nidoking|49/100
|-unboost|p1a: Hydreigon|spa|2
|move|p2a: Nidoking|Ice Beam|p1a: Hydreigon
|-supereffective|p1a: Hydreigon
|-damage|p1a: Hydreigon|0 fnt
|faint|p1a: Hydreigon
|
|upkeep
|
|t:|1641884275
|switch|p1a: Corviknight|Corviknight, M|89/100
|-damage|p1a: Corviknight|77/100|[from] Stealth Rock
|-ability|p1a: Corviknight|Pressure
|turn|24
|
|t:|1641884284
|move|p2a: Nidoking|Ice Beam|p1a: Corviknight
|-damage|p1a: Corviknight|54/100
|move|p1a: Corviknight|Brave Bird|p2a: Nidoking
|-damage|p2a: Nidoking|0 fnt
|faint|p2a: Nidoking
|-damage|p1a: Corviknight|42/100|[from] Recoil
|
|upkeep
|
|t:|1641884294
|switch|p2a: Volcanion|Volcanion|76/100
|-damage|p2a: Volcanion|51/100|[from] Stealth Rock
|turn|25
|
|t:|1641884297
|switch|p1a: Gyarados|Gyarados, M|100/100
|-damage|p1a: Gyarados|76/100|[from] Stealth Rock
|move|p2a: Volcanion|Steam Eruption|p1a: Gyarados
|-resisted|p1a: Gyarados
|-damage|p1a: Gyarados|26/100
|
|-heal|p1a: Gyarados|33/100|[from] item: Leftovers
|upkeep
|turn|26
|
|t:|1641884300
|move|p1a: Gyarados|Earthquake|p2a: Volcanion
|-supereffective|p2a: Volcanion
|-damage|p2a: Volcanion|0 fnt
|faint|p2a: Volcanion
|-ability|p1a: Gyarados|Moxie|boost
|-boost|p1a: Gyarados|atk|1
|
|-heal|p1a: Gyarados|39/100|[from] item: Leftovers
|upkeep
|
|t:|1641884304
|switch|p2a: Rillaboom|Rillaboom, F|99/100
|-damage|p2a: Rillaboom|86/100|[from] Stealth Rock
|-fieldstart|move: Grassy Terrain|[from] ability: Grassy Surge|[of] p2a: Rillaboom
|turn|27
|
|t:|1641884311
|switch|p1a: rotomheat|Rotom-Heat|100/100
|move|p2a: Rillaboom|Wood Hammer|p1a: rotomheat
|-resisted|p1a: rotomheat
|-damage|p1a: rotomheat|18/100
|-damage|p2a: Rillaboom|67/100|[from] Recoil
|
|-heal|p2a: Rillaboom|74/100|[from] Grassy Terrain
|upkeep
|turn|28
|
|t:|1641884321
|move|p1a: rotomheat|Overheat|p2a: Rillaboom
|-supereffective|p2a: Rillaboom
|-damage|p2a: Rillaboom|0 fnt
|-unboost|p1a: rotomheat|spa|2
|faint|p2a: Rillaboom
|
|upkeep
|
|t:|1641884324
|switch|p2a: Buzzwole|Buzzwole|57/100
|-damage|p2a: Buzzwole|45/100|[from] Stealth Rock
|turn|29
|
|t:|1641884326
|move|p1a: rotomheat|Overheat|p2a: Buzzwole
|-supereffective|p2a: Buzzwole
|-damage|p2a: Buzzwole|0 fnt
|-unboost|p1a: rotomheat|spa|2
|faint|p2a: Buzzwole
|
|win|DumbLick1337
|raw|DumbLick1337's rating: 1343 &rarr; <strong>1362</strong><br />(+19 for winning)
|raw|Jenerictestingteam's rating: 1326 &rarr; <strong>1307</strong><br />(-19 for losing)
|c|☆DumbLick1337|gg
