|j|☆Llyikes
|j|☆fewsfwedewf
|t:|1641850721
|gametype|singles
|player|p1|Llyikes|pokemonrangerf|1242
|player|p2|fewsfwedewf|benga|1230
|teamsize|p1|6
|teamsize|p2|6
|gen|8
|tier|[Gen 8] OU
|rated|
|rule|Sleep Clause Mod: Limit one foe put to sleep
|rule|Species Clause: Limit one of each Pokémon
|rule|OHKO Clause: OHKO moves are banned
|rule|Evasion Moves Clause: Evasion moves are banned
|rule|Endless Battle Clause: Forcing endless battles is banned
|rule|HP Percentage Mod: HP is shown in percentages
|rule|Dynamax Clause: You cannot dynamax
|clearpoke
|poke|p1|Regieleki|
|poke|p1|Zapdos-Galar|
|poke|p1|Blacephalon|
|poke|p1|Landorus-Therian, M|
|poke|p1|Ferrothorn, F|
|poke|p1|Tapu Fini|
|poke|p2|Melmetal|
|poke|p2|Kommo-o, F|
|poke|p2|Tapu Koko|
|poke|p2|Regieleki|
|poke|p2|Corviknight, F|
|poke|p2|Ferrothorn, F|
|teampreview
|inactive|Battle timer is ON: inactive players will automatically lose when time's up. (requested by Llyikes)
|
|t:|1641850729
|start
|switch|p1a: Landorus|Landorus-Therian, M|100/100
|switch|p2a: Ferrothorn|Ferrothorn, F|100/100
|-ability|p1a: Landorus|Intimidate|boost
|-unboost|p2a: Ferrothorn|atk|1
|turn|1
|
|t:|1641850739
|switch|p1a: Blacephalon|Blacephalon|100/100
|move|p2a: Ferrothorn|Stealth Rock|p1a: Blacephalon
|-sidestart|p1: Llyikes|move: Stealth Rock
|
|upkeep
|turn|2
|
|t:|1641850754
|move|p1a: Blacephalon|Substitute|p1a: Blacephalon
|-start|p1a: Blacephalon|Substitute
|-damage|p1a: Blacephalon|76/100
|move|p2a: Ferrothorn|Spikes|p1a: Blacephalon
|-sidestart|p1: Llyikes|Spikes
|
|upkeep
|turn|3
|
|t:|1641850765
|move|p1a: Blacephalon|Calm Mind|p1a: Blacephalon
|-boost|p1a: Blacephalon|spa|1
|-boost|p1a: Blacephalon|spd|1
|move|p2a: Ferrothorn|Spikes|p1a: Blacephalon
|-sidestart|p1: Llyikes|Spikes
|
|upkeep
|turn|4
|
|t:|1641850770
|move|p1a: Blacephalon|Flamethrower|p2a: Ferrothorn
|-supereffective|p2a: Ferrothorn
|-damage|p2a: Ferrothorn|0 fnt
|faint|p2a: Ferrothorn
|-ability|p1a: Blacephalon|Beast Boost|boost
|-boost|p1a: Blacephalon|spa|1
|
|upkeep
|
|t:|1641850779
|switch|p2a: Tapu Koko|Tapu Koko|100/100
|-fieldstart|move: Electric Terrain|[from] ability: Electric Surge|[of] p2a: Tapu Koko
|turn|5
|
|t:|1641850786
|move|p2a: Tapu Koko|Thunderbolt|p1a: Blacephalon
|-end|p1a: Blacephalon|Substitute
|-damage|p2a: Tapu Koko|91/100|[from] item: Life Orb
|move|p1a: Blacephalon|Flamethrower|p2a: Tapu Koko
|-damage|p2a: Tapu Koko|0 fnt
|faint|p2a: Tapu Koko
|-ability|p1a: Blacephalon|Beast Boost|boost
|-boost|p1a: Blacephalon|spa|1
|
|upkeep
|
|t:|1641850794
|switch|p2a: Regieleki|Regieleki|100/100
|turn|6
|
|t:|1641850800
|switch|p1a: Regieleki|Regieleki|100/100
|move|p2a: Regieleki|Rising Voltage|p1a: Regieleki
|-resisted|p1a: Regieleki
|-damage|p1a: Regieleki|0 fnt
|faint|p1a: Regieleki
|
|upkeep
|
|t:|1641850806
|switch|p1a: Landorus|Landorus-Therian, M|100/100
|-damage|p1a: Landorus|88/100|[from] Stealth Rock
|-ability|p1a: Landorus|Intimidate|boost
|-unboost|p2a: Regieleki|atk|1
|turn|7
|
|t:|1641850814
|switch|p2a: Kommo-o|Kommo-o, F|100/100
|move|p1a: Landorus|U-turn|p2a: Kommo-o
|-resisted|p2a: Kommo-o
|-damage|p2a: Kommo-o|90/100
|
|t:|1641850816
|switch|p1a: Tapu Fini|Tapu Fini|100/100|[from]move: U-turn
|-damage|p1a: Tapu Fini|88/100|[from] Stealth Rock
|-damage|p1a: Tapu Fini|72/100|[from] Spikes
|-fieldstart|move: Misty Terrain|[from] ability: Misty Surge|[of] p1a: Tapu Fini
|
|upkeep
|turn|8
|
|t:|1641850825
|move|p1a: Tapu Fini|Trick|p2a: Kommo-o
|-activate|p1a: Tapu Fini|move: Trick|[of] p2a: Kommo-o
|-item|p2a: Kommo-o|Choice Scarf|[from] move: Trick
|-item|p1a: Tapu Fini|Throat Spray|[from] move: Trick
|move|p2a: Kommo-o|Clangorous Soul|p2a: Kommo-o
|-boost|p2a: Kommo-o|atk|1
|-boost|p2a: Kommo-o|def|1
|-boost|p2a: Kommo-o|spa|1
|-boost|p2a: Kommo-o|spd|1
|-boost|p2a: Kommo-o|spe|1
|-damage|p2a: Kommo-o|57/100
|
|upkeep
|turn|9
|
|t:|1641850839
|switch|p2a: Corviknight|Corviknight, F|100/100
|-ability|p2a: Corviknight|Pressure
|move|p1a: Tapu Fini|Scald|p2a: Corviknight
|-damage|p2a: Corviknight|73/100
|-status|p2a: Corviknight|brn
|
|-heal|p2a: Corviknight|79/100 brn|[from] item: Leftovers
|-damage|p2a: Corviknight|73/100 brn|[from] brn
|upkeep
|turn|10
|
|t:|1641850849
|move|p1a: Tapu Fini|Taunt|p2a: Corviknight
|-start|p2a: Corviknight|move: Taunt
|cant|p2a: Corviknight|move: Taunt|Bulk Up
|
|-heal|p2a: Corviknight|79/100 brn|[from] item: Leftovers
|-damage|p2a: Corviknight|73/100 brn|[from] brn
|upkeep
|turn|11
|
|t:|1641850864
|move|p1a: Tapu Fini|Scald|p2a: Corviknight
|-damage|p2a: Corviknight|49/100 brn
|move|p2a: Corviknight|Iron Head|p1a: Tapu Fini
|-damage|p1a: Tapu Fini|62/100
|
|-heal|p2a: Corviknight|56/100 brn|[from] item: Leftovers
|-damage|p2a: Corviknight|49/100 brn|[from] brn
|-fieldend|Misty Terrain
|upkeep
|turn|12
|l|☆fewsfwedewf
|inactive|fewsfwedewf disconnected and has a minute to reconnect!
|player|p2|
|inactive|fewsfwedewf has 30 seconds to reconnect!
|inactive|fewsfwedewf has 20 seconds to reconnect!
|inactive|fewsfwedewf has 15 seconds to reconnect!
|inactive|fewsfwedewf has 10 seconds to reconnect!
|inactive|fewsfwedewf has 5 seconds to reconnect!
|-message|fewsfwedewf lost due to inactivity.
|
|win|Llyikes
|raw|Llyikes's rating: 1242 &rarr; <strong>1266</strong><br />(+24 for winning)
|raw|fewsfwedewf's rating: 1230 &rarr; <strong>1206</strong><br />(-24 for losing)
