|j|☆I Suck Smh
|j|☆Vervada
|t:|1641798504
|gametype|singles
|player|p1|I Suck Smh|265|1307
|player|p2|Vervada|backpacker|1331
|teamsize|p1|6
|teamsize|p2|6
|gen|8
|tier|[Gen 8] OU
|rated|
|rule|Sleep Clause Mod: Limit one foe put to sleep
|rule|Species Clause: Limit one of each Pokémon
|rule|OHKO Clause: OHKO moves are banned
|rule|Evasion Moves Clause: Evasion moves are banned
|rule|Endless Battle Clause: Forcing endless battles is banned
|rule|HP Percentage Mod: HP is shown in percentages
|rule|Dynamax Clause: You cannot dynamax
|clearpoke
|poke|p1|Primarina, F|
|poke|p1|Ferrothorn, F|
|poke|p1|Hippowdon, F|
|poke|p1|Tornadus-Therian, M|
|poke|p1|Weavile, F|
|poke|p1|Victini|
|poke|p2|Mew|
|poke|p2|Aerodactyl, F|
|poke|p2|Bisharp, M|
|poke|p2|Dragapult, F|
|poke|p2|Volcarona, M|
|poke|p2|Gyarados, F|
|teampreview
|inactive|Battle timer is ON: inactive players will automatically lose when time's up. (requested by Vervada)
|
|t:|1641798513
|start
|switch|p1a: Juliet|Primarina, F|100/100
|switch|p2a: Mew|Mew|100/100
|turn|1
|
|t:|1641798523
|move|p2a: Mew|Taunt|p1a: Juliet
|-start|p1a: Juliet|move: Taunt
|move|p1a: Juliet|Moonblast|p2a: Mew
|-damage|p2a: Mew|29/100
|-unboost|p2a: Mew|spa|1
|-enditem|p2a: Mew|Red Card|[of] p1a: Juliet
|drag|p1a: FIGARO|Victini|100/100
|
|upkeep
|turn|2
|
|t:|1641798551
|move|p2a: Mew|Stealth Rock|p1a: FIGARO
|-sidestart|p1: I Suck Smh|move: Stealth Rock
|move|p1a: FIGARO|U-turn|p2a: Mew
|-supereffective|p2a: Mew
|-damage|p2a: Mew|0 fnt
|faint|p2a: Mew
|
|t:|1641798572
|switch|p1a: Juliet|Primarina, F|100/100|[from]move: U-turn
|-damage|p1a: Juliet|88/100|[from] Stealth Rock
|
|upkeep
|inactive|Vervada has 120 seconds left.
|
|t:|1641798602
|switch|p2a: Gyarados|Gyarados, F|100/100
|turn|3
|
|t:|1641798613
|move|p2a: Gyarados|Dragon Dance|p2a: Gyarados
|-boost|p2a: Gyarados|atk|1
|-boost|p2a: Gyarados|spe|1
|move|p1a: Juliet|Moonblast|p2a: Gyarados
|-crit|p2a: Gyarados
|-damage|p2a: Gyarados|0 fnt
|faint|p2a: Gyarados
|
|upkeep
|j| RTSG 2
|
|t:|1641798621
|switch|p2a: Aerodactyl|Aerodactyl, F|100/100
|-ability|p2a: Aerodactyl|Pressure
|turn|4
|inactive|Vervada has 120 seconds left.
|
|t:|1641798635
|move|p1a: Juliet|Moonblast|p2a: Aerodactyl
|-damage|p2a: Aerodactyl|0 fnt
|faint|p2a: Aerodactyl
|
|upkeep
|c|☆I Suck Smh|primarina GOAT
|inactive|Vervada has 120 seconds left.
|c|☆I Suck Smh|TF
|
|t:|1641798649
|switch|p2a: Bisharp|Bisharp, M|100/100
|turn|5
|
|t:|1641798663
|move|p2a: Bisharp|Iron Head|p1a: Juliet
|-damage|p1a: Juliet|8/100
|-damage|p2a: Bisharp|91/100|[from] item: Life Orb
|move|p1a: Juliet|Moonblast|p2a: Bisharp
|-damage|p2a: Bisharp|0 fnt
|faint|p2a: Bisharp
|
|upkeep
|inactive|Vervada has 120 seconds left.
|
|t:|1641798674
|switch|p2a: Dragapult|Dragapult, F|100/100
|turn|6
|
|t:|1641798678
|move|p2a: Dragapult|Hex|p1a: Juliet
|-damage|p1a: Juliet|0 fnt
|faint|p1a: Juliet
|
|upkeep
|
|t:|1641798683
|switch|p1a: Frostbite|Weavile, F|100/100
|-ability|p1a: Frostbite|Pressure
|turn|7
|
|t:|1641798688
|move|p2a: Dragapult|Flamethrower|p1a: Frostbite
|-supereffective|p1a: Frostbite
|-damage|p1a: Frostbite|18/100
|-status|p1a: Frostbite|brn
|move|p1a: Frostbite|Knock Off|p2a: Dragapult
|-supereffective|p2a: Dragapult
|-damage|p2a: Dragapult|34/100
|-enditem|p2a: Dragapult|Expert Belt|[from] move: Knock Off|[of] p1a: Frostbite
|
|-damage|p1a: Frostbite|12/100 brn|[from] brn
|upkeep
|turn|8
|c|☆I Suck Smh|ooof
|c|☆I Suck Smh|like fuck
|
|t:|1641798704
|move|p1a: Frostbite|Ice Shard|p2a: Dragapult
|-supereffective|p2a: Dragapult
|-damage|p2a: Dragapult|3/100
|move|p2a: Dragapult|Flamethrower|p1a: Frostbite
|-supereffective|p1a: Frostbite
|-damage|p1a: Frostbite|0 fnt
|faint|p1a: Frostbite
|
|upkeep
|
|t:|1641798714
|switch|p1a: Deidara Senpai|Tornadus-Therian, M|100/100
|turn|9
|
|t:|1641798719
|move|p2a: Dragapult|Thunderbolt|p1a: Deidara Senpai
|-supereffective|p1a: Deidara Senpai
|-damage|p1a: Deidara Senpai|51/100
|move|p1a: Deidara Senpai|U-turn|p2a: Dragapult
|-resisted|p2a: Dragapult
|-damage|p2a: Dragapult|0 fnt
|faint|p2a: Dragapult
|
|t:|1641798726
|switch|p1a: FIGARO|Victini|100/100|[from]move: U-turn
|
|upkeep
|
|t:|1641798730
|switch|p2a: Volcarona|Volcarona, M|100/100
|turn|10
|
|t:|1641798735
|move|p1a: FIGARO|V-create|p2a: Volcarona
|-damage|p2a: Volcarona|0 fnt
|-unboost|p1a: FIGARO|spe|1
|-unboost|p1a: FIGARO|def|1
|-unboost|p1a: FIGARO|spd|1
|faint|p2a: Volcarona
|
|win|I Suck Smh
|raw|I Suck Smh's rating: 1307 &rarr; <strong>1328</strong><br />(+21 for winning)
|raw|Vervada's rating: 1331 &rarr; <strong>1310</strong><br />(-21 for losing)
|c|☆I Suck Smh|gg
|l|☆Vervada
|l| RTSG 2
