|j|☆ChipioroGamer
|j|☆8jaggery
|t:|1641808756
|gametype|singles
|player|p1|ChipioroGamer|170|1130
|player|p2|8jaggery|265|1189
|teamsize|p1|6
|teamsize|p2|6
|gen|8
|tier|[Gen 8] OU
|rated|
|rule|Sleep Clause Mod: Limit one foe put to sleep
|rule|Species Clause: Limit one of each Pokémon
|rule|OHKO Clause: OHKO moves are banned
|rule|Evasion Moves Clause: Evasion moves are banned
|rule|Endless Battle Clause: Forcing endless battles is banned
|rule|HP Percentage Mod: HP is shown in percentages
|rule|Dynamax Clause: You cannot dynamax
|clearpoke
|poke|p1|Heatran, M|
|poke|p1|Landorus-Therian, M|
|poke|p1|Ferrothorn, M|
|poke|p1|Hydreigon, F|
|poke|p1|Buzzwole|
|poke|p1|Pelipper, M|
|poke|p2|Hawlucha, F|
|poke|p2|Rillaboom, F|
|poke|p2|Heatran, M|
|poke|p2|Dragapult, F|
|poke|p2|Clefable, M|
|poke|p2|Blastoise, F|
|teampreview
|
|t:|1641808773
|start
|switch|p1a: I Hate Plugs|Pelipper, M|100/100
|switch|p2a: Blastoise|Blastoise, F|100/100
|-weather|RainDance|[from] ability: Drizzle|[of] p1a: I Hate Plugs
|turn|1
|inactive|Battle timer is ON: inactive players will automatically lose when time's up. (requested by ChipioroGamer)
|
|t:|1641808780
|move|p2a: Blastoise|Shell Smash|p2a: Blastoise
|-unboost|p2a: Blastoise|def|1
|-unboost|p2a: Blastoise|spd|1
|-boost|p2a: Blastoise|atk|2
|-boost|p2a: Blastoise|spa|2
|-boost|p2a: Blastoise|spe|2
|-enditem|p2a: Blastoise|White Herb
|-clearnegativeboost|p2a: Blastoise|[silent]
|move|p1a: I Hate Plugs|U-turn|p2a: Blastoise
|-damage|p2a: Blastoise|91/100
|
|t:|1641808789
|switch|p1a: I Hate BBQ|Ferrothorn, M|100/100|[from]move: U-turn
|
|-weather|RainDance|[upkeep]
|upkeep
|turn|2
|
|t:|1641808798
|switch|p2a: Heatran|Heatran, M|100/100
|-item|p2a: Heatran|Air Balloon
|move|p1a: I Hate BBQ|Leech Seed|p2a: Heatran
|-start|p2a: Heatran|move: Leech Seed
|
|-weather|RainDance|[upkeep]
|-damage|p2a: Heatran|88/100|[from] Leech Seed|[of] p1a: I Hate BBQ
|upkeep
|turn|3
|
|t:|1641808807
|switch|p2a: Hawlucha|Hawlucha, F|100/100
|move|p1a: I Hate BBQ|Protect||[still]
|-fail|p1a: I Hate BBQ
|
|-weather|RainDance|[upkeep]
|upkeep
|turn|4
|
|t:|1641808812
|switch|p1a: I Hate Ice Creams|Landorus-Therian, M|100/100
|-ability|p1a: I Hate Ice Creams|Intimidate|boost
|-unboost|p2a: Hawlucha|atk|1
|move|p2a: Hawlucha|Close Combat|p1a: I Hate Ice Creams
|-resisted|p1a: I Hate Ice Creams
|-damage|p1a: I Hate Ice Creams|80/100
|-unboost|p2a: Hawlucha|def|1
|-unboost|p2a: Hawlucha|spd|1
|
|-weather|RainDance|[upkeep]
|upkeep
|turn|5
|
|t:|1641808825
|switch|p2a: Blastoise|Blastoise, F|91/100
|move|p1a: I Hate Ice Creams|U-turn|p2a: Blastoise
|-damage|p2a: Blastoise|60/100
|
|t:|1641808831
|switch|p1a: I Hate BBQ|Ferrothorn, M|100/100|[from]move: U-turn
|
|-weather|RainDance|[upkeep]
|upkeep
|turn|6
|
|t:|1641808840
|switch|p2a: Hawlucha|Hawlucha, F|100/100
|move|p1a: I Hate BBQ|Leech Seed|p2a: Hawlucha
|-start|p2a: Hawlucha|move: Leech Seed
|
|-weather|RainDance|[upkeep]
|-damage|p2a: Hawlucha|88/100|[from] Leech Seed|[of] p1a: I Hate BBQ
|upkeep
|turn|7
|inactive|8jaggery has 120 seconds left.
|
|t:|1641808885
|switch|p2a: Clefable|Clefable, M|100/100
|switch|p1a: I Hate Ice Creams|Landorus-Therian, M|80/100
|-ability|p1a: I Hate Ice Creams|Intimidate|boost
|-unboost|p2a: Clefable|atk|1
|
|-weather|RainDance|[upkeep]
|upkeep
|turn|8
|
|t:|1641808900
|move|p1a: I Hate Ice Creams|U-turn|p2a: Clefable
|-resisted|p2a: Clefable
|-damage|p2a: Clefable|86/100
|
|t:|1641808906
|switch|p1a: I Hate Sand|Heatran, M, shiny|100/100|[from]move: U-turn
|-item|p1a: I Hate Sand|Air Balloon
|move|p2a: Clefable|Moonblast|p1a: I Hate Sand
|-resisted|p1a: I Hate Sand
|-damage|p1a: I Hate Sand|95/100
|-unboost|p1a: I Hate Sand|spa|1
|-enditem|p1a: I Hate Sand|Air Balloon
|
|-weather|none
|-heal|p2a: Clefable|92/100|[from] item: Leftovers
|upkeep
|turn|9
|inactive|8jaggery has 120 seconds left.
|
|t:|1641808922
|switch|p2a: Blastoise|Blastoise, F|60/100
|move|p1a: I Hate Sand|Magma Storm|p2a: Blastoise
|-resisted|p2a: Blastoise
|-damage|p2a: Blastoise|44/100
|-activate|p2a: Blastoise|move: Magma Storm|[of] p1a: I Hate Sand
|
|-damage|p2a: Blastoise|32/100|[from] move: Magma Storm|[partiallytrapped]
|upkeep
|turn|10
|
|t:|1641808937
|switch|p1a: I Hate BBQ|Ferrothorn, M|100/100
|move|p2a: Blastoise|Surf|p1a: I Hate BBQ
|-resisted|p1a: I Hate BBQ
|-damage|p1a: I Hate BBQ|79/100
|
|-heal|p1a: I Hate BBQ|85/100|[from] item: Leftovers
|-end|p2a: Blastoise|Magma Storm|[partiallytrapped]|[silent]
|upkeep
|turn|11
|
|t:|1641808947
|switch|p2a: Hawlucha|Hawlucha, F|88/100
|move|p1a: I Hate BBQ|Leech Seed|p2a: Hawlucha
|-start|p2a: Hawlucha|move: Leech Seed
|
|-heal|p1a: I Hate BBQ|91/100|[from] item: Leftovers
|-damage|p2a: Hawlucha|76/100|[from] Leech Seed|[of] p1a: I Hate BBQ
|-heal|p1a: I Hate BBQ|100/100|[silent]
|upkeep
|turn|12
|inactive|8jaggery has 120 seconds left.
|
|t:|1641808957
|switch|p2a: Rillaboom|Rillaboom, F|100/100
|-fieldstart|move: Grassy Terrain|[from] ability: Grassy Surge|[of] p2a: Rillaboom
|switch|p1a: I Hate Ice Creams|Landorus-Therian, M|80/100
|-ability|p1a: I Hate Ice Creams|Intimidate|boost
|-unboost|p2a: Rillaboom|atk|1
|
|upkeep
|turn|13
|inactive|8jaggery has 120 seconds left.
|
|t:|1641808970
|switch|p2a: Dragapult|Dragapult, F|100/100
|move|p1a: I Hate Ice Creams|U-turn|p2a: Dragapult
|-resisted|p2a: Dragapult
|-damage|p2a: Dragapult|82/100
|
|t:|1641808987
|switch|p1a: I Hate Sand|Heatran, M, shiny|95/100|[from]move: U-turn
|
|-heal|p2a: Dragapult|88/100|[from] Grassy Terrain
|-heal|p1a: I Hate Sand|100/100|[from] Grassy Terrain
|upkeep
|turn|14
|
|t:|1641808994
|move|p2a: Dragapult|Scald|p1a: I Hate Sand
|-supereffective|p1a: I Hate Sand
|-damage|p1a: I Hate Sand|54/100
|-damage|p2a: Dragapult|78/100|[from] item: Life Orb
|move|p1a: I Hate Sand|Magma Storm|p2a: Dragapult
|-resisted|p2a: Dragapult
|-damage|p2a: Dragapult|49/100
|-activate|p2a: Dragapult|move: Magma Storm|[of] p1a: I Hate Sand
|
|-heal|p2a: Dragapult|55/100|[from] Grassy Terrain
|-heal|p1a: I Hate Sand|60/100|[from] Grassy Terrain
|-damage|p2a: Dragapult|43/100|[from] move: Magma Storm|[partiallytrapped]
|upkeep
|turn|15
|
|t:|1641809006
|move|p1a: I Hate Sand|Protect|p1a: I Hate Sand
|-singleturn|p1a: I Hate Sand|Protect
|move|p2a: Dragapult|Scald|p1a: I Hate Sand
|-activate|p1a: I Hate Sand|move: Protect
|
|-heal|p2a: Dragapult|49/100|[from] Grassy Terrain
|-heal|p1a: I Hate Sand|66/100|[from] Grassy Terrain
|-damage|p2a: Dragapult|37/100|[from] move: Magma Storm|[partiallytrapped]
|upkeep
|turn|16
|
|t:|1641809016
|move|p2a: Dragapult|Scald|p1a: I Hate Sand
|-supereffective|p1a: I Hate Sand
|-damage|p1a: I Hate Sand|23/100
|-damage|p2a: Dragapult|27/100|[from] item: Life Orb
|move|p1a: I Hate Sand|Flash Cannon|p2a: Dragapult
|-damage|p2a: Dragapult|0 fnt
|faint|p2a: Dragapult
|
|-heal|p1a: I Hate Sand|30/100|[from] Grassy Terrain
|-fieldend|move: Grassy Terrain
|upkeep
|
|t:|1641809027
|switch|p2a: Hawlucha|Hawlucha, F|76/100
|turn|17
|
|t:|1641809031
|switch|p1a: I Hate Ice Creams|Landorus-Therian, M|80/100
|-ability|p1a: I Hate Ice Creams|Intimidate|boost
|-unboost|p2a: Hawlucha|atk|1
|move|p2a: Hawlucha|Close Combat|p1a: I Hate Ice Creams
|-resisted|p1a: I Hate Ice Creams
|-damage|p1a: I Hate Ice Creams|59/100
|-unboost|p2a: Hawlucha|def|1
|-unboost|p2a: Hawlucha|spd|1
|
|upkeep
|turn|18
|
|t:|1641809041
|switch|p2a: Clefable|Clefable, M|92/100
|move|p1a: I Hate Ice Creams|Knock Off|p2a: Clefable
|-resisted|p2a: Clefable
|-damage|p2a: Clefable|70/100
|-enditem|p2a: Clefable|Leftovers|[from] move: Knock Off|[of] p1a: I Hate Ice Creams
|
|upkeep
|turn|19
|
|t:|1641809050
|switch|p1a: I Hate Sand|Heatran, M, shiny|30/100
|move|p2a: Clefable|Soft-Boiled|p2a: Clefable
|-heal|p2a: Clefable|100/100
|
|upkeep
|turn|20
|
|t:|1641809056
|switch|p2a: Hawlucha|Hawlucha, F|76/100
|move|p1a: I Hate Sand|Magma Storm|p2a: Hawlucha
|-damage|p2a: Hawlucha|0 fnt
|faint|p2a: Hawlucha
|
|upkeep
|
|t:|1641809063
|switch|p2a: Heatran|Heatran, M|88/100
|-item|p2a: Heatran|Air Balloon
|turn|21
|
|t:|1641809068
|move|p1a: I Hate Sand|Protect|p1a: I Hate Sand
|-singleturn|p1a: I Hate Sand|Protect
|move|p2a: Heatran|Earth Power|p1a: I Hate Sand
|-activate|p1a: I Hate Sand|move: Protect
|
|upkeep
|turn|22
|
|t:|1641809074
|switch|p1a: I Hate Plugs|Pelipper, M|100/100
|-weather|RainDance|[from] ability: Drizzle|[of] p1a: I Hate Plugs
|move|p2a: Heatran|Earth Power|p1a: I Hate Plugs
|-immune|p1a: I Hate Plugs
|
|-weather|RainDance|[upkeep]
|upkeep
|turn|23
|
|t:|1641809083
|switch|p2a: Clefable|Clefable, M|100/100
|move|p1a: I Hate Plugs|Weather Ball|p2a: Clefable
|-damage|p2a: Clefable|56/100
|
|-weather|RainDance|[upkeep]
|upkeep
|turn|24
|
|t:|1641809091
|move|p1a: I Hate Plugs|Weather Ball|p2a: Clefable
|-damage|p2a: Clefable|13/100
|move|p2a: Clefable|Moonblast|p1a: I Hate Plugs
|-damage|p1a: I Hate Plugs|51/100
|
|-weather|RainDance|[upkeep]
|upkeep
|turn|25
|
|t:|1641809099
|move|p1a: I Hate Plugs|Weather Ball|p2a: Clefable
|-damage|p2a: Clefable|0 fnt
|faint|p2a: Clefable
|
|-weather|RainDance|[upkeep]
|upkeep
|
|t:|1641809104
|switch|p2a: Rillaboom|Rillaboom, F|100/100
|-fieldstart|move: Grassy Terrain|[from] ability: Grassy Surge|[of] p2a: Rillaboom
|turn|26
|
|t:|1641809109
|move|p2a: Rillaboom|Grassy Glide|p1a: I Hate Plugs
|-damage|p1a: I Hate Plugs|0 fnt
|faint|p1a: I Hate Plugs
|
|-weather|RainDance|[upkeep]
|upkeep
|
|t:|1641809118
|switch|p1a: I Hate Birds|Buzzwole|100/100
|turn|27
|
|t:|1641809140
|switch|p2a: Heatran|Heatran, M|88/100
|-item|p2a: Heatran|Air Balloon
|move|p1a: I Hate Birds|Drain Punch|p2a: Heatran
|-supereffective|p2a: Heatran
|-damage|p2a: Heatran|8/100
|-enditem|p2a: Heatran|Air Balloon
|
|-weather|RainDance|[upkeep]
|-heal|p2a: Heatran|14/100|[from] Grassy Terrain
|upkeep
|turn|28
|
|t:|1641809150
|move|p1a: I Hate Birds|Drain Punch|p2a: Heatran
|-supereffective|p2a: Heatran
|-damage|p2a: Heatran|0 fnt
|faint|p2a: Heatran
|-ability|p1a: I Hate Birds|Beast Boost|boost
|-boost|p1a: I Hate Birds|atk|1
|
|-weather|RainDance|[upkeep]
|upkeep
|
|t:|1641809157
|switch|p2a: Rillaboom|Rillaboom, F|100/100
|turn|29
|
|t:|1641809163
|move|p2a: Rillaboom|Grassy Glide|p1a: I Hate Birds
|-resisted|p1a: I Hate Birds
|-damage|p1a: I Hate Birds|82/100
|move|p1a: I Hate Birds|Leech Life|p2a: Rillaboom
|-supereffective|p2a: Rillaboom
|-damage|p2a: Rillaboom|0 fnt
|-heal|p1a: I Hate Birds|100/100|[from] drain|[of] p2a: Rillaboom
|faint|p2a: Rillaboom
|-ability|p1a: I Hate Birds|Beast Boost|boost
|-boost|p1a: I Hate Birds|atk|1
|
|-weather|none
|upkeep
|
|t:|1641809174
|switch|p2a: Blastoise|Blastoise, F|32/100
|turn|30
|
|t:|1641809178
|move|p2a: Blastoise|Surf|p1a: I Hate Birds
|-damage|p1a: I Hate Birds|22/100
|move|p1a: I Hate Birds|Leech Life|p2a: Blastoise
|-damage|p2a: Blastoise|0 fnt
|-heal|p1a: I Hate Birds|35/100|[from] drain|[of] p2a: Blastoise
|faint|p2a: Blastoise
|
|win|ChipioroGamer
|raw|ChipioroGamer's rating: 1130 &rarr; <strong>1159</strong><br />(+29 for winning)
|raw|8jaggery's rating: 1189 &rarr; <strong>1160</strong><br />(-29 for losing)
|c|☆ChipioroGamer|gg
|c|☆8jaggery|gg
