|j|☆Gastalies
|j|☆Coach from L4D2
|t:|1641759547
|gametype|singles
|player|p1|Gastalies|170|1547
|player|p2|Coach from L4D2|linebacker|1585
|teamsize|p1|6
|teamsize|p2|6
|gen|8
|tier|[Gen 8] OU
|rated|
|rule|Sleep Clause Mod: Limit one foe put to sleep
|rule|Species Clause: Limit one of each Pokémon
|rule|OHKO Clause: OHKO moves are banned
|rule|Evasion Moves Clause: Evasion moves are banned
|rule|Endless Battle Clause: Forcing endless battles is banned
|rule|HP Percentage Mod: HP is shown in percentages
|rule|Dynamax Clause: You cannot dynamax
|clearpoke
|poke|p1|Regieleki|
|poke|p1|Zapdos-Galar|
|poke|p1|Landorus-Therian, M|
|poke|p1|Heatran, F|
|poke|p1|Mandibuzz, F|
|poke|p1|Slowbro, F|
|poke|p2|Raichu-Alola, F|
|poke|p2|Tapu Koko|
|poke|p2|Swampert, F|
|poke|p2|Zapdos|
|poke|p2|Ferrothorn, M|
|poke|p2|Urshifu-*, M|
|teampreview
|
|t:|1641759566
|start
|switch|p1a: Landorus|Landorus-Therian, M|100/100
|switch|p2a: Urshifu|Urshifu-Rapid-Strike, M|100/100
|-ability|p1a: Landorus|Intimidate|boost
|-unboost|p2a: Urshifu|atk|1
|turn|1
|
|t:|1641759584
|switch|p1a: Slowbro|Slowbro, F|100/100
|move|p2a: Urshifu|U-turn|p1a: Slowbro
|-supereffective|p1a: Slowbro
|-crit|p1a: Slowbro
|-damage|p1a: Slowbro|37/100
|
|t:|1641759590
|switch|p2a: Eagle|Tapu Koko|100/100|[from]move: U-turn
|-fieldstart|move: Electric Terrain|[from] ability: Electric Surge|[of] p2a: Eagle
|
|upkeep
|turn|2
|
|t:|1641759600
|switch|p1a: Landorus|Landorus-Therian, M|100/100
|-ability|p1a: Landorus|Intimidate|boost
|-unboost|p2a: Eagle|atk|1
|move|p2a: Eagle|U-turn|p1a: Landorus
|-resisted|p1a: Landorus
|-damage|p1a: Landorus|95/100
|
|t:|1641759604
|switch|p2a: Urshifu|Urshifu-Rapid-Strike, M|100/100|[from]move: U-turn
|
|-heal|p1a: Landorus|100/100|[from] item: Leftovers
|upkeep
|turn|3
|
|t:|1641759608
|switch|p1a: Mandibuzz|Mandibuzz, F|100/100
|move|p2a: Urshifu|Surging Strikes|p1a: Mandibuzz
|-crit|p1a: Mandibuzz
|-damage|p1a: Mandibuzz|82/100
|-crit|p1a: Mandibuzz
|-damage|p1a: Mandibuzz|61/100
|-crit|p1a: Mandibuzz
|-damage|p1a: Mandibuzz|42/100
|-hitcount|p1a: Mandibuzz|3
|
|upkeep
|turn|4
|
|t:|1641759613
|switch|p2a: Voltsail|Raichu-Alola, F, shiny|100/100
|switch|p1a: Slowbro|Slowbro, F|70/100
|
|upkeep
|turn|5
|
|t:|1641759618
|switch|p1a: Landorus|Landorus-Therian, M|100/100
|-ability|p1a: Landorus|Intimidate|boost
|-unboost|p2a: Voltsail|atk|1
|move|p2a: Voltsail|Nasty Plot|p2a: Voltsail
|-boost|p2a: Voltsail|spa|2
|
|upkeep
|turn|6
|
|t:|1641759622
|move|p2a: Voltsail|Surf|p1a: Landorus
|-supereffective|p1a: Landorus
|-damage|p1a: Landorus|0 fnt
|faint|p1a: Landorus
|-damage|p2a: Voltsail|91/100|[from] item: Life Orb
|
|upkeep
|-message|Gastalies forfeited.
|
|win|Coach from L4D2
|raw|Gastalies's rating: 1547 &rarr; <strong>1529</strong><br />(-18 for losing)
|raw|Coach from L4D2's rating: 1585 &rarr; <strong>1603</strong><br />(+18 for winning)
|l|☆Gastalies
||Ladder isn't responding, score probably updated but might not have (Request timeout).
