|j|☆GamerModeTime
|j|☆Two X Three
|t:|1641718757
|gametype|singles
|player|p1|GamerModeTime|wallace|1126
|player|p2|Two X Three|alder|1169
|teamsize|p1|6
|teamsize|p2|6
|gen|8
|tier|[Gen 8] OU
|rated|
|rule|Sleep Clause Mod: Limit one foe put to sleep
|rule|Species Clause: Limit one of each Pokémon
|rule|OHKO Clause: OHKO moves are banned
|rule|Evasion Moves Clause: Evasion moves are banned
|rule|Endless Battle Clause: Forcing endless battles is banned
|rule|HP Percentage Mod: HP is shown in percentages
|rule|Dynamax Clause: You cannot dynamax
|clearpoke
|poke|p1|Crawdaunt, M|
|poke|p1|Blissey, F|
|poke|p1|Slowbro, F|
|poke|p1|Landorus-Therian, M|
|poke|p1|Tapu Fini|
|poke|p1|Blacephalon|
|poke|p2|Barraskewda, M|
|poke|p2|Pelipper, F|
|poke|p2|Tapu Lele|
|poke|p2|Landorus-Therian, M|
|poke|p2|Ferrothorn, F|
|poke|p2|Blissey, F|
|teampreview
|inactive|Battle timer is ON: inactive players will automatically lose when time's up. (requested by GamerModeTime)
|inactive|GamerModeTime has 120 seconds left.
|
|t:|1641718804
|start
|switch|p1a: Crawdaunt|Crawdaunt, M|100/100
|switch|p2a: Pelipper|Pelipper, F, shiny|100/100
|-weather|RainDance|[from] ability: Drizzle|[of] p2a: Pelipper
|turn|1
|
|t:|1641718816
|switch|p2a: Landorus|Landorus-Therian, M|100/100
|-ability|p2a: Landorus|Intimidate|boost
|-unboost|p1a: Crawdaunt|atk|1
|move|p1a: Crawdaunt|Swords Dance|p1a: Crawdaunt
|-boost|p1a: Crawdaunt|atk|2
|
|-weather|RainDance|[upkeep]
|upkeep
|turn|2
|
|t:|1641718825
|move|p1a: Crawdaunt|Aqua Jet|p2a: Landorus
|-supereffective|p2a: Landorus
|-damage|p2a: Landorus|0 fnt
|faint|p2a: Landorus
|-damage|p1a: Crawdaunt|91/100|[from] item: Life Orb
|
|-weather|RainDance|[upkeep]
|upkeep
|
|t:|1641718834
|switch|p2a: Barraskewda|Barraskewda, M, shiny|100/100
|turn|3
|
|t:|1641718843
|switch|p1a: Slowbro|Slowbro, F|100/100
|move|p2a: Barraskewda|Close Combat|p1a: Slowbro
|-resisted|p1a: Slowbro
|-damage|p1a: Slowbro|82/100
|-unboost|p2a: Barraskewda|def|1
|-unboost|p2a: Barraskewda|spd|1
|
|-weather|RainDance|[upkeep]
|upkeep
|turn|4
|
|t:|1641718853
|switch|p2a: Ferrothorn|Ferrothorn, F, shiny|100/100
|move|p1a: Slowbro|Future Sight|p2a: Ferrothorn
|-start|p1a: Slowbro|move: Future Sight
|
|-weather|RainDance|[upkeep]
|upkeep
|turn|5
|
|t:|1641718862
|move|p2a: Ferrothorn|Leech Seed|p1a: Slowbro
|-start|p1a: Slowbro|move: Leech Seed
|move|p1a: Slowbro|Teleport|p1a: Slowbro
|inactive|GamerModeTime has 120 seconds left.
|
|t:|1641718893
|switch|p1a: Blacephalon|Blacephalon|100/100|[from]move: Teleport
|
|-weather|RainDance|[upkeep]
|upkeep
|turn|6
|
|t:|1641718910
|switch|p2a: Pelipper|Pelipper, F, shiny|100/100
|move|p1a: Blacephalon|Overheat|p2a: Pelipper
|-resisted|p2a: Pelipper
|-damage|p2a: Pelipper|63/100
|-unboost|p1a: Blacephalon|spa|2
|
|-weather|RainDance|[upkeep]
|-end|p2a: Pelipper|move: Future Sight
|-damage|p2a: Pelipper|5/100
|upkeep
|turn|7
|
|t:|1641718925
|switch|p2a: Barraskewda|Barraskewda, M, shiny|100/100
|move|p1a: Blacephalon|Overheat|p2a: Barraskewda
|-resisted|p2a: Barraskewda
|-damage|p2a: Barraskewda|73/100
|-unboost|p1a: Blacephalon|spa|2
|
|-weather|RainDance|[upkeep]
|upkeep
|turn|8
|
|t:|1641718934
|switch|p1a: Slowbro|Slowbro, F|100/100
|move|p2a: Barraskewda|Crunch|p1a: Slowbro
|-supereffective|p1a: Slowbro
|-enditem|p1a: Slowbro|Colbur Berry|[eat]
|-enditem|p1a: Slowbro|Colbur Berry|[weaken]
|-damage|p1a: Slowbro|74/100
|-unboost|p1a: Slowbro|def|1
|
|-weather|none
|upkeep
|turn|9
|
|t:|1641718944
|move|p2a: Barraskewda|Crunch|p1a: Slowbro
|-supereffective|p1a: Slowbro
|-damage|p1a: Slowbro|0 fnt
|faint|p1a: Slowbro
|
|upkeep
|
|t:|1641718969
|switch|p1a: Tapu Fini|Tapu Fini|100/100
|-fieldstart|move: Misty Terrain|[from] ability: Misty Surge|[of] p1a: Tapu Fini
|turn|10
|
|t:|1641718978
|switch|p2a: Blissey|Blissey, F|100/100
|move|p1a: Tapu Fini|Moonblast|p2a: Blissey
|-damage|p2a: Blissey|86/100
|
|upkeep
|turn|11
|
|t:|1641718985
|switch|p1a: Blissey|Blissey, F|100/100
|move|p2a: Blissey|Wish|p2a: Blissey
|
|upkeep
|turn|12
|
|t:|1641719012
|move|p1a: Blissey|Seismic Toss|p2a: Blissey
|-damage|p2a: Blissey|72/100
|move|p2a: Blissey|Wish||[still]
|-fail|p2a: Blissey
|
|-heal|p2a: Blissey|100/100|[from] move: Wish|[wisher] Blissey
|upkeep
|turn|13
|
|t:|1641719019
|move|p1a: Blissey|Stealth Rock|p2a: Blissey
|-sidestart|p2: Two X Three|move: Stealth Rock
|move|p2a: Blissey|Wish|p2a: Blissey
|
|upkeep
|turn|14
|
|t:|1641719027
|switch|p2a: Barraskewda|Barraskewda, M, shiny|73/100
|-damage|p2a: Barraskewda|61/100|[from] Stealth Rock
|move|p1a: Blissey|Thunder Wave|p2a: Barraskewda
|-activate|p2a: Barraskewda|move: Misty Terrain
|
|-heal|p2a: Barraskewda|100/100|[from] move: Wish|[wisher] Blissey
|-fieldend|Misty Terrain
|upkeep
|turn|15
|
|t:|1641719042
|switch|p1a: Tapu Fini|Tapu Fini|100/100
|-fieldstart|move: Misty Terrain|[from] ability: Misty Surge|[of] p1a: Tapu Fini
|move|p2a: Barraskewda|Liquidation|p1a: Tapu Fini
|-resisted|p1a: Tapu Fini
|-damage|p1a: Tapu Fini|64/100
|
|upkeep
|turn|16
|
|t:|1641719052
|switch|p2a: Ferrothorn|Ferrothorn, F, shiny|100/100
|-damage|p2a: Ferrothorn|94/100|[from] Stealth Rock
|move|p1a: Tapu Fini|Trick|p2a: Ferrothorn
|-activate|p1a: Tapu Fini|move: Trick|[of] p2a: Ferrothorn
|-item|p2a: Ferrothorn|Choice Scarf|[from] move: Trick
|-item|p1a: Tapu Fini|Rocky Helmet|[from] move: Trick
|
|upkeep
|turn|17
|
|t:|1641719071
|switch|p1a: Landorus|Landorus-Therian, M|100/100
|-ability|p1a: Landorus|Intimidate|boost
|-unboost|p2a: Ferrothorn|atk|1
|move|p2a: Ferrothorn|Spikes|p1a: Landorus
|-sidestart|p1: GamerModeTime|Spikes
|
|upkeep
|turn|18
|
|t:|1641719077
|move|p1a: Landorus|U-turn|p2a: Ferrothorn
|-damage|p2a: Ferrothorn|77/100
|-damage|p1a: Landorus|88/100|[from] ability: Iron Barbs|[of] p2a: Ferrothorn
|
|t:|1641719087
|switch|p1a: Crawdaunt|Crawdaunt, M|91/100|[from]move: U-turn
|-damage|p1a: Crawdaunt|78/100|[from] Spikes
|move|p2a: Ferrothorn|Spikes|p1a: Crawdaunt
|-sidestart|p1: GamerModeTime|Spikes
|
|upkeep
|turn|19
|
|t:|1641719094
|move|p1a: Crawdaunt|Swords Dance|p1a: Crawdaunt
|-boost|p1a: Crawdaunt|atk|2
|move|p2a: Ferrothorn|Spikes|p1a: Crawdaunt
|-sidestart|p1: GamerModeTime|Spikes
|
|-fieldend|Misty Terrain
|upkeep
|turn|20
|
|t:|1641719100
|switch|p2a: Tapu Lele|Tapu Lele, shiny|100/100
|-damage|p2a: Tapu Lele|88/100|[from] Stealth Rock
|-fieldstart|move: Psychic Terrain|[from] ability: Psychic Surge|[of] p2a: Tapu Lele
|move|p1a: Crawdaunt|Swords Dance|p1a: Crawdaunt
|-boost|p1a: Crawdaunt|atk|2
|
|upkeep
|turn|21
|
|t:|1641719114
|switch|p1a: Blissey|Blissey, F|100/100
|move|p2a: Tapu Lele|Moonblast|p1a: Blissey
|-damage|p1a: Blissey|79/100
|-unboost|p1a: Blissey|spa|1
|
|upkeep
|turn|22
|
|t:|1641719123
|switch|p2a: Ferrothorn|Ferrothorn, F, shiny|77/100
|-damage|p2a: Ferrothorn|71/100|[from] Stealth Rock
|move|p1a: Blissey|Thunder Wave|p2a: Ferrothorn
|-status|p2a: Ferrothorn|par
|
|upkeep
|turn|23
|
|t:|1641719133
|switch|p1a: Blacephalon|Blacephalon|100/100
|-damage|p1a: Blacephalon|76/100|[from] Spikes
|move|p2a: Ferrothorn|Stealth Rock|p1a: Blacephalon
|-sidestart|p1: GamerModeTime|move: Stealth Rock
|
|upkeep
|turn|24
|
|t:|1641719143
|switch|p2a: Pelipper|Pelipper, F, shiny|5/100
|-damage|p2a: Pelipper|0 fnt|[from] Stealth Rock
|faint|p2a: Pelipper
|move|p1a: Blacephalon|Flamethrower|p2: Pelipper|[notarget]
|-fail|p1a: Blacephalon
|
|-fieldend|move: Psychic Terrain
|upkeep
|
|t:|1641719151
|switch|p2a: Barraskewda|Barraskewda, M, shiny|100/100
|-damage|p2a: Barraskewda|88/100|[from] Stealth Rock
|turn|25
|
|t:|1641719170
|switch|p1a: Blissey|Blissey, F|79/100
|move|p2a: Barraskewda|Flip Turn|p1a: Blissey
|-damage|p1a: Blissey|40/100
|inactive|Two X Three has 120 seconds left.
|
|t:|1641719203
|switch|p2a: Tapu Lele|Tapu Lele, shiny|88/100|[from]move: Flip Turn
|-damage|p2a: Tapu Lele|76/100|[from] Stealth Rock
|-fieldstart|move: Psychic Terrain|[from] ability: Psychic Surge|[of] p2a: Tapu Lele
|
|upkeep
|turn|26
|
|t:|1641719213
|move|p2a: Tapu Lele|Psyshock|p1a: Blissey
|-damage|p1a: Blissey|0 fnt
|faint|p1a: Blissey
|
|upkeep
|
|t:|1641719215
|switch|p1a: Landorus|Landorus-Therian, M|88/100
|-damage|p1a: Landorus|76/100|[from] Stealth Rock
|-ability|p1a: Landorus|Intimidate|boost
|-unboost|p2a: Tapu Lele|atk|1
|turn|27
|inactive|Two X Three has 120 seconds left.
|
|t:|1641719226
|switch|p2a: Ferrothorn|Ferrothorn, F, shiny|71/100 par
|-damage|p2a: Ferrothorn|65/100 par|[from] Stealth Rock
|move|p1a: Landorus|Defog|p2a: Ferrothorn
|-unboost|p2a: Ferrothorn|evasion|1
|-sideend|p2: Two X Three|Stealth Rock|[from] move: Defog|[of] p1a: Landorus
|-sideend|p1: GamerModeTime|Spikes|[from] move: Defog|[of] p1a: Landorus
|-sideend|p1: GamerModeTime|Stealth Rock|[from] move: Defog|[of] p1a: Landorus
|-fieldend|move: Psychic Terrain
|
|-heal|p1a: Landorus|82/100|[from] item: Leftovers
|upkeep
|turn|28
|
|t:|1641719236
|move|p1a: Landorus|Earthquake|p2a: Ferrothorn
|-damage|p2a: Ferrothorn|33/100 par
|move|p2a: Ferrothorn|Leech Seed|p1a: Landorus
|-start|p1a: Landorus|move: Leech Seed
|
|-heal|p1a: Landorus|88/100|[from] item: Leftovers
|-damage|p1a: Landorus|76/100|[from] Leech Seed|[of] p2a: Ferrothorn
|-heal|p2a: Ferrothorn|47/100 par|[silent]
|upkeep
|turn|29
|inactive|Two X Three has 120 seconds left.
|inactive|Two X Three has 90 seconds left.
|inactive|GamerModeTime has 120 seconds left.
|
|t:|1641719315
|switch|p1a: Blacephalon|Blacephalon|76/100
|switch|p2a: Blissey|Blissey, F|100/100
|
|upkeep
|turn|30
|inactive|Two X Three has 60 seconds left.
|
|t:|1641719349
|move|p1a: Blacephalon|Trick|p2a: Blissey
|-activate|p1a: Blacephalon|move: Trick|[of] p2a: Blissey
|-item|p2a: Blissey|Choice Specs|[from] move: Trick
|-item|p1a: Blacephalon|Heavy-Duty Boots|[from] move: Trick
|move|p2a: Blissey|Toxic|p1a: Blacephalon
|-status|p1a: Blacephalon|tox
|
|-damage|p1a: Blacephalon|70/100 tox|[from] psn
|upkeep
|turn|31
|
|t:|1641719360
|switch|p1a: Tapu Fini|Tapu Fini|64/100
|-fieldstart|move: Misty Terrain|[from] ability: Misty Surge|[of] p1a: Tapu Fini
|switch|p2a: Tapu Lele|Tapu Lele, shiny|76/100
|-fieldstart|move: Psychic Terrain|[from] ability: Psychic Surge|[of] p2a: Tapu Lele
|
|upkeep
|turn|32
|inactive|GamerModeTime has 120 seconds left.
|
|t:|1641719380
|switch|p1a: Landorus|Landorus-Therian, M|76/100
|-ability|p1a: Landorus|Intimidate|boost
|-unboost|p2a: Tapu Lele|atk|1
|move|p2a: Tapu Lele|Thunder|p1a: Landorus
|-immune|p1a: Landorus
|
|-heal|p1a: Landorus|82/100|[from] item: Leftovers
|upkeep
|turn|33
|
|t:|1641719390
|switch|p2a: Ferrothorn|Ferrothorn, F, shiny|47/100 par
|move|p1a: Landorus|U-turn|p2a: Ferrothorn
|-damage|p2a: Ferrothorn|30/100 par
|-damage|p1a: Landorus|69/100|[from] ability: Iron Barbs|[of] p2a: Ferrothorn
|inactive|GamerModeTime has 120 seconds left.
|
|t:|1641719403
|switch|p1a: Crawdaunt|Crawdaunt, M|78/100|[from]move: U-turn
|
|upkeep
|turn|34
|inactive|Two X Three has 60 seconds left.
|inactive|GamerModeTime has 120 seconds left.
|
|t:|1641719432
|move|p1a: Crawdaunt|Knock Off|p2a: Ferrothorn
|-damage|p2a: Ferrothorn|0 fnt
|-damage|p1a: Crawdaunt|66/100|[from] ability: Iron Barbs|[of] p2a: Ferrothorn
|-enditem|p2a: Ferrothorn|Choice Scarf|[from] move: Knock Off|[of] p1a: Crawdaunt
|faint|p2a: Ferrothorn
|-damage|p1a: Crawdaunt|56/100|[from] item: Life Orb
|
|upkeep
|
|t:|1641719442
|switch|p2a: Barraskewda|Barraskewda, M, shiny|88/100
|turn|35
|
|t:|1641719453
|switch|p1a: Landorus|Landorus-Therian, M|69/100
|-ability|p1a: Landorus|Intimidate|boost
|-unboost|p2a: Barraskewda|atk|1
|move|p2a: Barraskewda|Close Combat|p1a: Landorus
|-resisted|p1a: Landorus
|-damage|p1a: Landorus|54/100
|-unboost|p2a: Barraskewda|def|1
|-unboost|p2a: Barraskewda|spd|1
|
|-heal|p1a: Landorus|60/100|[from] item: Leftovers
|-fieldend|move: Psychic Terrain
|upkeep
|turn|36
|inactive|GamerModeTime has 120 seconds left.
|inactive|Two X Three has 30 seconds left.
|inactive|GamerModeTime has 90 seconds left.
|
|t:|1641719508
|switch|p2a: Blissey|Blissey, F|100/100
|move|p1a: Landorus|U-turn|p2a: Blissey
|-damage|p2a: Blissey|81/100
|inactive|Two X Three has 30 seconds left this turn.
|
|t:|1641719526
|switch|p1a: Crawdaunt|Crawdaunt, M|56/100|[from]move: U-turn
|
|upkeep
|turn|37
|inactive|Two X Three has 30 seconds left.
|inactive|Two X Three has 20 seconds left.
|
|t:|1641719548
|move|p1a: Crawdaunt|Crabhammer|p2a: Blissey|[miss]
|-miss|p1a: Crawdaunt|p2a: Blissey
|move|p2a: Blissey|Toxic|p1a: Crawdaunt
|-status|p1a: Crawdaunt|tox
|
|-damage|p1a: Crawdaunt|50/100 tox|[from] psn
|upkeep
|turn|38
|inactive|Two X Three has 30 seconds left this turn.
|inactive|Two X Three has 20 seconds left.
|
|t:|1641719561
|switch|p2a: Tapu Lele|Tapu Lele, shiny|76/100
|-fieldstart|move: Psychic Terrain|[from] ability: Psychic Surge|[of] p2a: Tapu Lele
|move|p1a: Crawdaunt|Crabhammer|p2a: Tapu Lele|[miss]
|-miss|p1a: Crawdaunt|p2a: Tapu Lele
|
|-damage|p1a: Crawdaunt|39/100 tox|[from] psn
|upkeep
|turn|39
|inactive|Two X Three has 30 seconds left this turn.
|c|☆GamerModeTime|omg
|
|t:|1641719575
|switch|p1a: Landorus|Landorus-Therian, M|60/100
|-ability|p1a: Landorus|Intimidate|boost
|-unboost|p2a: Tapu Lele|atk|1
|move|p2a: Tapu Lele|Moonblast|p1a: Landorus
|-damage|p1a: Landorus|3/100
|
|-heal|p1a: Landorus|9/100|[from] item: Leftovers
|upkeep
|turn|40
|inactive|Two X Three has 30 seconds left.
|
|t:|1641719584
|move|p2a: Tapu Lele|Moonblast|p1a: Landorus
|-damage|p1a: Landorus|0 fnt
|faint|p1a: Landorus
|
|upkeep
|
|t:|1641719590
|switch|p1a: Blacephalon|Blacephalon|70/100 tox
|turn|41
|inactive|Two X Three has 30 seconds left.
|inactive|Two X Three has 20 seconds left.
|inactive|Two X Three has 15 seconds left.
|inactive|GamerModeTime has 60 seconds left.
|inactive|Two X Three has 10 seconds left.
|
|t:|1641719629
|move|p2a: Tapu Lele|Moonblast|p1a: Blacephalon
|-resisted|p1a: Blacephalon
|-damage|p1a: Blacephalon|30/100 tox
|move|p1a: Blacephalon|Overheat|p2a: Tapu Lele
|-crit|p2a: Tapu Lele
|-damage|p2a: Tapu Lele|0 fnt
|-unboost|p1a: Blacephalon|spa|2
|faint|p2a: Tapu Lele
|-ability|p1a: Blacephalon|Beast Boost|boost
|-boost|p1a: Blacephalon|spe|1
|
|-damage|p1a: Blacephalon|24/100 tox|[from] psn
|upkeep
|inactive|Two X Three has 15 seconds left this turn.
|inactive|Two X Three has 10 seconds left.
|inactive|Two X Three has 5 seconds left.
|-message|Two X Three lost due to inactivity.
|
|win|GamerModeTime
|raw|GamerModeTime's rating: 1126 &rarr; <strong>1154</strong><br />(+28 for winning)
|raw|Two X Three's rating: 1169 &rarr; <strong>1141</strong><br />(-28 for losing)
|l|☆Two X Three
||Ladder isn't responding, score probably updated but might not have (Request timeout).
