|j|☆Pks BloodEagle
|j|☆Howlpp
|t:|1641782689
|gametype|singles
|player|p1|Pks BloodEagle|170|
|player|p2|Howlpp|hilbert|
|teamsize|p1|6
|teamsize|p2|6
|gen|8
|tier|[Gen 8] OU
|rule|Sleep Clause Mod: Limit one foe put to sleep
|rule|Species Clause: Limit one of each Pokémon
|rule|OHKO Clause: OHKO moves are banned
|rule|Evasion Moves Clause: Evasion moves are banned
|rule|Endless Battle Clause: Forcing endless battles is banned
|rule|HP Percentage Mod: HP is shown in percentages
|rule|Dynamax Clause: You cannot dynamax
|clearpoke
|poke|p1|Haxorus, M|
|poke|p1|Volcarona, M|
|poke|p1|Ninetales-Alola, M|
|poke|p1|Excadrill, M|
|poke|p1|Azumarill, F|
|poke|p1|Urshifu-*, M|
|poke|p2|Politoed, M|
|poke|p2|Starmie|
|poke|p2|Gyarados, F|
|poke|p2|Cloyster, M|
|poke|p2|Kingdra, F|
|poke|p2|Ludicolo, M|
|teampreview
|j| pomilpo
|
|t:|1641782709
|start
|switch|p1a: Ninetales|Ninetales-Alola, M, shiny|100/100
|switch|p2a: Cloyster|Cloyster, M|100/100
|-weather|Hail|[from] ability: Snow Warning|[of] p1a: Ninetales
|turn|1
|
|t:|1641782718
|move|p1a: Ninetales|Aurora Veil|p1a: Ninetales
|-sidestart|p1: Pks BloodEagle|move: Aurora Veil
|move|p2a: Cloyster|Shell Smash|p2a: Cloyster
|-unboost|p2a: Cloyster|def|1
|-unboost|p2a: Cloyster|spd|1
|-boost|p2a: Cloyster|atk|2
|-boost|p2a: Cloyster|spa|2
|-boost|p2a: Cloyster|spe|2
|
|-weather|Hail|[upkeep]
|upkeep
|turn|2
|
|t:|1641782727
|move|p2a: Cloyster|Rock Blast|p1a: Ninetales
|-supereffective|p1a: Ninetales
|-damage|p1a: Ninetales|82/100
|-supereffective|p1a: Ninetales
|-damage|p1a: Ninetales|63/100
|-supereffective|p1a: Ninetales
|-damage|p1a: Ninetales|45/100
|-supereffective|p1a: Ninetales
|-damage|p1a: Ninetales|25/100
|-supereffective|p1a: Ninetales
|-damage|p1a: Ninetales|7/100
|-hitcount|p1a: Ninetales|5
|move|p1a: Ninetales|Encore|p2a: Cloyster
|-start|p2a: Cloyster|Encore
|
|-weather|Hail|[upkeep]
|upkeep
|turn|3
|j| PKS Stylez
|
|t:|1641782751
|switch|p1a: Urshifu|Urshifu-Rapid-Strike, M|100/100
|move|p2a: Cloyster|Rock Blast|p1a: Urshifu
|-resisted|p1a: Urshifu
|-damage|p1a: Urshifu|97/100
|-resisted|p1a: Urshifu
|-damage|p1a: Urshifu|93/100
|-resisted|p1a: Urshifu
|-damage|p1a: Urshifu|89/100
|-resisted|p1a: Urshifu
|-damage|p1a: Urshifu|85/100
|-resisted|p1a: Urshifu
|-damage|p1a: Urshifu|81/100
|-hitcount|p1a: Urshifu|5
|
|-weather|Hail|[upkeep]
|-damage|p1a: Urshifu|75/100|[from] Hail
|upkeep
|turn|4
|
|t:|1641782782
|move|p2a: Cloyster|Rock Blast|p1a: Urshifu
|-resisted|p1a: Urshifu
|-damage|p1a: Urshifu|72/100
|-resisted|p1a: Urshifu
|-damage|p1a: Urshifu|68/100
|-resisted|p1a: Urshifu
|-damage|p1a: Urshifu|64/100
|-resisted|p1a: Urshifu
|-damage|p1a: Urshifu|60/100
|-resisted|p1a: Urshifu
|-damage|p1a: Urshifu|56/100
|-hitcount|p1a: Urshifu|5
|move|p1a: Urshifu|Close Combat|p2a: Cloyster
|-supereffective|p2a: Cloyster
|-enditem|p2a: Cloyster|Focus Sash
|-damage|p2a: Cloyster|1/100
|-unboost|p1a: Urshifu|def|1
|-unboost|p1a: Urshifu|spd|1
|
|-weather|Hail|[upkeep]
|-damage|p1a: Urshifu|50/100|[from] Hail
|upkeep
|turn|5
|
|t:|1641782804
|switch|p1a: Excadrill|Excadrill, M, shiny|100/100
|-ability|p1a: Excadrill|Mold Breaker
|move|p2a: Cloyster|Rock Blast|p1a: Excadrill|[miss]
|-miss|p2a: Cloyster|p1a: Excadrill
|
|-weather|none
|-end|p2a: Cloyster|Encore
|upkeep
|turn|6
|
|t:|1641782819
|move|p2a: Cloyster|Ice Shard|p1a: Excadrill
|-damage|p1a: Excadrill|76/100
|move|p1a: Excadrill|Swords Dance|p1a: Excadrill
|-boost|p1a: Excadrill|atk|2
|
|upkeep
|turn|7
|
|t:|1641782828
|move|p2a: Cloyster|Icicle Spear|p1a: Excadrill
|-damage|p1a: Excadrill|60/100
|-damage|p1a: Excadrill|44/100
|-damage|p1a: Excadrill|28/100
|-damage|p1a: Excadrill|12/100
|-damage|p1a: Excadrill|0 fnt
|faint|p1a: Excadrill
|-hitcount|p1: Excadrill|5
|
|upkeep
|
|t:|1641782839
|switch|p1a: Azumarill|Azumarill, F|100/100
|turn|8
|
|t:|1641782846
|move|p2a: Cloyster|Ice Shard|p1a: Azumarill
|-resisted|p1a: Azumarill
|-crit|p1a: Azumarill
|-damage|p1a: Azumarill|70/100
|move|p1a: Azumarill|Aqua Jet|p2a: Cloyster
|-resisted|p2a: Cloyster
|-damage|p2a: Cloyster|0 fnt
|faint|p2a: Cloyster
|
|-sideend|p1: Pks BloodEagle|move: Aurora Veil
|upkeep
|
|t:|1641782860
|switch|p2a: Ludicolo|Ludicolo, M|100/100
|turn|9
|
|t:|1641782874
|move|p2a: Ludicolo|Fake Out|p1a: Azumarill
|-damage|p1a: Azumarill|59/100
|-damage|p2a: Ludicolo|91/100|[from] item: Life Orb
|cant|p1a: Azumarill|flinch
|
|upkeep
|turn|10
|
|t:|1641782897
|move|p2a: Ludicolo|Energy Ball|p1a: Azumarill
|-supereffective|p1a: Azumarill
|-damage|p1a: Azumarill|0 fnt
|faint|p1a: Azumarill
|-damage|p2a: Ludicolo|81/100|[from] item: Life Orb
|
|upkeep
|
|t:|1641782907
|switch|p1a: Ninetales|Ninetales-Alola, M, shiny|7/100
|-weather|Hail|[from] ability: Snow Warning|[of] p1a: Ninetales
|turn|11
|
|t:|1641782916
|switch|p2a: Politoed|Politoed, M|100/100
|-weather|RainDance|[from] ability: Drizzle|[of] p2a: Politoed
|move|p1a: Ninetales|Freeze-Dry|p2a: Politoed
|-supereffective|p2a: Politoed
|-damage|p2a: Politoed|66/100
|
|-weather|RainDance|[upkeep]
|upkeep
|turn|12
|
|t:|1641782933
|move|p1a: Ninetales|Aurora Veil||[still]
|-fail|p1a: Ninetales
|move|p2a: Politoed|Ice Beam|p1a: Ninetales
|-resisted|p1a: Ninetales
|-damage|p1a: Ninetales|0 fnt
|faint|p1a: Ninetales
|
|-weather|RainDance|[upkeep]
|upkeep
|
|t:|1641782947
|switch|p1a: Urshifu|Urshifu-Rapid-Strike, M|50/100
|turn|13
|
|t:|1641782973
|move|p1a: Urshifu|Surging Strikes|p2a: Politoed
|-resisted|p2a: Politoed
|-crit|p2a: Politoed
|-damage|p2a: Politoed|49/100
|-resisted|p2a: Politoed
|-crit|p2a: Politoed
|-damage|p2a: Politoed|32/100
|-resisted|p2a: Politoed
|-crit|p2a: Politoed
|-damage|p2a: Politoed|16/100
|-hitcount|p2a: Politoed|3
|move|p2a: Politoed|Hypnosis|p1a: Urshifu
|-status|p1a: Urshifu|slp|[from] move: Hypnosis
|
|-weather|RainDance|[upkeep]
|upkeep
|turn|14
|c|☆Pks BloodEagle|Gg you win this one bro , that’s what I get for not paying attention lol
|
|t:|1641782998
|switch|p2a: Kingdra|Kingdra, F|100/100
|cant|p1a: Urshifu|slp
|
|-weather|RainDance|[upkeep]
|upkeep
|turn|15
|l| pomilpo
|
|t:|1641783012
|move|p2a: Kingdra|Surf|p1a: Urshifu
|-resisted|p1a: Urshifu
|-damage|p1a: Urshifu|0 fnt
|faint|p1a: Urshifu
|-damage|p2a: Kingdra|91/100|[from] item: Life Orb
|
|-weather|RainDance|[upkeep]
|upkeep
|
|t:|1641783020
|switch|p1a: Haxorus|Haxorus, M, shiny|100/100
|-ability|p1a: Haxorus|Mold Breaker
|turn|16
|
|t:|1641783025
|move|p2a: Kingdra|Draco Meteor|p1a: Haxorus
|-supereffective|p1a: Haxorus
|-damage|p1a: Haxorus|0 fnt
|-unboost|p2a: Kingdra|spa|2
|faint|p1a: Haxorus
|-damage|p2a: Kingdra|81/100|[from] item: Life Orb
|
|-weather|RainDance|[upkeep]
|upkeep
|
|t:|1641783034
|switch|p1a: Volcarona|Volcarona, M|100/100
|turn|17
|
|t:|1641783037
|move|p2a: Kingdra|Surf|p1a: Volcarona
|-supereffective|p1a: Volcarona
|-damage|p1a: Volcarona|10/100
|-damage|p2a: Kingdra|71/100|[from] item: Life Orb
|move|p1a: Volcarona|Quiver Dance|p1a: Volcarona
|-boost|p1a: Volcarona|spa|1
|-boost|p1a: Volcarona|spd|1
|-boost|p1a: Volcarona|spe|1
|
|-weather|RainDance|[upkeep]
|upkeep
|turn|18
|
|t:|1641783049
|move|p2a: Kingdra|Surf|p1a: Volcarona
|-supereffective|p1a: Volcarona
|-damage|p1a: Volcarona|0 fnt
|faint|p1a: Volcarona
|-damage|p2a: Kingdra|61/100|[from] item: Life Orb
|
|win|Howlpp
|l| PKS Stylez
