|j|☆pepitoelloro365
|j|☆Zyro Thunder
|t:|1641790772
|gametype|singles
|player|p1|pepitoelloro365|ninjaboy|1053
|player|p2|Zyro Thunder|nate|1059
|teamsize|p1|6
|teamsize|p2|6
|gen|8
|tier|[Gen 8] OU
|rated|
|rule|Sleep Clause Mod: Limit one foe put to sleep
|rule|Species Clause: Limit one of each Pokémon
|rule|OHKO Clause: OHKO moves are banned
|rule|Evasion Moves Clause: Evasion moves are banned
|rule|Endless Battle Clause: Forcing endless battles is banned
|rule|HP Percentage Mod: HP is shown in percentages
|rule|Dynamax Clause: You cannot dynamax
|clearpoke
|poke|p1|Corsola, M|
|poke|p1|Tentacruel, M|
|poke|p1|Volcanion|
|poke|p1|Rotom-Wash|
|poke|p1|Lombre, F|
|poke|p1|Seismitoad, M|
|poke|p2|Pikachu, M|
|poke|p2|Venusaur, F|
|poke|p2|Charizard, F|
|poke|p2|Blastoise, F|
|poke|p2|Nidoking, M|
|poke|p2|Lucario, F|
|teampreview
|inactive|Battle timer is ON: inactive players will automatically lose when time's up. (requested by Zyro Thunder)
|
|t:|1641790781
|start
|switch|p1a: Tentacruel|Tentacruel, M|100/100
|switch|p2a: Pikachu|Pikachu, M|100/100
|turn|1
|
|t:|1641790794
|switch|p1a: Rotom|Rotom-Wash|100/100
|move|p2a: Pikachu|Nasty Plot|p2a: Pikachu
|-boost|p2a: Pikachu|spa|2
|
|upkeep
|turn|2
|
|t:|1641790805
|move|p2a: Pikachu|Thunderbolt|p1a: Rotom
|-damage|p1a: Rotom|0 fnt
|faint|p1a: Rotom
|
|upkeep
|
|t:|1641790819
|switch|p1a: Lombre|Lombre, F, shiny|100/100
|turn|3
|
|t:|1641790823
|move|p1a: Lombre|Fake Out|p2a: Pikachu
|-damage|p2a: Pikachu|76/100
|cant|p2a: Pikachu|flinch
|
|upkeep
|turn|4
|
|t:|1641790828
|move|p2a: Pikachu|Thunderbolt|p1a: Lombre
|-damage|p1a: Lombre|0 fnt
|faint|p1a: Lombre
|
|upkeep
|
|t:|1641790832
|switch|p1a: Seismitoad|Seismitoad, M|100/100
|turn|5
|
|t:|1641790836
|move|p2a: Pikachu|Grass Knot|p1a: Seismitoad
|-supereffective|p1a: Seismitoad
|-crit|p1a: Seismitoad
|-damage|p1a: Seismitoad|0 fnt
|faint|p1a: Seismitoad
|
|upkeep
|
|t:|1641790841
|switch|p1a: Volcanion|Volcanion|100/100
|turn|6
|
|t:|1641790844
|move|p2a: Pikachu|Thunderbolt|p1a: Volcanion
|-supereffective|p1a: Volcanion
|-damage|p1a: Volcanion|0 fnt
|faint|p1a: Volcanion
|
|upkeep
|
|t:|1641790855
|switch|p1a: Tentacruel|Tentacruel, M|100/100
|turn|7
|
|t:|1641790861
|move|p2a: Pikachu|Thunderbolt|p1a: Tentacruel
|-supereffective|p1a: Tentacruel
|-damage|p1a: Tentacruel|0 fnt
|faint|p1a: Tentacruel
|
|upkeep
|
|t:|1641790864
|switch|p1a: Corsola|Corsola, M|100/100
|turn|8
|
|t:|1641790868
|move|p2a: Pikachu|Grass Knot|p1a: Corsola
|-supereffective|p1a: Corsola
|-damage|p1a: Corsola|49/100
|move|p1a: Corsola|Mud-Slap|p2a: Pikachu
|-supereffective|p2a: Pikachu
|-damage|p2a: Pikachu|56/100
|-unboost|p2a: Pikachu|accuracy|1
|
|upkeep
|turn|9
|
|t:|1641790879
|move|p2a: Pikachu|Grass Knot|p1a: Corsola
|-supereffective|p1a: Corsola
|-damage|p1a: Corsola|0 fnt
|faint|p1a: Corsola
|
|win|Zyro Thunder
|raw|pepitoelloro365's rating: 1053 &rarr; <strong>1035</strong><br />(-18 for losing)
|raw|Zyro Thunder's rating: 1059 &rarr; <strong>1090</strong><br />(+31 for winning)
|l|☆pepitoelloro365
