|j|☆Xadenas
|j|☆Jementel
|t:|1641741134
|gametype|singles
|player|p1|Xadenas|brawly|1134
|player|p2|Jementel|gambler|1155
|teamsize|p1|6
|teamsize|p2|6
|gen|8
|tier|[Gen 8] OU
|rated|
|rule|Sleep Clause Mod: Limit one foe put to sleep
|rule|Species Clause: Limit one of each Pokémon
|rule|OHKO Clause: OHKO moves are banned
|rule|Evasion Moves Clause: Evasion moves are banned
|rule|Endless Battle Clause: Forcing endless battles is banned
|rule|HP Percentage Mod: HP is shown in percentages
|rule|Dynamax Clause: You cannot dynamax
|clearpoke
|poke|p1|Blastoise, F|
|poke|p1|Boltund, F|
|poke|p1|Rotom-Heat|
|poke|p1|Jirachi|
|poke|p1|Cobalion|
|poke|p1|Weavile, F|
|poke|p2|Melmetal|
|poke|p2|Pelipper, M|
|poke|p2|Volcanion|
|poke|p2|Seismitoad, M|
|poke|p2|Dragonite, M|
|poke|p2|Barraskewda, M|
|teampreview
|
|t:|1641741143
|start
|switch|p1a: Rotom|Rotom-Heat|100/100
|switch|p2a: Messenger|Pelipper, M, shiny|100/100
|-weather|RainDance|[from] ability: Drizzle|[of] p2a: Messenger
|turn|1
|j| Obrik
|
|t:|1641741155
|switch|p2a: Globox|Seismitoad, M, shiny|100/100
|move|p1a: Rotom|Will-O-Wisp|p2a: Globox
|-status|p2a: Globox|brn
|
|-weather|RainDance|[upkeep]
|-damage|p2a: Globox|95/100 brn|[from] brn
|upkeep
|turn|2
|
|t:|1641741167
|switch|p1a: Blastoise|Blastoise, F|100/100
|move|p2a: Globox|Weather Ball|p1a: Blastoise
|-resisted|p1a: Blastoise
|-damage|p1a: Blastoise|54/100
|-damage|p2a: Globox|85/100 brn|[from] item: Life Orb
|
|-weather|RainDance|[upkeep]
|-damage|p2a: Globox|79/100 brn|[from] brn
|upkeep
|turn|3
|
|t:|1641741177
|move|p2a: Globox|Weather Ball|p1a: Blastoise
|-resisted|p1a: Blastoise
|-damage|p1a: Blastoise|5/100
|-damage|p2a: Globox|69/100 brn|[from] item: Life Orb
|move|p1a: Blastoise|Shell Smash|p1a: Blastoise
|-unboost|p1a: Blastoise|def|1
|-unboost|p1a: Blastoise|spd|1
|-boost|p1a: Blastoise|atk|2
|-boost|p1a: Blastoise|spa|2
|-boost|p1a: Blastoise|spe|2
|-enditem|p1a: Blastoise|White Herb
|-clearnegativeboost|p1a: Blastoise|[silent]
|
|-weather|RainDance|[upkeep]
|-damage|p2a: Globox|63/100 brn|[from] brn
|upkeep
|turn|4
|
|t:|1641741193
|move|p1a: Blastoise|Surf|p2a: Globox
|-damage|p2a: Globox|0 fnt
|faint|p2a: Globox
|
|-weather|RainDance|[upkeep]
|upkeep
|
|t:|1641741203
|switch|p2a: King VIG|Volcanion|100/100
|turn|5
|
|t:|1641741226
|move|p1a: Blastoise|Surf|p2a: King VIG
|-immune|p2a: King VIG|[from] ability: Water Absorb
|move|p2a: King VIG|Steam Eruption|p1a: Blastoise
|-resisted|p1a: Blastoise
|-damage|p1a: Blastoise|0 fnt
|faint|p1a: Blastoise
|
|-weather|RainDance|[upkeep]
|upkeep
|
|t:|1641741233
|switch|p1a: Boltund|Boltund, F|100/100
|turn|6
|
|t:|1641741240
|switch|p2a: Fate|Melmetal, shiny|100/100
|move|p1a: Boltund|Thunder Fang|p2a: Fate
|-damage|p2a: Fate|71/100
|
|-weather|RainDance|[upkeep]
|upkeep
|turn|7
|
|t:|1641741276
|switch|p1a: Rotom|Rotom-Heat|100/100
|move|p2a: Fate|Superpower|p1a: Rotom
|-damage|p1a: Rotom|56/100
|-unboost|p2a: Fate|atk|1
|-unboost|p2a: Fate|def|1
|
|-weather|RainDance|[upkeep]
|upkeep
|turn|8
|
|t:|1641741295
|switch|p2a: King VIG|Volcanion|100/100
|move|p1a: Rotom|Volt Switch|p2a: King VIG
|-supereffective|p2a: King VIG
|-damage|p2a: King VIG|37/100
|
|t:|1641741306
|switch|p1a: Boltund|Boltund, F|100/100|[from]move: Volt Switch
|
|-weather|none
|upkeep
|turn|9
|
|t:|1641741322
|switch|p2a: Leviathan|Dragonite, M, shiny|100/100
|move|p1a: Boltund|Thunder Fang|p2a: Leviathan
|-damage|p2a: Leviathan|70/100
|
|upkeep
|turn|10
|
|t:|1641741336
|switch|p1a: Jirachi|Jirachi|100/100
|move|p2a: Leviathan|Earthquake|p1a: Jirachi
|-supereffective|p1a: Jirachi
|-damage|p1a: Jirachi|44/100
|
|-heal|p1a: Jirachi|50/100|[from] item: Leftovers
|upkeep
|turn|11
|
|t:|1641741345
|move|p1a: Jirachi|Protect|p1a: Jirachi
|-singleturn|p1a: Jirachi|Protect
|move|p2a: Leviathan|Earthquake|p1a: Jirachi
|-activate|p1a: Jirachi|move: Protect
|
|-heal|p1a: Jirachi|56/100|[from] item: Leftovers
|upkeep
|turn|12
|
|t:|1641741353
|switch|p2a: Messenger|Pelipper, M, shiny|100/100
|-weather|RainDance|[from] ability: Drizzle|[of] p2a: Messenger
|move|p1a: Jirachi|Protect||[still]
|-fail|p1a: Jirachi
|
|-weather|RainDance|[upkeep]
|-heal|p1a: Jirachi|63/100|[from] item: Leftovers
|upkeep
|turn|13
|
|t:|1641741368
|move|p1a: Jirachi|Wish|p1a: Jirachi
|move|p2a: Messenger|U-turn|p1a: Jirachi
|-damage|p1a: Jirachi|55/100
|
|t:|1641741374
|switch|p2a: Predator|Barraskewda, M, shiny|100/100|[from]move: U-turn
|
|-weather|RainDance|[upkeep]
|-heal|p1a: Jirachi|61/100|[from] item: Leftovers
|upkeep
|turn|14
|
|t:|1641741383
|move|p1a: Jirachi|Protect|p1a: Jirachi
|-singleturn|p1a: Jirachi|Protect
|move|p2a: Predator|Liquidation|p1a: Jirachi
|-activate|p1a: Jirachi|move: Protect
|
|-weather|RainDance|[upkeep]
|-heal|p1a: Jirachi|100/100|[from] move: Wish|[wisher] Jirachi
|upkeep
|turn|15
|
|t:|1641741412
|move|p2a: Predator|Liquidation|p1a: Jirachi
|-damage|p1a: Jirachi|18/100
|move|p1a: Jirachi|Doom Desire|p2a: Predator
|-start|p1a: Jirachi|Doom Desire
|
|-weather|RainDance|[upkeep]
|-heal|p1a: Jirachi|24/100|[from] item: Leftovers
|upkeep
|turn|16
|
|t:|1641741446
|move|p1a: Jirachi|Protect|p1a: Jirachi
|-singleturn|p1a: Jirachi|Protect
|move|p2a: Predator|Liquidation|p1a: Jirachi
|-activate|p1a: Jirachi|move: Protect
|
|-weather|RainDance|[upkeep]
|-heal|p1a: Jirachi|30/100|[from] item: Leftovers
|upkeep
|turn|17
|
|t:|1641741459
|move|p1a: Jirachi|Protect||[still]
|-fail|p1a: Jirachi
|move|p2a: Predator|Liquidation|p1a: Jirachi
|-damage|p1a: Jirachi|0 fnt
|faint|p1a: Jirachi
|
|-weather|RainDance|[upkeep]
|-end|p2a: Predator|move: Doom Desire
|-resisted|p2a: Predator
|-damage|p2a: Predator|50/100
|upkeep
|
|t:|1641741473
|switch|p1a: Cobalion|Cobalion|100/100
|turn|18
|
|t:|1641741486
|switch|p2a: Leviathan|Dragonite, M, shiny|70/100
|move|p1a: Cobalion|Sacred Sword|p2a: Leviathan
|-resisted|p2a: Leviathan
|-damage|p2a: Leviathan|51/100
|
|-weather|RainDance|[upkeep]
|upkeep
|turn|19
|
|t:|1641741493
|switch|p1a: Rotom|Rotom-Heat|56/100
|move|p2a: Leviathan|Roost|p2a: Leviathan
|-heal|p2a: Leviathan|100/100
|-singleturn|p2a: Leviathan|move: Roost
|
|-weather|none
|upkeep
|turn|20
|
|t:|1641741508
|move|p2a: Leviathan|Dragon Dance|p2a: Leviathan
|-boost|p2a: Leviathan|atk|1
|-boost|p2a: Leviathan|spe|1
|move|p1a: Rotom|Will-O-Wisp|p2a: Leviathan
|-status|p2a: Leviathan|brn
|
|-damage|p2a: Leviathan|95/100 brn|[from] brn
|upkeep
|turn|21
|
|t:|1641741524
|switch|p2a: Messenger|Pelipper, M, shiny|100/100
|-weather|RainDance|[from] ability: Drizzle|[of] p2a: Messenger
|move|p1a: Rotom|Volt Switch|p2a: Messenger
|-supereffective|p2a: Messenger
|-crit|p2a: Messenger
|-damage|p2a: Messenger|0 fnt
|faint|p2a: Messenger
|
|t:|1641741534
|switch|p1a: Weavile|Weavile, F|100/100|[from]move: Volt Switch
|-ability|p1a: Weavile|Pressure
|
|-weather|RainDance|[upkeep]
|upkeep
|
|t:|1641741540
|switch|p2a: Predator|Barraskewda, M, shiny|50/100
|turn|22
|
|t:|1641741544
|move|p2a: Predator|Liquidation|p1a: Weavile
|-enditem|p1a: Weavile|Focus Sash
|-damage|p1a: Weavile|1/100
|move|p1a: Weavile|Knock Off|p2a: Predator
|-damage|p2a: Predator|0 fnt
|-enditem|p2a: Predator|Choice Band|[from] move: Knock Off|[of] p1a: Weavile
|faint|p2a: Predator
|
|-weather|RainDance|[upkeep]
|upkeep
|
|t:|1641741563
|switch|p2a: Fate|Melmetal, shiny|71/100
|turn|23
|
|t:|1641741572
|move|p1a: Weavile|Low Kick|p2a: Fate
|-supereffective|p2a: Fate
|-damage|p2a: Fate|30/100
|move|p2a: Fate|Double Iron Bash|p1a: Weavile
|-supereffective|p1a: Weavile
|-damage|p1a: Weavile|0 fnt
|faint|p1a: Weavile
|-hitcount|p1: Weavile|1
|
|-weather|RainDance|[upkeep]
|upkeep
|
|t:|1641741580
|switch|p1a: Cobalion|Cobalion|100/100
|turn|24
|
|t:|1641741587
|switch|p2a: Leviathan|Dragonite, M, shiny|95/100 brn
|move|p1a: Cobalion|Substitute|p1a: Cobalion
|-start|p1a: Cobalion|Substitute
|-damage|p1a: Cobalion|76/100
|
|-weather|RainDance|[upkeep]
|-heal|p1a: Cobalion|82/100|[from] item: Leftovers
|-damage|p2a: Leviathan|89/100 brn|[from] brn
|upkeep
|turn|25
|
|t:|1641741597
|move|p1a: Cobalion|Swords Dance|p1a: Cobalion
|-boost|p1a: Cobalion|atk|2
|move|p2a: Leviathan|Dragon Dance|p2a: Leviathan
|-boost|p2a: Leviathan|atk|1
|-boost|p2a: Leviathan|spe|1
|
|-weather|RainDance|[upkeep]
|-heal|p1a: Cobalion|88/100|[from] item: Leftovers
|-damage|p2a: Leviathan|83/100 brn|[from] brn
|upkeep
|turn|26
|
|t:|1641741606
|move|p2a: Leviathan|Earthquake|p1a: Cobalion
|-supereffective|p1a: Cobalion
|-end|p1a: Cobalion|Substitute
|move|p1a: Cobalion|Iron Head|p2a: Leviathan
|-damage|p2a: Leviathan|10/100 brn
|
|-weather|RainDance|[upkeep]
|-heal|p1a: Cobalion|94/100|[from] item: Leftovers
|-damage|p2a: Leviathan|4/100 brn|[from] brn
|upkeep
|turn|27
|
|t:|1641741616
|move|p2a: Leviathan|Earthquake|p1a: Cobalion
|-supereffective|p1a: Cobalion
|-crit|p1a: Cobalion
|-damage|p1a: Cobalion|33/100
|move|p1a: Cobalion|Substitute|p1a: Cobalion
|-start|p1a: Cobalion|Substitute
|-damage|p1a: Cobalion|8/100
|
|-weather|RainDance|[upkeep]
|-heal|p1a: Cobalion|14/100|[from] item: Leftovers
|-damage|p2a: Leviathan|0 fnt|[from] brn
|faint|p2a: Leviathan
|upkeep
|
|t:|1641741631
|switch|p2a: King VIG|Volcanion|37/100
|turn|28
|
|t:|1641741637
|move|p1a: Cobalion|Sacred Sword|p2a: King VIG
|-damage|p2a: King VIG|0 fnt
|faint|p2a: King VIG
|
|-weather|none
|-heal|p1a: Cobalion|21/100|[from] item: Leftovers
|upkeep
|
|t:|1641741644
|switch|p2a: Fate|Melmetal, shiny|30/100
|turn|29
|
|t:|1641741647
|move|p1a: Cobalion|Sacred Sword|p2a: Fate
|-supereffective|p2a: Fate
|-damage|p2a: Fate|0 fnt
|faint|p2a: Fate
|
|win|Xadenas
|raw|Xadenas's rating: 1134 &rarr; <strong>1161</strong><br />(+27 for winning)
|raw|Jementel's rating: 1155 &rarr; <strong>1128</strong><br />(-27 for losing)
|c|☆Xadenas|gg
