|j|☆Wwweter
|j|☆ytt1226
|t:|1641711530
|gametype|singles
|player|p1|Wwweter|swimmerf|1352
|player|p2|ytt1226|pokekid|1334
|teamsize|p1|6
|teamsize|p2|6
|gen|8
|tier|[Gen 8] OU
|rated|
|rule|Sleep Clause Mod: Limit one foe put to sleep
|rule|Species Clause: Limit one of each Pokémon
|rule|OHKO Clause: OHKO moves are banned
|rule|Evasion Moves Clause: Evasion moves are banned
|rule|Endless Battle Clause: Forcing endless battles is banned
|rule|HP Percentage Mod: HP is shown in percentages
|rule|Dynamax Clause: You cannot dynamax
|clearpoke
|poke|p1|Pelipper, F|
|poke|p1|Barraskewda, M|
|poke|p1|Ferrothorn, F|
|poke|p1|Zapdos|
|poke|p1|Regidrago|
|poke|p1|Seismitoad, F|
|poke|p2|Bisharp, F|
|poke|p2|Tornadus-Therian, M|
|poke|p2|Chansey, F|
|poke|p2|Araquanid, F|
|poke|p2|Melmetal|
|poke|p2|Tangrowth, F|
|teampreview
|inactive|Battle timer is ON: inactive players will automatically lose when time's up. (requested by Wwweter)
|
|t:|1641711556
|start
|switch|p1a: Pelipper|Pelipper, F|100/100
|switch|p2a: Araquanid|Araquanid, F|100/100
|-weather|RainDance|[from] ability: Drizzle|[of] p1a: Pelipper
|turn|1
|
|t:|1641711566
|move|p1a: Pelipper|Hurricane|p2a: Araquanid
|-supereffective|p2a: Araquanid
|-damage|p2a: Araquanid|42/100
|move|p2a: Araquanid|Sticky Web|p1a: Pelipper
|-sidestart|p1: Wwweter|move: Sticky Web
|
|-weather|RainDance|[upkeep]
|-heal|p2a: Araquanid|48/100|[from] item: Leftovers
|upkeep
|turn|2
|
|t:|1641711569
|move|p2a: Araquanid|Protect|p2a: Araquanid
|-singleturn|p2a: Araquanid|Protect
|move|p1a: Pelipper|Defog|p2a: Araquanid
|-activate|p2a: Araquanid|move: Protect
|
|-weather|RainDance|[upkeep]
|-heal|p2a: Araquanid|55/100|[from] item: Leftovers
|upkeep
|turn|3
|
|t:|1641711575
|move|p1a: Pelipper|Defog|p2a: Araquanid
|-unboost|p2a: Araquanid|evasion|1
|-sideend|p1: Wwweter|Sticky Web|[from] move: Defog|[of] p1a: Pelipper
|move|p2a: Araquanid|Toxic|p1a: Pelipper
|-status|p1a: Pelipper|tox
|
|-weather|RainDance|[upkeep]
|-heal|p2a: Araquanid|61/100|[from] item: Leftovers
|-damage|p1a: Pelipper|94/100 tox|[from] psn
|upkeep
|turn|4
|
|t:|1641711583
|switch|p2a: Chansey|Chansey, F|100/100
|move|p1a: Pelipper|Hurricane|p2a: Chansey
|-damage|p2a: Chansey|91/100
|-start|p2a: Chansey|confusion
|
|-weather|RainDance|[upkeep]
|-damage|p1a: Pelipper|82/100 tox|[from] psn
|upkeep
|turn|5
|
|t:|1641711589
|move|p1a: Pelipper|U-turn|p2a: Chansey
|-crit|p2a: Chansey
|-damage|p2a: Chansey|81/100
|
|t:|1641711594
|switch|p1a: Barraskewda|Barraskewda, M, shiny|100/100|[from]move: U-turn
|-activate|p2a: Chansey|confusion
|move|p2a: Chansey|Toxic|p1a: Barraskewda
|-status|p1a: Barraskewda|tox
|
|-weather|RainDance|[upkeep]
|-damage|p1a: Barraskewda|94/100 tox|[from] psn
|upkeep
|turn|6
|
|t:|1641711601
|-activate|p2a: Chansey|confusion
|-damage|p2a: Chansey|80/100|[from] confusion
|move|p1a: Barraskewda|Flip Turn|p2a: Chansey
|-damage|p2a: Chansey|24/100
|
|t:|1641711609
|switch|p1a: Seismitoad|Seismitoad, F, shiny|100/100|[from]move: Flip Turn
|
|-weather|RainDance|[upkeep]
|upkeep
|turn|7
|
|t:|1641711620
|switch|p2a: Tangrowth|Tangrowth, F|100/100
|move|p1a: Seismitoad|Drain Punch|p2a: Tangrowth
|-damage|p2a: Tangrowth|91/100
|-damage|p1a: Seismitoad|84/100|[from] item: Rocky Helmet|[of] p2a: Tangrowth
|
|-weather|RainDance|[upkeep]
|-heal|p1a: Seismitoad|90/100|[from] item: Leftovers
|upkeep
|turn|8
|
|t:|1641711625
|switch|p1a: Ferrothorn|Ferrothorn, F|100/100
|move|p2a: Tangrowth|Leech Seed|p1a: Ferrothorn
|-immune|p1a: Ferrothorn
|
|-weather|none
|upkeep
|turn|9
|
|t:|1641711630
|move|p2a: Tangrowth|Knock Off|p1a: Ferrothorn
|-damage|p1a: Ferrothorn|83/100
|-damage|p2a: Tangrowth|79/100|[from] ability: Iron Barbs|[of] p1a: Ferrothorn
|-enditem|p1a: Ferrothorn|Leftovers|[from] move: Knock Off|[of] p2a: Tangrowth
|move|p1a: Ferrothorn|Stealth Rock|p2a: Tangrowth
|-sidestart|p2: ytt1226|move: Stealth Rock
|
|upkeep
|turn|10
|
|t:|1641711657
|switch|p2a: Tornadus|Tornadus-Therian, M|100/100
|move|p1a: Ferrothorn|Toxic|p2a: Tornadus
|-status|p2a: Tornadus|tox
|
|-damage|p2a: Tornadus|94/100 tox|[from] psn
|upkeep
|turn|11
|
|t:|1641711666
|switch|p1a: Pelipper|Pelipper, F|82/100 tox
|-weather|RainDance|[from] ability: Drizzle|[of] p1a: Pelipper
|move|p2a: Tornadus|Nasty Plot|p2a: Tornadus
|-boost|p2a: Tornadus|spa|2
|
|-weather|RainDance|[upkeep]
|-damage|p2a: Tornadus|82/100 tox|[from] psn
|-damage|p1a: Pelipper|76/100 tox|[from] psn
|upkeep
|turn|12
|
|t:|1641711678
|switch|p1a: Zapdos|Zapdos|100/100
|move|p2a: Tornadus|Hurricane|p1a: Zapdos
|-resisted|p1a: Zapdos
|-damage|p1a: Zapdos|41/100
|
|-weather|RainDance|[upkeep]
|-damage|p2a: Tornadus|64/100 tox|[from] psn
|upkeep
|turn|13
|
|t:|1641711684
|move|p2a: Tornadus|Hurricane|p1a: Zapdos
|-resisted|p1a: Zapdos
|-damage|p1a: Zapdos|0 fnt
|faint|p1a: Zapdos
|
|-weather|RainDance|[upkeep]
|-damage|p2a: Tornadus|40/100 tox|[from] psn
|upkeep
|
|t:|1641711689
|switch|p1a: Barraskewda|Barraskewda, M, shiny|94/100 tox
|turn|14
|
|t:|1641711693
|switch|p2a: Tangrowth|Tangrowth, F|100/100
|-damage|p2a: Tangrowth|88/100|[from] Stealth Rock
|move|p1a: Barraskewda|Throat Chop|p2a: Tangrowth
|-damage|p2a: Tangrowth|67/100
|-start|p2a: Tangrowth|Throat Chop|[silent]
|-damage|p1a: Barraskewda|78/100 tox|[from] item: Rocky Helmet|[of] p2a: Tangrowth
|
|-weather|RainDance|[upkeep]
|-damage|p1a: Barraskewda|72/100 tox|[from] psn
|upkeep
|turn|15
|
|t:|1641711705
|switch|p1a: Ferrothorn|Ferrothorn, F|83/100
|move|p2a: Tangrowth|Protect||[still]
|-fail|p2a: Tangrowth
|
|-weather|RainDance|[upkeep]
|-end|p2a: Tangrowth|Throat Chop|[silent]
|upkeep
|turn|16
|
|t:|1641711711
|move|p2a: Tangrowth|Protect|p2a: Tangrowth
|-singleturn|p2a: Tangrowth|Protect
|move|p1a: Ferrothorn|Gyro Ball|p2a: Tangrowth
|-activate|p2a: Tangrowth|move: Protect
|
|-weather|RainDance|[upkeep]
|upkeep
|turn|17
|
|t:|1641711723
|switch|p2a: Tornadus|Tornadus-Therian, M|73/100 tox
|move|p1a: Ferrothorn|Toxic|p2a: Tornadus
|-fail|p2a: Tornadus|tox
|
|-weather|RainDance|[upkeep]
|-damage|p2a: Tornadus|67/100 tox|[from] psn
|upkeep
|turn|18
|
|t:|1641711725
|move|p2a: Tornadus|Defog|p1a: Ferrothorn
|-unboost|p1a: Ferrothorn|evasion|1
|-sideend|p2: ytt1226|Stealth Rock|[from] move: Defog|[of] p2a: Tornadus
|move|p1a: Ferrothorn|Gyro Ball|p2a: Tornadus
|-damage|p2a: Tornadus|0 fnt
|faint|p2a: Tornadus
|
|-weather|none
|upkeep
|
|t:|1641711750
|switch|p2a: Araquanid|Araquanid, F|61/100
|turn|19
|
|t:|1641711759
|move|p2a: Araquanid|Sticky Web|p1a: Ferrothorn
|-sidestart|p1: Wwweter|move: Sticky Web
|move|p1a: Ferrothorn|Stealth Rock|p2a: Araquanid
|-sidestart|p2: ytt1226|move: Stealth Rock
|
|-heal|p2a: Araquanid|67/100|[from] item: Leftovers
|upkeep
|turn|20
|
|t:|1641711764
|move|p2a: Araquanid|Scald|p1a: Ferrothorn
|-resisted|p1a: Ferrothorn
|-damage|p1a: Ferrothorn|72/100
|move|p1a: Ferrothorn|Leech Seed|p2a: Araquanid
|-start|p2a: Araquanid|move: Leech Seed
|
|-heal|p2a: Araquanid|73/100|[from] item: Leftovers
|-damage|p2a: Araquanid|61/100|[from] Leech Seed|[of] p1a: Ferrothorn
|-heal|p1a: Ferrothorn|84/100|[silent]
|upkeep
|turn|21
|
|t:|1641711770
|switch|p2a: Melmetal|Melmetal|100/100
|-damage|p2a: Melmetal|94/100|[from] Stealth Rock
|move|p1a: Ferrothorn|Toxic|p2a: Melmetal
|-immune|p2a: Melmetal
|
|upkeep
|turn|22
|
|t:|1641711773
|move|p2a: Melmetal|Superpower|p1a: Ferrothorn
|-supereffective|p1a: Ferrothorn
|-damage|p1a: Ferrothorn|4/100
|-unboost|p2a: Melmetal|atk|1
|-unboost|p2a: Melmetal|def|1
|-damage|p2a: Melmetal|82/100|[from] ability: Iron Barbs|[of] p1a: Ferrothorn
|move|p1a: Ferrothorn|Leech Seed|p2a: Melmetal
|-start|p2a: Melmetal|move: Leech Seed
|
|-damage|p2a: Melmetal|69/100|[from] Leech Seed|[of] p1a: Ferrothorn
|-heal|p1a: Ferrothorn|21/100|[silent]
|upkeep
|turn|23
|
|t:|1641711783
|switch|p1a: Pelipper|Pelipper, F|76/100 tox
|-weather|RainDance|[from] ability: Drizzle|[of] p1a: Pelipper
|move|p2a: Melmetal|Double Iron Bash|p1a: Pelipper
|-resisted|p1a: Pelipper
|-damage|p1a: Pelipper|64/100 tox
|-resisted|p1a: Pelipper
|-damage|p1a: Pelipper|52/100 tox
|-hitcount|p1a: Pelipper|2
|
|-weather|RainDance|[upkeep]
|-damage|p2a: Melmetal|57/100|[from] Leech Seed|[of] p1a: Pelipper
|-heal|p1a: Pelipper|71/100 tox|[silent]
|-damage|p1a: Pelipper|64/100 tox|[from] psn
|upkeep
|turn|24
|
|t:|1641711790
|switch|p2a: Bisharp|Bisharp, F|100/100
|-damage|p2a: Bisharp|95/100|[from] Stealth Rock
|move|p1a: Pelipper|Defog|p2a: Bisharp
|-unboost|p2a: Bisharp|evasion|1
|-ability|p2a: Bisharp|Defiant
|-boost|p2a: Bisharp|atk|2
|-sideend|p2: ytt1226|Stealth Rock|[from] move: Defog|[of] p1a: Pelipper
|-sideend|p1: Wwweter|Sticky Web|[from] move: Defog|[of] p1a: Pelipper
|
|-weather|RainDance|[upkeep]
|-heal|p2a: Bisharp|100/100|[from] item: Leftovers
|-damage|p1a: Pelipper|52/100 tox|[from] psn
|upkeep
|turn|25
|
|t:|1641711796
|move|p2a: Bisharp|Knock Off|p1a: Pelipper
|-damage|p1a: Pelipper|0 fnt
|-enditem|p1a: Pelipper|Damp Rock|[from] move: Knock Off|[of] p2a: Bisharp
|faint|p1a: Pelipper
|
|-weather|RainDance|[upkeep]
|upkeep
|
|t:|1641711803
|switch|p1a: Seismitoad|Seismitoad, F, shiny|90/100
|turn|26
|
|t:|1641711808
|switch|p2a: Tangrowth|Tangrowth, F|99/100
|move|p1a: Seismitoad|Drain Punch|p2a: Tangrowth
|-damage|p2a: Tangrowth|91/100
|-heal|p1a: Seismitoad|94/100|[from] drain|[of] p2a: Tangrowth
|-damage|p1a: Seismitoad|78/100|[from] item: Rocky Helmet|[of] p2a: Tangrowth
|
|-weather|RainDance|[upkeep]
|-heal|p1a: Seismitoad|84/100|[from] item: Leftovers
|upkeep
|turn|27
|
|t:|1641711812
|switch|p1a: Regidrago|Regidrago|100/100
|move|p2a: Tangrowth|Leech Seed|p1a: Regidrago
|-start|p1a: Regidrago|move: Leech Seed
|
|-weather|RainDance|[upkeep]
|-damage|p1a: Regidrago|88/100|[from] Leech Seed|[of] p2a: Tangrowth
|-heal|p2a: Tangrowth|100/100|[silent]
|upkeep
|turn|28
|
|t:|1641711814
|move|p2a: Tangrowth|Protect|p2a: Tangrowth
|-singleturn|p2a: Tangrowth|Protect
|move|p1a: Regidrago|Dragon Dance|p1a: Regidrago
|-boost|p1a: Regidrago|atk|1
|-boost|p1a: Regidrago|spe|1
|
|-weather|RainDance|[upkeep]
|-damage|p1a: Regidrago|76/100|[from] Leech Seed|[of] p2a: Tangrowth
|upkeep
|turn|29
|
|t:|1641711821
|move|p1a: Regidrago|Dragon Claw|p2a: Tangrowth
|-damage|p2a: Tangrowth|62/100
|-damage|p1a: Regidrago|59/100|[from] item: Rocky Helmet|[of] p2a: Tangrowth
|move|p2a: Tangrowth|Knock Off|p1a: Regidrago
|-damage|p1a: Regidrago|34/100
|-enditem|p1a: Regidrago|Metronome|[from] move: Knock Off|[of] p2a: Tangrowth
|
|-weather|RainDance|[upkeep]
|-damage|p1a: Regidrago|22/100|[from] Leech Seed|[of] p2a: Tangrowth
|-heal|p2a: Tangrowth|79/100|[silent]
|upkeep
|turn|30
|
|t:|1641711844
|switch|p1a: Ferrothorn|Ferrothorn, F|21/100
|move|p2a: Tangrowth|Protect||[still]
|-fail|p2a: Tangrowth
|
|-weather|none
|upkeep
|turn|31
|
|t:|1641711851
|move|p2a: Tangrowth|Knock Off|p1a: Ferrothorn
|-damage|p1a: Ferrothorn|8/100
|-damage|p2a: Tangrowth|67/100|[from] ability: Iron Barbs|[of] p1a: Ferrothorn
|move|p1a: Ferrothorn|Stealth Rock|p2a: Tangrowth
|-sidestart|p2: ytt1226|move: Stealth Rock
|
|upkeep
|turn|32
|
|t:|1641711857
|move|p2a: Tangrowth|Knock Off|p1a: Ferrothorn
|-damage|p1a: Ferrothorn|0 fnt
|-damage|p2a: Tangrowth|54/100|[from] ability: Iron Barbs|[of] p1a: Ferrothorn
|faint|p1a: Ferrothorn
|
|upkeep
|inactive|Wwweter has 120 seconds left.
|
|t:|1641711897
|switch|p1a: Regidrago|Regidrago|22/100
|turn|33
|
|t:|1641711902
|move|p1a: Regidrago|Dragon Claw|p2a: Tangrowth
|-damage|p2a: Tangrowth|29/100
|-damage|p1a: Regidrago|5/100|[from] item: Rocky Helmet|[of] p2a: Tangrowth
|move|p2a: Tangrowth|Leech Seed|p1a: Regidrago
|-start|p1a: Regidrago|move: Leech Seed
|
|-damage|p1a: Regidrago|0 fnt|[from] Leech Seed|[of] p2a: Tangrowth
|-heal|p2a: Tangrowth|36/100|[silent]
|faint|p1a: Regidrago
|upkeep
|
|t:|1641711910
|switch|p1a: Barraskewda|Barraskewda, M, shiny|72/100 tox
|turn|34
|
|t:|1641711915
|switch|p2a: Araquanid|Araquanid, F|61/100
|-damage|p2a: Araquanid|36/100|[from] Stealth Rock
|move|p1a: Barraskewda|Close Combat|p2a: Araquanid
|-resisted|p2a: Araquanid
|-damage|p2a: Araquanid|10/100
|-unboost|p1a: Barraskewda|def|1
|-unboost|p1a: Barraskewda|spd|1
|
|-heal|p2a: Araquanid|16/100|[from] item: Leftovers
|-damage|p1a: Barraskewda|66/100 tox|[from] psn
|upkeep
|turn|35
|
|t:|1641711919
|move|p1a: Barraskewda|Close Combat|p2a: Araquanid
|-resisted|p2a: Araquanid
|-damage|p2a: Araquanid|0 fnt
|-unboost|p1a: Barraskewda|def|1
|-unboost|p1a: Barraskewda|spd|1
|faint|p2a: Araquanid
|
|-damage|p1a: Barraskewda|53/100 tox|[from] psn
|upkeep
|
|t:|1641711922
|switch|p2a: Bisharp|Bisharp, F|100/100
|-damage|p2a: Bisharp|95/100|[from] Stealth Rock
|turn|36
|
|t:|1641711924
|switch|p1a: Seismitoad|Seismitoad, F, shiny|84/100
|move|p2a: Bisharp|Sucker Punch||[still]
|-fail|p2a: Bisharp
|
|-heal|p2a: Bisharp|100/100|[from] item: Leftovers
|-heal|p1a: Seismitoad|90/100|[from] item: Leftovers
|upkeep
|turn|37
|
|t:|1641711951
|switch|p2a: Tangrowth|Tangrowth, F|69/100
|-damage|p2a: Tangrowth|56/100|[from] Stealth Rock
|switch|p1a: Barraskewda|Barraskewda, M, shiny|53/100 tox
|
|-damage|p1a: Barraskewda|47/100 tox|[from] psn
|upkeep
|turn|38
|
|t:|1641711956
|move|p1a: Barraskewda|Close Combat|p2a: Tangrowth
|-damage|p2a: Tangrowth|21/100
|-unboost|p1a: Barraskewda|def|1
|-unboost|p1a: Barraskewda|spd|1
|-damage|p1a: Barraskewda|31/100 tox|[from] item: Rocky Helmet|[of] p2a: Tangrowth
|move|p2a: Tangrowth|Leech Seed|p1a: Barraskewda
|-start|p1a: Barraskewda|move: Leech Seed
|
|-damage|p1a: Barraskewda|18/100 tox|[from] Leech Seed|[of] p2a: Tangrowth
|-heal|p2a: Tangrowth|31/100|[silent]
|-damage|p1a: Barraskewda|6/100 tox|[from] psn
|upkeep
|turn|39
|
|t:|1641711963
|switch|p1a: Seismitoad|Seismitoad, F, shiny|90/100
|move|p2a: Tangrowth|Protect||[still]
|-fail|p2a: Tangrowth
|
|-heal|p1a: Seismitoad|96/100|[from] item: Leftovers
|upkeep
|turn|40
|
|t:|1641711973
|switch|p2a: Chansey|Chansey, F|24/100
|-damage|p2a: Chansey|12/100|[from] Stealth Rock
|move|p1a: Seismitoad|Toxic|p2a: Chansey
|-status|p2a: Chansey|tox
|
|-heal|p1a: Seismitoad|100/100|[from] item: Leftovers
|-damage|p2a: Chansey|5/100 tox|[from] psn
|upkeep
|turn|41
|inactive|ytt1226 has 120 seconds left.
|
|t:|1641712010
|move|p1a: Seismitoad|Earthquake|p2a: Chansey
|-crit|p2a: Chansey
|-damage|p2a: Chansey|0 fnt
|faint|p2a: Chansey
|
|upkeep
|
|t:|1641712016
|switch|p2a: Tangrowth|Tangrowth, F|64/100
|-damage|p2a: Tangrowth|52/100|[from] Stealth Rock
|turn|42
|
|t:|1641712019
|switch|p2a: Melmetal|Melmetal|57/100
|-damage|p2a: Melmetal|51/100|[from] Stealth Rock
|move|p1a: Seismitoad|Toxic|p2a: Melmetal
|-immune|p2a: Melmetal
|
|upkeep
|turn|43
|
|t:|1641712027
|move|p1a: Seismitoad|Earthquake|p2a: Melmetal
|-supereffective|p2a: Melmetal
|-damage|p2a: Melmetal|14/100
|move|p2a: Melmetal|High Horsepower|p1a: Seismitoad
|-damage|p1a: Seismitoad|66/100
|
|-heal|p1a: Seismitoad|72/100|[from] item: Leftovers
|upkeep
|turn|44
|
|t:|1641712037
|move|p1a: Seismitoad|Drain Punch|p2a: Melmetal
|-supereffective|p2a: Melmetal
|-damage|p2a: Melmetal|0 fnt
|-heal|p1a: Seismitoad|80/100|[from] drain|[of] p2a: Melmetal
|faint|p2a: Melmetal
|
|-heal|p1a: Seismitoad|86/100|[from] item: Leftovers
|upkeep
|
|t:|1641712043
|switch|p2a: Tangrowth|Tangrowth, F|85/100
|-damage|p2a: Tangrowth|73/100|[from] Stealth Rock
|turn|45
|
|t:|1641712045
|move|p1a: Seismitoad|Toxic|p2a: Tangrowth
|-status|p2a: Tangrowth|tox
|move|p2a: Tangrowth|Leech Seed|p1a: Seismitoad
|-start|p1a: Seismitoad|move: Leech Seed
|
|-heal|p1a: Seismitoad|92/100|[from] item: Leftovers
|-damage|p1a: Seismitoad|79/100|[from] Leech Seed|[of] p2a: Tangrowth
|-heal|p2a: Tangrowth|85/100 tox|[silent]
|-damage|p2a: Tangrowth|79/100 tox|[from] psn
|upkeep
|turn|46
|inactive|ytt1226 has 120 seconds left.
|inactive|ytt1226 has 90 seconds left.
|
|t:|1641712120
|switch|p1a: Barraskewda|Barraskewda, M, shiny|6/100 tox
|move|p2a: Tangrowth|Knock Off|p1a: Barraskewda
|-damage|p1a: Barraskewda|0 fnt
|-enditem|p1a: Barraskewda|Choice Band|[from] move: Knock Off|[of] p2a: Tangrowth
|faint|p1a: Barraskewda
|
|-damage|p2a: Tangrowth|67/100 tox|[from] psn
|upkeep
|
|t:|1641712127
|switch|p1a: Seismitoad|Seismitoad, F, shiny|79/100
|turn|47
|inactive|ytt1226 has 90 seconds left.
|
|t:|1641712141
|move|p1a: Seismitoad|Muddy Water|p2a: Tangrowth
|-resisted|p2a: Tangrowth
|-damage|p2a: Tangrowth|41/100 tox
|-unboost|p2a: Tangrowth|accuracy|1
|move|p2a: Tangrowth|Leech Seed|p1a: Seismitoad
|-start|p1a: Seismitoad|move: Leech Seed
|
|-heal|p1a: Seismitoad|86/100|[from] item: Leftovers
|-damage|p1a: Seismitoad|73/100|[from] Leech Seed|[of] p2a: Tangrowth
|-heal|p2a: Tangrowth|54/100 tox|[silent]
|-damage|p2a: Tangrowth|35/100 tox|[from] psn
|upkeep
|turn|48
|
|t:|1641712147
|switch|p2a: Bisharp|Bisharp, F|100/100
|-damage|p2a: Bisharp|95/100|[from] Stealth Rock
|move|p1a: Seismitoad|Muddy Water|p2a: Bisharp
|-damage|p2a: Bisharp|53/100
|-unboost|p2a: Bisharp|accuracy|1
|-ability|p2a: Bisharp|Defiant
|-boost|p2a: Bisharp|atk|2
|
|-heal|p2a: Bisharp|59/100|[from] item: Leftovers
|-heal|p1a: Seismitoad|79/100|[from] item: Leftovers
|-damage|p1a: Seismitoad|67/100|[from] Leech Seed|[of] p2a: Bisharp
|-heal|p2a: Bisharp|74/100|[silent]
|upkeep
|turn|49
|c|☆ytt1226|lol
|
|t:|1641712157
|move|p2a: Bisharp|Knock Off|p1a: Seismitoad|[miss]
|-miss|p2a: Bisharp|p1a: Seismitoad
|move|p1a: Seismitoad|Drain Punch|p2a: Bisharp
|-supereffective|p2a: Bisharp
|-damage|p2a: Bisharp|0 fnt
|-heal|p1a: Seismitoad|97/100|[from] drain|[of] p2a: Bisharp
|faint|p2a: Bisharp
|
|-heal|p1a: Seismitoad|100/100|[from] item: Leftovers
|upkeep
|c|☆ytt1226|...
|
|t:|1641712166
|switch|p2a: Tangrowth|Tangrowth, F|68/100 tox
|-damage|p2a: Tangrowth|56/100 tox|[from] Stealth Rock
|turn|50
|
|t:|1641712169
|move|p1a: Seismitoad|Muddy Water|p2a: Tangrowth|[miss]
|-miss|p1a: Seismitoad|p2a: Tangrowth
|move|p2a: Tangrowth|Knock Off|p1a: Seismitoad
|-damage|p1a: Seismitoad|80/100
|-enditem|p1a: Seismitoad|Leftovers|[from] move: Knock Off|[of] p2a: Tangrowth
|
|-damage|p1a: Seismitoad|68/100|[from] Leech Seed|[of] p2a: Tangrowth
|-heal|p2a: Tangrowth|69/100 tox|[silent]
|-damage|p2a: Tangrowth|62/100 tox|[from] psn
|upkeep
|turn|51
|
|t:|1641712174
|move|p1a: Seismitoad|Muddy Water|p2a: Tangrowth
|-resisted|p2a: Tangrowth
|-damage|p2a: Tangrowth|38/100 tox
|move|p2a: Tangrowth|Earthquake|p1a: Seismitoad
|-damage|p1a: Seismitoad|47/100
|
|-damage|p1a: Seismitoad|35/100|[from] Leech Seed|[of] p2a: Tangrowth
|-heal|p2a: Tangrowth|50/100 tox|[silent]
|-damage|p2a: Tangrowth|38/100 tox|[from] psn
|upkeep
|turn|52
|
|t:|1641712180
|move|p1a: Seismitoad|Muddy Water|p2a: Tangrowth
|-resisted|p2a: Tangrowth
|-damage|p2a: Tangrowth|15/100 tox
|move|p2a: Tangrowth|Earthquake|p1a: Seismitoad
|-damage|p1a: Seismitoad|14/100
|
|-damage|p1a: Seismitoad|2/100|[from] Leech Seed|[of] p2a: Tangrowth
|-heal|p2a: Tangrowth|28/100 tox|[silent]
|-damage|p2a: Tangrowth|9/100 tox|[from] psn
|upkeep
|turn|53
|
|t:|1641712183
|move|p2a: Tangrowth|Protect|p2a: Tangrowth
|-singleturn|p2a: Tangrowth|Protect
|move|p1a: Seismitoad|Muddy Water|p2a: Tangrowth
|-activate|p2a: Tangrowth|move: Protect
|
|-damage|p1a: Seismitoad|0 fnt|[from] Leech Seed|[of] p2a: Tangrowth
|-heal|p2a: Tangrowth|10/100 tox|[silent]
|faint|p1a: Seismitoad
|
|win|ytt1226
|upkeep
|raw|Wwweter's rating: 1352 &rarr; <strong>1332</strong><br />(-20 for losing)
|raw|ytt1226's rating: 1354 &rarr; <strong>1374</strong><br />(+20 for winning)
|l|☆Wwweter
