|j|☆songlindagg
|j|☆RakatdChamp
|t:|1641707048
|gametype|singles
|player|p1|songlindagg|102|1350
|player|p2|RakatdChamp|blackbelt|1343
|teamsize|p1|6
|teamsize|p2|6
|gen|8
|tier|[Gen 8] OU
|rated|
|rule|Sleep Clause Mod: Limit one foe put to sleep
|rule|Species Clause: Limit one of each Pokémon
|rule|OHKO Clause: OHKO moves are banned
|rule|Evasion Moves Clause: Evasion moves are banned
|rule|Endless Battle Clause: Forcing endless battles is banned
|rule|HP Percentage Mod: HP is shown in percentages
|rule|Dynamax Clause: You cannot dynamax
|clearpoke
|poke|p1|Corviknight, M|
|poke|p1|Chansey, F|
|poke|p1|Bisharp, M|
|poke|p1|Nidoking, M|
|poke|p1|Chandelure, M|
|poke|p1|Scizor, F|
|poke|p2|Bisharp, M|
|poke|p2|Blacephalon|
|poke|p2|Landorus-Therian, M|
|poke|p2|Mamoswine, F|
|poke|p2|Araquanid, F|
|poke|p2|Zeraora|
|teampreview
|inactive|Battle timer is ON: inactive players will automatically lose when time's up. (requested by RakatdChamp)
|
|t:|1641707062
|start
|switch|p1a: Nidoking|Nidoking, M|100/100
|switch|p2a: Landorus|Landorus-Therian, M|100/100
|-ability|p2a: Landorus|Intimidate|boost
|-unboost|p1a: Nidoking|atk|1
|turn|1
|
|t:|1641707073
|switch|p2a: Araquanid|Araquanid, F|100/100
|move|p1a: Nidoking|Ice Beam|p2a: Araquanid
|-resisted|p2a: Araquanid
|-damage|p2a: Araquanid|91/100
|
|upkeep
|turn|2
|
|t:|1641707078
|switch|p1a: Corviknight|Corviknight, M|100/100
|-ability|p1a: Corviknight|Pressure
|move|p2a: Araquanid|Infestation|p1a: Corviknight
|-resisted|p1a: Corviknight
|-damage|p1a: Corviknight|99/100
|-activate|p1a: Corviknight|move: Infestation|[of] p2a: Araquanid
|-damage|p2a: Araquanid|75/100|[from] item: Rocky Helmet|[of] p1a: Corviknight
|
|-damage|p1a: Corviknight|87/100|[from] move: Infestation|[partiallytrapped]
|upkeep
|turn|3
|
|t:|1641707089
|move|p1a: Corviknight|U-turn|p2a: Araquanid
|-damage|p2a: Araquanid|60/100
|-damage|p1a: Corviknight|71/100|[from] item: Rocky Helmet|[of] p2a: Araquanid
|
|t:|1641707095
|switch|p1a: Chansey|Chansey, F|100/100|[from]move: U-turn
|move|p2a: Araquanid|Reflect|p2a: Araquanid
|-sidestart|p2: RakatdChamp|Reflect
|
|upkeep
|turn|4
|
|t:|1641707102
|switch|p2a: Bisharp|Bisharp, M|100/100
|move|p1a: Chansey|Stealth Rock|p2a: Bisharp
|-sidestart|p2: RakatdChamp|move: Stealth Rock
|
|upkeep
|turn|5
|
|t:|1641707112
|switch|p1a: Nidoking|Nidoking, M|100/100
|move|p2a: Bisharp|Swords Dance|p2a: Bisharp
|-boost|p2a: Bisharp|atk|2
|
|upkeep
|turn|6
|
|t:|1641707128
|move|p1a: Nidoking|Earth Power|p2a: Bisharp
|-supereffective|p2a: Bisharp
|-enditem|p2a: Bisharp|Focus Sash
|-damage|p2a: Bisharp|1/100
|move|p2a: Bisharp|Knock Off|p1a: Nidoking
|-damage|p1a: Nidoking|0 fnt
|-enditem|p1a: Nidoking|Choice Scarf|[from] move: Knock Off|[of] p2a: Bisharp
|faint|p1a: Nidoking
|
|upkeep
|
|t:|1641707138
|switch|p1a: Scizor|Scizor, F|100/100
|turn|7
|
|t:|1641707142
|move|p2a: Bisharp|Sucker Punch|p1a: Scizor
|-damage|p1a: Scizor|28/100
|move|p1a: Scizor|U-turn|p2a: Bisharp
|-damage|p2a: Bisharp|0 fnt
|faint|p2a: Bisharp
|c|☆songlindagg|?
|
|t:|1641707162
|switch|p1a: Chandelure|Chandelure, M|100/100|[from]move: U-turn
|-item|p1a: Chandelure|Air Balloon
|
|-sideend|p2: RakatdChamp|Reflect
|upkeep
|
|t:|1641707175
|switch|p2a: Landorus|Landorus-Therian, M|100/100
|-damage|p2a: Landorus|88/100|[from] Stealth Rock
|-ability|p2a: Landorus|Intimidate|boost
|-unboost|p1a: Chandelure|atk|1
|turn|8
|
|t:|1641707185
|switch|p1a: Corviknight|Corviknight, M|71/100
|-ability|p1a: Corviknight|Pressure
|move|p2a: Landorus|Smack Down|p1a: Corviknight
|-damage|p1a: Corviknight|62/100
|-start|p1a: Corviknight|Smack Down
|
|upkeep
|turn|9
|
|t:|1641707198
|move|p2a: Landorus|Stealth Rock|p1a: Corviknight
|-sidestart|p1: songlindagg|move: Stealth Rock
|move|p1a: Corviknight|U-turn|p2a: Landorus
|-resisted|p2a: Landorus
|-damage|p2a: Landorus|83/100
|-damage|p1a: Corviknight|45/100|[from] item: Rocky Helmet|[of] p2a: Landorus
|
|t:|1641707204
|switch|p1a: Bisharp|Bisharp, M|100/100|[from]move: U-turn
|-damage|p1a: Bisharp|95/100|[from] Stealth Rock
|
|upkeep
|turn|10
|
|t:|1641707211
|switch|p1a: Corviknight|Corviknight, M|45/100
|-damage|p1a: Corviknight|33/100|[from] Stealth Rock
|-ability|p1a: Corviknight|Pressure
|move|p2a: Landorus|Earthquake|p1a: Corviknight
|-immune|p1a: Corviknight
|
|upkeep
|turn|11
|
|t:|1641707218
|move|p2a: Landorus|Smack Down|p1a: Corviknight
|-damage|p1a: Corviknight|23/100
|-start|p1a: Corviknight|Smack Down
|move|p1a: Corviknight|Defog|p2a: Landorus
|-unboost|p2a: Landorus|evasion|1
|-sideend|p2: RakatdChamp|Stealth Rock|[from] move: Defog|[of] p1a: Corviknight
|-sideend|p1: songlindagg|Stealth Rock|[from] move: Defog|[of] p1a: Corviknight
|
|upkeep
|turn|12
|
|t:|1641707230
|switch|p1a: Chandelure|Chandelure, M|100/100
|-item|p1a: Chandelure|Air Balloon
|move|p2a: Landorus|Earthquake|p1a: Chandelure
|-immune|p1a: Chandelure
|
|upkeep
|turn|13
|
|t:|1641707248
|switch|p1a: Chansey|Chansey, F|100/100
|move|p2a: Landorus|Smack Down|p1a: Chansey
|-damage|p1a: Chansey|89/100
|
|upkeep
|turn|14
|
|t:|1641707256
|move|p2a: Landorus|Stealth Rock|p1a: Chansey
|-sidestart|p1: songlindagg|move: Stealth Rock
|move|p1a: Chansey|Toxic|p2a: Landorus
|-status|p2a: Landorus|tox
|
|-damage|p2a: Landorus|77/100 tox|[from] psn
|upkeep
|turn|15
|
|t:|1641707264
|switch|p2a: Araquanid|Araquanid, F|60/100
|move|p1a: Chansey|Soft-Boiled|p1a: Chansey
|-heal|p1a: Chansey|100/100
|
|upkeep
|turn|16
|
|t:|1641707275
|move|p1a: Chansey|Toxic|p2a: Araquanid
|-status|p2a: Araquanid|tox
|move|p2a: Araquanid|Reflect|p2a: Araquanid
|-sidestart|p2: RakatdChamp|Reflect
|
|-damage|p2a: Araquanid|53/100 tox|[from] psn
|upkeep
|turn|17
|
|t:|1641707285
|switch|p1a: Corviknight|Corviknight, M|23/100
|-damage|p1a: Corviknight|11/100|[from] Stealth Rock
|-ability|p1a: Corviknight|Pressure
|move|p2a: Araquanid|Infestation|p1a: Corviknight
|-resisted|p1a: Corviknight
|-damage|p1a: Corviknight|10/100
|-activate|p1a: Corviknight|move: Infestation|[of] p2a: Araquanid
|-damage|p2a: Araquanid|37/100 tox|[from] item: Rocky Helmet|[of] p1a: Corviknight
|
|-damage|p2a: Araquanid|25/100 tox|[from] psn
|-damage|p1a: Corviknight|0 fnt|[from] move: Infestation|[partiallytrapped]
|faint|p1a: Corviknight
|upkeep
|
|t:|1641707290
|switch|p1a: Chansey|Chansey, F|100/100
|-damage|p1a: Chansey|88/100|[from] Stealth Rock
|turn|18
|inactive|RakatdChamp has 120 seconds left.
|
|t:|1641707331
|switch|p2a: Blacephalon|Blacephalon|100/100
|move|p1a: Chansey|Toxic|p2a: Blacephalon
|-status|p2a: Blacephalon|tox
|
|-damage|p2a: Blacephalon|94/100 tox|[from] psn
|upkeep
|turn|19
|
|t:|1641707347
|move|p2a: Blacephalon|Psyshock|p1a: Chansey
|-damage|p1a: Chansey|57/100
|move|p1a: Chansey|Soft-Boiled|p1a: Chansey
|-heal|p1a: Chansey|100/100
|
|-damage|p2a: Blacephalon|82/100 tox|[from] psn
|upkeep
|turn|20
|inactive|RakatdChamp has 120 seconds left.
|
|t:|1641707354
|switch|p2a: Mamoswine|Mamoswine, F, shiny|100/100
|move|p1a: Chansey|Toxic|p2a: Mamoswine
|-status|p2a: Mamoswine|tox
|
|-damage|p2a: Mamoswine|94/100 tox|[from] psn
|-sideend|p2: RakatdChamp|Reflect
|upkeep
|turn|21
|c|☆RakatdChamp|haha
|inactive|RakatdChamp has 120 seconds left.
|
|t:|1641707367
|move|p2a: Mamoswine|Icicle Crash|p1a: Chansey
|-damage|p1a: Chansey|65/100
|move|p1a: Chansey|Stealth Rock|p2a: Mamoswine
|-sidestart|p2: RakatdChamp|move: Stealth Rock
|
|-damage|p2a: Mamoswine|82/100 tox|[from] psn
|upkeep
|turn|22
|
|t:|1641707373
|move|p2a: Mamoswine|Icicle Crash|p1a: Chansey
|-damage|p1a: Chansey|34/100
|move|p1a: Chansey|Soft-Boiled|p1a: Chansey
|-heal|p1a: Chansey|84/100
|
|-damage|p2a: Mamoswine|64/100 tox|[from] psn
|upkeep
|turn|23
|
|t:|1641707380
|move|p2a: Mamoswine|Icicle Crash|p1a: Chansey
|-damage|p1a: Chansey|52/100
|move|p1a: Chansey|Soft-Boiled|p1a: Chansey
|-heal|p1a: Chansey|100/100
|
|-damage|p2a: Mamoswine|40/100 tox|[from] psn
|upkeep
|turn|24
|
|t:|1641707386
|move|p2a: Mamoswine|Icicle Crash|p1a: Chansey
|-damage|p1a: Chansey|64/100
|move|p1a: Chansey|Soft-Boiled|p1a: Chansey
|-heal|p1a: Chansey|100/100
|
|-damage|p2a: Mamoswine|9/100 tox|[from] psn
|upkeep
|turn|25
|
|t:|1641707393
|move|p2a: Mamoswine|Icicle Crash|p1a: Chansey
|-damage|p1a: Chansey|69/100
|move|p1a: Chansey|Soft-Boiled|p1a: Chansey
|-heal|p1a: Chansey|100/100
|
|-damage|p2a: Mamoswine|0 fnt|[from] psn
|faint|p2a: Mamoswine
|upkeep
|
|t:|1641707412
|switch|p2a: Araquanid|Araquanid, F|25/100 tox
|-damage|p2a: Araquanid|0 fnt|[from] Stealth Rock
|faint|p2a: Araquanid
|
|t:|1641707418
|switch|p2a: Blacephalon|Blacephalon|82/100 tox
|-damage|p2a: Blacephalon|58/100 tox|[from] Stealth Rock
|turn|26
|
|t:|1641707422
|move|p2a: Blacephalon|Hypnosis|p1a: Chansey
|-status|p1a: Chansey|slp|[from] move: Hypnosis
|cant|p1a: Chansey|slp
|
|-damage|p2a: Blacephalon|52/100 tox|[from] psn
|upkeep
|turn|27
|
|t:|1641707434
|switch|p2a: Landorus|Landorus-Therian, M|77/100 tox
|-damage|p2a: Landorus|65/100 tox|[from] Stealth Rock
|-ability|p2a: Landorus|Intimidate|boost
|-unboost|p1a: Chansey|atk|1
|cant|p1a: Chansey|slp
|
|-damage|p2a: Landorus|58/100 tox|[from] psn
|upkeep
|turn|28
|
|t:|1641707444
|move|p2a: Landorus|Earthquake|p1a: Chansey
|-damage|p1a: Chansey|65/100 slp
|cant|p1a: Chansey|slp
|
|-damage|p2a: Landorus|46/100 tox|[from] psn
|upkeep
|turn|29
|
|t:|1641707450
|move|p2a: Landorus|Smack Down|p1a: Chansey
|-damage|p1a: Chansey|53/100 slp
|-curestatus|p1a: Chansey|slp|[msg]
|move|p1a: Chansey|Soft-Boiled|p1a: Chansey
|-heal|p1a: Chansey|100/100
|
|-damage|p2a: Landorus|27/100 tox|[from] psn
|upkeep
|turn|30
|c|☆RakatdChamp|sigh
|c|☆RakatdChamp|gg
|c|☆songlindagg|??
|-message|RakatdChamp forfeited.
|
|win|songlindagg
|raw|songlindagg's rating: 1350 &rarr; <strong>1370</strong><br />(+20 for winning)
|raw|RakatdChamp's rating: 1343 &rarr; <strong>1323</strong><br />(-20 for losing)
|l|☆RakatdChamp
|c|☆songlindagg|ur zera
