|j|☆RepeatUntilDrunk9
|j|☆blacknailedtrainer
|t:|1641708178
|gametype|singles
|player|p1|RepeatUntilDrunk9|marlon|1152
|player|p2|blacknailedtrainer|marley|1098
|teamsize|p1|6
|teamsize|p2|6
|gen|8
|tier|[Gen 8] OU
|rated|
|rule|Sleep Clause Mod: Limit one foe put to sleep
|rule|Species Clause: Limit one of each Pokémon
|rule|OHKO Clause: OHKO moves are banned
|rule|Evasion Moves Clause: Evasion moves are banned
|rule|Endless Battle Clause: Forcing endless battles is banned
|rule|HP Percentage Mod: HP is shown in percentages
|rule|Dynamax Clause: You cannot dynamax
|clearpoke
|poke|p1|Seismitoad, F|
|poke|p1|Volcanion|
|poke|p1|Zapdos|
|poke|p1|Pelipper, F|
|poke|p1|Ferrothorn, F|
|poke|p1|Crawdaunt, F|
|poke|p2|Landorus-Therian, M|
|poke|p2|Weavile, M|
|poke|p2|Heatran, M|
|poke|p2|Zapdos|
|poke|p2|Urshifu-*, M|
|poke|p2|Tapu Bulu|
|teampreview
|inactive|Battle timer is ON: inactive players will automatically lose when time's up. (requested by blacknailedtrainer)
|
|t:|1641708186
|start
|switch|p1a: Pelipper|Pelipper, F|100/100
|switch|p2a: Chaos|Heatran, M|100/100
|-weather|RainDance|[from] ability: Drizzle|[of] p1a: Pelipper
|turn|1
|
|t:|1641708199
|move|p2a: Chaos|Stealth Rock|p1a: Pelipper
|-sidestart|p1: RepeatUntilDrunk9|move: Stealth Rock
|move|p1a: Pelipper|U-turn|p2a: Chaos
|-resisted|p2a: Chaos
|-damage|p2a: Chaos|99/100
|
|t:|1641708205
|switch|p1a: Seismitoad|Seismitoad, F|100/100|[from]move: U-turn
|-damage|p1a: Seismitoad|95/100|[from] Stealth Rock
|
|-weather|RainDance|[upkeep]
|-heal|p2a: Chaos|100/100|[from] item: Leftovers
|upkeep
|turn|2
|
|t:|1641708222
|switch|p2a: Enten|Landorus-Therian, M|100/100
|-ability|p2a: Enten|Intimidate|boost
|-unboost|p1a: Seismitoad|atk|1
|move|p1a: Seismitoad|Weather Ball|p2a: Enten
|-supereffective|p2a: Enten
|-damage|p2a: Enten|0 fnt
|faint|p2a: Enten
|
|-weather|RainDance|[upkeep]
|upkeep
|
|t:|1641708235
|switch|p2a: Monk|Tapu Bulu, shiny|100/100
|-fieldstart|move: Grassy Terrain|[from] ability: Grassy Surge|[of] p2a: Monk
|turn|3
|
|t:|1641708242
|switch|p1a: Ferrothorn|Ferrothorn, F|100/100
|-damage|p1a: Ferrothorn|94/100|[from] Stealth Rock
|move|p2a: Monk|Wood Hammer|p1a: Ferrothorn
|-resisted|p1a: Ferrothorn
|-damage|p1a: Ferrothorn|70/100
|-damage|p2a: Monk|88/100|[from] ability: Iron Barbs|[of] p1a: Ferrothorn
|-damage|p2a: Monk|78/100|[from] Recoil
|
|-weather|RainDance|[upkeep]
|-heal|p2a: Monk|84/100|[from] Grassy Terrain
|-heal|p1a: Ferrothorn|76/100|[from] Grassy Terrain
|upkeep
|turn|4
|
|t:|1641708255
|switch|p2a: Chaos|Heatran, M|100/100
|move|p1a: Ferrothorn|Stealth Rock|p2a: Chaos
|-sidestart|p2: blacknailedtrainer|move: Stealth Rock
|
|-weather|RainDance|[upkeep]
|-heal|p1a: Ferrothorn|82/100|[from] Grassy Terrain
|upkeep
|turn|5
|
|t:|1641708263
|switch|p1a: Seismitoad|Seismitoad, F|95/100
|-damage|p1a: Seismitoad|89/100|[from] Stealth Rock
|move|p2a: Chaos|Magma Storm|p1a: Seismitoad
|-resisted|p1a: Seismitoad
|-damage|p1a: Seismitoad|76/100
|-activate|p1a: Seismitoad|move: Magma Storm|[of] p2a: Chaos
|
|-weather|RainDance|[upkeep]
|-heal|p1a: Seismitoad|82/100|[from] Grassy Terrain
|-damage|p1a: Seismitoad|69/100|[from] move: Magma Storm|[partiallytrapped]
|upkeep
|turn|6
|
|t:|1641708273
|switch|p2a: Monk|Tapu Bulu, shiny|84/100
|-damage|p2a: Monk|72/100|[from] Stealth Rock
|move|p1a: Seismitoad|Weather Ball|p2a: Monk
|-resisted|p2a: Monk
|-damage|p2a: Monk|17/100
|
|-weather|RainDance|[upkeep]
|-heal|p1a: Seismitoad|75/100|[from] Grassy Terrain
|-heal|p2a: Monk|23/100|[from] Grassy Terrain
|-end|p1a: Seismitoad|Magma Storm|[partiallytrapped]|[silent]
|upkeep
|turn|7
|
|t:|1641708283
|move|p1a: Seismitoad|Weather Ball|p2a: Monk
|-resisted|p2a: Monk
|-damage|p2a: Monk|0 fnt
|faint|p2a: Monk
|
|-weather|RainDance|[upkeep]
|-heal|p1a: Seismitoad|81/100|[from] Grassy Terrain
|-fieldend|move: Grassy Terrain
|upkeep
|-message|blacknailedtrainer forfeited.
|
|win|RepeatUntilDrunk9
|raw|RepeatUntilDrunk9's rating: 1152 &rarr; <strong>1173</strong><br />(+21 for winning)
|raw|blacknailedtrainer's rating: 1098 &rarr; <strong>1077</strong><br />(-21 for losing)
|l|☆blacknailedtrainer
