|j|☆zzxg
|j|☆Dragonite carry
|t:|1641780586
|gametype|singles
|player|p1|zzxg|sailor|1123
|player|p2|Dragonite carry|101|1178
|teamsize|p1|6
|teamsize|p2|6
|gen|8
|tier|[Gen 8] OU
|rated|
|rule|Sleep Clause Mod: Limit one foe put to sleep
|rule|Species Clause: Limit one of each Pokémon
|rule|OHKO Clause: OHKO moves are banned
|rule|Evasion Moves Clause: Evasion moves are banned
|rule|Endless Battle Clause: Forcing endless battles is banned
|rule|HP Percentage Mod: HP is shown in percentages
|rule|Dynamax Clause: You cannot dynamax
|clearpoke
|poke|p1|Rillaboom, F|
|poke|p1|Landorus-Therian, M|
|poke|p1|Blacephalon|
|poke|p1|Dragapult, F|
|poke|p1|Mew|
|poke|p1|Aegislash, F|
|poke|p2|Melmetal|
|poke|p2|Dragonite, M|
|poke|p2|Victini|
|poke|p2|Nidoking, M|
|poke|p2|Slowking, F|
|poke|p2|Rillaboom, M|
|teampreview
|inactive|Battle timer is ON: inactive players will automatically lose when time's up. (requested by Dragonite carry)
|
|t:|1641780608
|start
|switch|p1a: Mew|Mew, shiny|100/100
|switch|p2a: Melmetal|Melmetal|100/100
|turn|1
|
|t:|1641780631
|move|p1a: Mew|Stealth Rock|p2a: Melmetal
|-sidestart|p2: Dragonite carry|move: Stealth Rock
|move|p2a: Melmetal|Toxic|p1a: Mew
|-status|p1a: Mew|tox
|-activate|p1a: Mew|ability: Synchronize
|-immune|p2a: Melmetal
|
|-damage|p1a: Mew|94/100 tox|[from] psn
|upkeep
|turn|2
|
|t:|1641780640
|move|p1a: Mew|Toxic Spikes|p2a: Melmetal
|-sidestart|p2: Dragonite carry|move: Toxic Spikes
|move|p2a: Melmetal|Double Iron Bash|p1a: Mew
|-damage|p1a: Mew|58/100 tox
|-damage|p1a: Mew|24/100 tox
|-hitcount|p1a: Mew|2
|
|-damage|p1a: Mew|12/100 tox|[from] psn
|upkeep
|turn|3
|
|t:|1641780648
|move|p1a: Mew|Spikes|p2a: Melmetal
|-sidestart|p2: Dragonite carry|Spikes
|move|p2a: Melmetal|Double Iron Bash|p1a: Mew
|-damage|p1a: Mew|0 fnt
|faint|p1a: Mew
|-hitcount|p1: Mew|1
|
|upkeep
|
|t:|1641780654
|switch|p1a: Blacephalon|Blacephalon, shiny|100/100
|turn|4
|
|t:|1641780658
|move|p1a: Blacephalon|Overheat|p2a: Melmetal
|-supereffective|p2a: Melmetal
|-damage|p2a: Melmetal|0 fnt
|-unboost|p1a: Blacephalon|spa|2
|faint|p2a: Melmetal
|-ability|p1a: Blacephalon|Beast Boost|boost
|-boost|p1a: Blacephalon|spa|1
|
|upkeep
|
|t:|1641780668
|switch|p2a: Dragonite|Dragonite, M|100/100
|turn|5
|
|t:|1641780675
|switch|p1a: Landorus|Landorus-Therian, M|100/100
|-ability|p1a: Landorus|Intimidate|boost
|-unboost|p2a: Dragonite|atk|1
|move|p2a: Dragonite|Dragon Dance|p2a: Dragonite
|-boost|p2a: Dragonite|atk|1
|-boost|p2a: Dragonite|spe|1
|
|upkeep
|turn|6
|
|t:|1641780683
|move|p2a: Dragonite|Dragon Dance|p2a: Dragonite
|-boost|p2a: Dragonite|atk|1
|-boost|p2a: Dragonite|spe|1
|move|p1a: Landorus|Outrage|p2a: Dragonite
|-supereffective|p2a: Dragonite
|-damage|p2a: Dragonite|22/100
|
|upkeep
|turn|7
|
|t:|1641780691
|move|p2a: Dragonite|Dual Wingbeat|p1a: Landorus
|-damage|p1a: Landorus|61/100
|-damage|p1a: Landorus|17/100
|-hitcount|p1a: Landorus|2
|move|p1a: Landorus|Outrage|p2a: Dragonite|[from]lockedmove
|-supereffective|p2a: Dragonite
|-damage|p2a: Dragonite|0 fnt
|faint|p2a: Dragonite
|
|upkeep
|
|t:|1641780705
|switch|p2a: Nidoking|Nidoking, M|100/100
|-damage|p2a: Nidoking|88/100|[from] Spikes
|-sideend|p2: Dragonite carry|move: Toxic Spikes|[of] p2a: Nidoking
|-damage|p2a: Nidoking|82/100|[from] Stealth Rock
|turn|8
|
|t:|1641780711
|move|p2a: Nidoking|Sludge Wave|p1a: Landorus
|-resisted|p1a: Landorus
|-damage|p1a: Landorus|0 fnt
|faint|p1a: Landorus
|
|upkeep
|
|t:|1641780720
|switch|p1a: Blacephalon|Blacephalon, shiny|100/100
|turn|9
|
|t:|1641780725
|move|p1a: Blacephalon|Expanding Force|p2a: Nidoking
|-supereffective|p2a: Nidoking
|-damage|p2a: Nidoking|0 fnt
|faint|p2a: Nidoking
|-ability|p1a: Blacephalon|Beast Boost|boost
|-boost|p1a: Blacephalon|spa|1
|
|upkeep
|
|t:|1641780730
|switch|p2a: Slowking|Slowking, F|100/100
|turn|10
|
|t:|1641780734
|move|p1a: Blacephalon|Shadow Ball|p2a: Slowking
|-supereffective|p2a: Slowking
|-damage|p2a: Slowking|0 fnt
|faint|p2a: Slowking
|-ability|p1a: Blacephalon|Beast Boost|boost
|-boost|p1a: Blacephalon|spa|1
|
|upkeep
|
|t:|1641780743
|switch|p2a: Victini|Victini|100/100
|-damage|p2a: Victini|88/100|[from] Spikes
|-damage|p2a: Victini|63/100|[from] Stealth Rock
|turn|11
|
|t:|1641780750
|move|p2a: Victini|Bolt Strike|p1a: Blacephalon
|-damage|p1a: Blacephalon|12/100
|-enditem|p1a: Blacephalon|Mago Berry|[eat]
|-heal|p1a: Blacephalon|45/100|[from] item: Mago Berry
|move|p1a: Blacephalon|Shadow Ball|p2a: Victini
|-supereffective|p2a: Victini
|-damage|p2a: Victini|0 fnt
|faint|p2a: Victini
|-ability|p1a: Blacephalon|Beast Boost|boost
|-boost|p1a: Blacephalon|spa|1
|
|upkeep
|-message|Dragonite carry forfeited.
|
|win|zzxg
|raw|zzxg's rating: 1123 &rarr; <strong>1152</strong><br />(+29 for winning)
|raw|Dragonite carry's rating: 1178 &rarr; <strong>1149</strong><br />(-29 for losing)
|l|☆Dragonite carry
