|j|☆DumbLick1337
|j|☆RyanDY4
|t:|1641830894
|gametype|singles
|player|p1|DumbLick1337|102|1296
|player|p2|RyanDY4|101|1364
|teamsize|p1|6
|teamsize|p2|6
|gen|8
|tier|[Gen 8] OU
|rated|
|rule|Sleep Clause Mod: Limit one foe put to sleep
|rule|Species Clause: Limit one of each Pokémon
|rule|OHKO Clause: OHKO moves are banned
|rule|Evasion Moves Clause: Evasion moves are banned
|rule|Endless Battle Clause: Forcing endless battles is banned
|rule|HP Percentage Mod: HP is shown in percentages
|rule|Dynamax Clause: You cannot dynamax
|clearpoke
|poke|p1|Seismitoad, M|
|poke|p1|Rotom-Heat|
|poke|p1|Corviknight, F|
|poke|p1|Hatterene, F|
|poke|p1|Dragapult, F|
|poke|p1|Hippowdon, M|
|poke|p2|Magnezone|
|poke|p2|Nidoking, M|
|poke|p2|Dragapult, F|
|poke|p2|Heatran, F|
|poke|p2|Urshifu-*, M|
|poke|p2|Rillaboom, M|
|teampreview
|c|☆DumbLick1337|hf
|inactive|Battle timer is ON: inactive players will automatically lose when time's up. (requested by DumbLick1337)
|
|t:|1641830903
|start
|switch|p1a: Hippowdon|Hippowdon, M|100/100
|switch|p2a: Rillaboom|Rillaboom, M|100/100
|-fieldstart|move: Grassy Terrain|[from] ability: Grassy Surge|[of] p2a: Rillaboom
|-weather|Sandstorm|[from] ability: Sand Stream|[of] p1a: Hippowdon
|turn|1
|
|t:|1641830912
|switch|p1a: rotomheat|Rotom-Heat|100/100
|move|p2a: Rillaboom|U-turn|p1a: rotomheat
|-resisted|p1a: rotomheat
|-damage|p1a: rotomheat|75/100
|
|t:|1641830926
|switch|p2a: Urshifu|Urshifu-Rapid-Strike, M|100/100|[from]move: U-turn
|
|-weather|Sandstorm|[upkeep]
|-damage|p2a: Urshifu|94/100|[from] Sandstorm
|-damage|p1a: rotomheat|69/100|[from] Sandstorm
|-heal|p2a: Urshifu|100/100|[from] Grassy Terrain
|upkeep
|turn|2
|
|t:|1641830931
|switch|p1a: Dragapult|Dragapult, F|100/100
|move|p2a: Urshifu|Close Combat|p1a: Dragapult
|-immune|p1a: Dragapult
|
|-weather|Sandstorm|[upkeep]
|-damage|p2a: Urshifu|94/100|[from] Sandstorm
|-damage|p1a: Dragapult|95/100|[from] Sandstorm
|-heal|p2a: Urshifu|100/100|[from] Grassy Terrain
|-heal|p1a: Dragapult|100/100|[from] Grassy Terrain
|upkeep
|turn|3
|
|t:|1641830936
|switch|p2a: Heatran|Heatran, F|100/100
|move|p1a: Dragapult|Shadow Ball|p2a: Heatran
|-damage|p2a: Heatran|66/100
|
|-weather|Sandstorm|[upkeep]
|-damage|p1a: Dragapult|95/100|[from] Sandstorm
|-heal|p1a: Dragapult|100/100|[from] Grassy Terrain
|-heal|p2a: Heatran|73/100|[from] Grassy Terrain
|-heal|p2a: Heatran|79/100|[from] item: Leftovers
|upkeep
|turn|4
|
|t:|1641830940
|switch|p1a: Seismitoad|Seismitoad, M|100/100
|move|p2a: Heatran|Magma Storm|p1a: Seismitoad|[miss]
|-miss|p2a: Heatran|p1a: Seismitoad
|
|-weather|Sandstorm|[upkeep]
|-heal|p2a: Heatran|85/100|[from] Grassy Terrain
|-heal|p2a: Heatran|91/100|[from] item: Leftovers
|upkeep
|turn|5
|
|t:|1641830945
|switch|p2a: Rillaboom|Rillaboom, M|100/100
|move|p1a: Seismitoad|Earthquake|p2a: Rillaboom
|-resisted|p2a: Rillaboom
|-damage|p2a: Rillaboom|81/100
|
|-weather|none
|-heal|p2a: Rillaboom|87/100|[from] Grassy Terrain
|-fieldend|move: Grassy Terrain
|upkeep
|turn|6
|
|t:|1641830949
|switch|p1a: Hippowdon|Hippowdon, M|100/100
|-weather|Sandstorm|[from] ability: Sand Stream|[of] p1a: Hippowdon
|move|p2a: Rillaboom|Wood Hammer|p1a: Hippowdon
|-supereffective|p1a: Hippowdon
|-damage|p1a: Hippowdon|12/100
|-damage|p2a: Rillaboom|71/100|[from] item: Rocky Helmet|[of] p1a: Hippowdon
|-damage|p2a: Rillaboom|35/100|[from] Recoil
|
|-weather|Sandstorm|[upkeep]
|-damage|p2a: Rillaboom|28/100|[from] Sandstorm
|upkeep
|turn|7
|
|t:|1641830956
|move|p2a: Rillaboom|Wood Hammer|p1a: Hippowdon
|-supereffective|p1a: Hippowdon
|-damage|p1a: Hippowdon|0 fnt
|-damage|p2a: Rillaboom|12/100|[from] item: Rocky Helmet|[of] p1a: Hippowdon
|faint|p1a: Hippowdon
|-damage|p2a: Rillaboom|7/100|[from] Recoil
|
|-weather|Sandstorm|[upkeep]
|-damage|p2a: Rillaboom|1/100|[from] Sandstorm
|upkeep
|
|t:|1641830956
|switch|p1a: Dragapult|Dragapult, F|100/100
|turn|8
|
|t:|1641830958
|move|p1a: Dragapult|Shadow Ball|p2a: Rillaboom
|-damage|p2a: Rillaboom|0 fnt
|faint|p2a: Rillaboom
|
|-weather|Sandstorm|[upkeep]
|-damage|p1a: Dragapult|95/100|[from] Sandstorm
|upkeep
|
|t:|1641830963
|switch|p2a: Heatran|Heatran, F|91/100
|turn|9
|
|t:|1641830968
|move|p1a: Dragapult|Shadow Ball|p2a: Heatran
|-damage|p2a: Heatran|55/100
|move|p2a: Heatran|Toxic|p1a: Dragapult
|-status|p1a: Dragapult|tox
|
|-weather|Sandstorm|[upkeep]
|-damage|p1a: Dragapult|89/100 tox|[from] Sandstorm
|-heal|p2a: Heatran|61/100|[from] item: Leftovers
|-damage|p1a: Dragapult|83/100 tox|[from] psn
|upkeep
|turn|10
|
|t:|1641830971
|move|p1a: Dragapult|Shadow Ball|p2a: Heatran
|-damage|p2a: Heatran|26/100
|move|p2a: Heatran|Magma Storm|p1a: Dragapult
|-resisted|p1a: Dragapult
|-damage|p1a: Dragapult|55/100 tox
|-activate|p1a: Dragapult|move: Magma Storm|[of] p2a: Heatran
|
|-weather|none
|-heal|p2a: Heatran|32/100|[from] item: Leftovers
|-damage|p1a: Dragapult|43/100 tox|[from] psn
|-damage|p1a: Dragapult|31/100 tox|[from] move: Magma Storm|[partiallytrapped]
|upkeep
|turn|11
|j| haywirehax
|
|t:|1641830986
|switch|p2a: Magnezone|Magnezone|100/100
|move|p1a: Dragapult|Shadow Ball|p2a: Magnezone
|-damage|p2a: Magnezone|28/100
|-unboost|p2a: Magnezone|spd|1
|
|-heal|p2a: Magnezone|34/100|[from] item: Leftovers
|-damage|p1a: Dragapult|13/100 tox|[from] psn
|-end|p1a: Dragapult|Magma Storm|[partiallytrapped]|[silent]
|upkeep
|turn|12
|
|t:|1641831001
|switch|p2a: Heatran|Heatran, F|32/100
|move|p1a: Dragapult|Shadow Ball|p2a: Heatran
|-damage|p2a: Heatran|0 fnt
|faint|p2a: Heatran
|
|-damage|p1a: Dragapult|0 fnt|[from] psn
|faint|p1a: Dragapult
|upkeep
|
|t:|1641831007
|switch|p1a: Hatterene|Hatterene, F|100/100
|switch|p2a: Urshifu|Urshifu-Rapid-Strike, M|100/100
|turn|13
|
|t:|1641831010
|move|p2a: Urshifu|U-turn|p1a: Hatterene
|-damage|p1a: Hatterene|71/100
|
|t:|1641831013
|switch|p2a: Nidoking|Nidoking, M|100/100|[from]move: U-turn
|move|p1a: Hatterene|Draining Kiss|p2a: Nidoking
|-resisted|p2a: Nidoking
|-damage|p2a: Nidoking|81/100
|-heal|p1a: Hatterene|86/100|[from] drain|[of] p2a: Nidoking
|
|upkeep
|turn|14
|
|t:|1641831016
|move|p2a: Nidoking|Sludge Wave|p1a: Hatterene
|-supereffective|p1a: Hatterene
|-damage|p1a: Hatterene|9/100
|move|p1a: Hatterene|Psychic|p2a: Nidoking
|-supereffective|p2a: Nidoking
|-damage|p2a: Nidoking|0 fnt
|faint|p2a: Nidoking
|
|upkeep
|
|t:|1641831021
|switch|p2a: Dragapult|Dragapult, F|100/100
|turn|15
|
|t:|1641831025
|move|p2a: Dragapult|Dragon Darts|p1a: Hatterene
|-immune|p1a: Hatterene
|move|p1a: Hatterene|Mystical Fire|p2a: Dragapult
|-resisted|p2a: Dragapult
|-damage|p2a: Dragapult|84/100
|-unboost|p2a: Dragapult|spa|1
|
|upkeep
|turn|16
|
|t:|1641831028
|move|p2a: Dragapult|Flamethrower|p1a: Hatterene
|-damage|p1a: Hatterene|0 fnt
|faint|p1a: Hatterene
|-damage|p2a: Dragapult|74/100|[from] item: Life Orb
|
|upkeep
|
|t:|1641831028
|switch|p1a: Seismitoad|Seismitoad, M|100/100
|turn|17
|
|t:|1641831034
|switch|p2a: Urshifu|Urshifu-Rapid-Strike, M|100/100
|move|p1a: Seismitoad|Earthquake|p2a: Urshifu
|-damage|p2a: Urshifu|26/100
|
|upkeep
|turn|18
|
|t:|1641831037
|move|p2a: Urshifu|Close Combat|p1a: Seismitoad
|-damage|p1a: Seismitoad|20/100
|-unboost|p2a: Urshifu|def|1
|-unboost|p2a: Urshifu|spd|1
|move|p1a: Seismitoad|Earthquake|p2a: Urshifu
|-damage|p2a: Urshifu|0 fnt
|faint|p2a: Urshifu
|
|upkeep
|
|t:|1641831040
|switch|p2a: Dragapult|Dragapult, F|74/100
|turn|19
|
|t:|1641831046
|switch|p1a: Corviknight|Corviknight, F|100/100
|-ability|p1a: Corviknight|Pressure
|move|p2a: Dragapult|Dragon Darts|p1a: Corviknight
|-resisted|p1a: Corviknight
|-damage|p1a: Corviknight|89/100
|-anim|p2a: Dragapult|Dragon Darts|p1a: Corviknight
|-resisted|p1a: Corviknight
|-damage|p1a: Corviknight|77/100
|-damage|p2a: Dragapult|65/100|[from] item: Life Orb
|
|-heal|p1a: Corviknight|84/100|[from] item: Leftovers
|upkeep
|turn|20
|
|t:|1641831048
|switch|p2a: Magnezone|Magnezone|34/100
|move|p1a: Corviknight|Roost|p1a: Corviknight
|-heal|p1a: Corviknight|100/100
|-singleturn|p1a: Corviknight|move: Roost
|
|-heal|p2a: Magnezone|40/100|[from] item: Leftovers
|upkeep
|turn|21
|
|t:|1641831050
|move|p2a: Magnezone|Thunderbolt|p1a: Corviknight
|-supereffective|p1a: Corviknight
|-damage|p1a: Corviknight|22/100
|move|p1a: Corviknight|U-turn|p2a: Magnezone
|-resisted|p2a: Magnezone
|-damage|p2a: Magnezone|33/100
|
|t:|1641831050
|switch|p1a: Seismitoad|Seismitoad, M|20/100|[from]move: U-turn
|
|-heal|p2a: Magnezone|39/100|[from] item: Leftovers
|upkeep
|turn|22
|
|t:|1641831053
|move|p1a: Seismitoad|Earthquake|p2a: Magnezone
|-supereffective|p2a: Magnezone
|-damage|p2a: Magnezone|0 fnt
|faint|p2a: Magnezone
|
|upkeep
|
|t:|1641831055
|switch|p2a: Dragapult|Dragapult, F|65/100
|turn|23
|
|t:|1641831060
|move|p2a: Dragapult|Dragon Darts|p1a: Seismitoad
|-damage|p1a: Seismitoad|0 fnt
|faint|p1a: Seismitoad
|-damage|p2a: Dragapult|55/100|[from] item: Life Orb
|
|upkeep
|
|t:|1641831060
|switch|p1a: rotomheat|Rotom-Heat|69/100
|turn|24
|
|t:|1641831062
|move|p1a: rotomheat|Will-O-Wisp|p2a: Dragapult
|-status|p2a: Dragapult|brn
|move|p2a: Dragapult|Dragon Darts|p1a: rotomheat
|-damage|p1a: rotomheat|46/100
|-anim|p2a: Dragapult|Dragon Darts|p1a: rotomheat
|-damage|p1a: rotomheat|24/100
|-damage|p2a: Dragapult|45/100 brn|[from] item: Life Orb
|
|-damage|p2a: Dragapult|39/100 brn|[from] brn
|upkeep
|turn|25
|
|t:|1641831064
|switch|p1a: Corviknight|Corviknight, F|22/100
|-ability|p1a: Corviknight|Pressure
|move|p2a: Dragapult|Dragon Darts|p1a: Corviknight
|-resisted|p1a: Corviknight
|-damage|p1a: Corviknight|16/100
|-anim|p2a: Dragapult|Dragon Darts|p1a: Corviknight
|-resisted|p1a: Corviknight
|-damage|p1a: Corviknight|10/100
|-damage|p2a: Dragapult|29/100 brn|[from] item: Life Orb
|
|-heal|p1a: Corviknight|17/100|[from] item: Leftovers
|-damage|p2a: Dragapult|23/100 brn|[from] brn
|upkeep
|turn|26
|
|t:|1641831066
|move|p2a: Dragapult|Flamethrower|p1a: Corviknight
|-supereffective|p1a: Corviknight
|-damage|p1a: Corviknight|0 fnt
|faint|p1a: Corviknight
|-damage|p2a: Dragapult|13/100 brn|[from] item: Life Orb
|
|-damage|p2a: Dragapult|7/100 brn|[from] brn
|upkeep
|
|t:|1641831066
|switch|p1a: rotomheat|Rotom-Heat|24/100
|turn|27
|
|t:|1641831070
|move|p1a: rotomheat|Volt Switch|p2a: Dragapult
|-resisted|p2a: Dragapult
|-damage|p2a: Dragapult|0 fnt
|faint|p2a: Dragapult
|
|win|DumbLick1337
|raw|DumbLick1337's rating: 1265 &rarr; <strong>1296</strong><br />(+31 for winning)
|raw|RyanDY4's rating: 1345 &rarr; <strong>1320</strong><br />(-25 for losing)
|c|☆DumbLick1337|gg
