|j|☆Infinity14
|j|☆Nanny-Chan ❤
|t:|1641725042
|gametype|singles
|player|p1|Infinity14|169|1154
|player|p2|Nanny-Chan ❤|waitress-gen4|1203
|teamsize|p1|6
|teamsize|p2|6
|gen|8
|tier|[Gen 8] OU
|rated|
|rule|Sleep Clause Mod: Limit one foe put to sleep
|rule|Species Clause: Limit one of each Pokémon
|rule|OHKO Clause: OHKO moves are banned
|rule|Evasion Moves Clause: Evasion moves are banned
|rule|Endless Battle Clause: Forcing endless battles is banned
|rule|HP Percentage Mod: HP is shown in percentages
|rule|Dynamax Clause: You cannot dynamax
|clearpoke
|poke|p1|Alakazam, F|
|poke|p1|Garchomp, F|
|poke|p1|Indeedee-F, F|
|poke|p1|Decidueye, F|
|poke|p1|Tapu Lele|
|poke|p1|Zapdos-Galar|
|poke|p2|Galvantula, F|
|poke|p2|Blissey, F|
|poke|p2|Excadrill, M|
|poke|p2|Kommo-o, M|
|poke|p2|Rillaboom, M|
|poke|p2|Zapdos-Galar|
|teampreview
|inactive|Battle timer is ON: inactive players will automatically lose when time's up. (requested by Nanny-Chan ❤)
|
|t:|1641725055
|start
|switch|p1a: Garchomp|Garchomp, F|100/100
|switch|p2a: Spider Stop|Galvantula, F|100/100
|turn|1
|
|t:|1641725064
|move|p2a: Spider Stop|Sticky Web|p1a: Garchomp
|-sidestart|p1: Infinity14|move: Sticky Web
|move|p1a: Garchomp|Stealth Rock|p2a: Spider Stop
|-sidestart|p2: Nanny-Chan ❤|move: Stealth Rock
|
|upkeep
|turn|2
|
|t:|1641725073
|switch|p2a: POP-DOS|Zapdos-Galar|100/100
|-damage|p2a: POP-DOS|88/100|[from] Stealth Rock
|move|p1a: Garchomp|Fire Blast|p2a: POP-DOS
|-damage|p2a: POP-DOS|54/100
|
|upkeep
|turn|3
|
|t:|1641725083
|move|p1a: Garchomp|Draco Meteor|p2a: POP-DOS
|-damage|p2a: POP-DOS|2/100
|-unboost|p1a: Garchomp|spa|2
|move|p2a: POP-DOS|Thunderous Kick|p1a: Garchomp
|-damage|p1a: Garchomp|60/100
|-unboost|p1a: Garchomp|def|1
|-damage|p2a: POP-DOS|0 fnt|[from] ability: Rough Skin|[of] p1a: Garchomp
|faint|p2a: POP-DOS
|
|upkeep
|
|t:|1641725098
|switch|p2a: Pop The Weasel|Excadrill, M|100/100
|-damage|p2a: Pop The Weasel|97/100|[from] Stealth Rock
|-ability|p2a: Pop The Weasel|Mold Breaker
|turn|4
|
|t:|1641725104
|move|p1a: Garchomp|Whirlpool|p2a: Pop The Weasel
|-supereffective|p2a: Pop The Weasel
|-damage|p2a: Pop The Weasel|85/100
|-activate|p2a: Pop The Weasel|move: Whirlpool|[of] p1a: Garchomp
|move|p2a: Pop The Weasel|Rapid Spin|p1a: Garchomp
|-damage|p1a: Garchomp|32/100
|-boost|p2a: Pop The Weasel|spe|1
|-damage|p2a: Pop The Weasel|73/100|[from] ability: Rough Skin|[of] p1a: Garchomp
|-sideend|p2: Nanny-Chan ❤|Stealth Rock|[from] move: Rapid Spin|[of] p2a: Pop The Weasel
|-end|p2a: Pop The Weasel|Whirlpool|[partiallytrapped]
|
|upkeep
|turn|5
|
|t:|1641725116
|move|p2a: Pop The Weasel|Stealth Rock|p1a: Garchomp
|-sidestart|p1: Infinity14|move: Stealth Rock
|move|p1a: Garchomp|Fire Blast|p2a: Pop The Weasel
|-supereffective|p2a: Pop The Weasel
|-damage|p2a: Pop The Weasel|38/100
|
|upkeep
|turn|6
|
|t:|1641725125
|move|p2a: Pop The Weasel|Earthquake|p1a: Garchomp
|-damage|p1a: Garchomp|0 fnt
|faint|p1a: Garchomp
|
|upkeep
|
|t:|1641725133
|switch|p1a: Decidueye|Decidueye, F|100/100
|-activate|p1a: Decidueye|move: Sticky Web
|-unboost|p1a: Decidueye|spe|1
|-damage|p1a: Decidueye|88/100|[from] Stealth Rock
|turn|7
|
|t:|1641725140
|move|p2a: Pop The Weasel|Rock Slide|p1a: Decidueye
|-damage|p1a: Decidueye|50/100
|move|p1a: Decidueye|Swords Dance|p1a: Decidueye
|-boost|p1a: Decidueye|atk|2
|
|upkeep
|turn|8
|
|t:|1641725148
|move|p1a: Decidueye|Sucker Punch|p2a: Pop The Weasel
|-damage|p2a: Pop The Weasel|0 fnt
|faint|p2a: Pop The Weasel
|-damage|p1a: Decidueye|40/100|[from] item: Life Orb
|
|upkeep
|
|t:|1641725158
|switch|p2a: Ms.Poppins|Blissey, F|100/100
|turn|9
|
|t:|1641725166
|move|p1a: Decidueye|Leaf Blade|p2a: Ms.Poppins
|-damage|p2a: Ms.Poppins|0 fnt
|faint|p2a: Ms.Poppins
|-damage|p1a: Decidueye|30/100|[from] item: Life Orb
|
|upkeep
|
|t:|1641725182
|switch|p2a: Grumpy POP|Rillaboom, M|100/100
|-fieldstart|move: Grassy Terrain|[from] ability: Grassy Surge|[of] p2a: Grumpy POP
|-enditem|p2a: Grumpy POP|Grassy Seed
|-boost|p2a: Grumpy POP|def|1|[from] item: Grassy Seed
|turn|10
|
|t:|1641725198
|move|p2a: Grumpy POP|Knock Off|p1a: Decidueye
|-supereffective|p1a: Decidueye
|-damage|p1a: Decidueye|0 fnt
|-enditem|p1a: Decidueye|Life Orb|[from] move: Knock Off|[of] p2a: Grumpy POP
|faint|p1a: Decidueye
|
|upkeep
|
|t:|1641725202
|switch|p1a: Tapu Lele|Tapu Lele|100/100
|-damage|p1a: Tapu Lele|88/100|[from] Stealth Rock
|-activate|p1a: Tapu Lele|move: Sticky Web
|-unboost|p1a: Tapu Lele|spe|1
|-fieldstart|move: Psychic Terrain|[from] ability: Psychic Surge|[of] p1a: Tapu Lele
|turn|11
|
|t:|1641725212
|move|p2a: Grumpy POP|Swords Dance|p2a: Grumpy POP
|-boost|p2a: Grumpy POP|atk|2
|move|p1a: Tapu Lele|Psychic|p2a: Grumpy POP
|-damage|p2a: Grumpy POP|36/100
|
|-heal|p1a: Tapu Lele|94/100|[from] item: Leftovers
|upkeep
|turn|12
|
|t:|1641725224
|move|p2a: Grumpy POP|Knock Off|p1a: Tapu Lele
|-damage|p1a: Tapu Lele|11/100
|-enditem|p1a: Tapu Lele|Leftovers|[from] move: Knock Off|[of] p2a: Grumpy POP
|move|p1a: Tapu Lele|Swagger|p2a: Grumpy POP
|-boost|p2a: Grumpy POP|atk|2
|-start|p2a: Grumpy POP|confusion
|
|upkeep
|turn|13
|
|t:|1641725236
|-activate|p2a: Grumpy POP|confusion
|move|p2a: Grumpy POP|Grassy Glide|p1a: Tapu Lele
|-damage|p1a: Tapu Lele|0 fnt
|faint|p1a: Tapu Lele
|
|upkeep
|
|t:|1641725241
|switch|p1a: Zapdos|Zapdos-Galar|100/100
|-damage|p1a: Zapdos|88/100|[from] Stealth Rock
|turn|14
|
|t:|1641725251
|move|p1a: Zapdos|Brave Bird|p2a: Grumpy POP
|-supereffective|p2a: Grumpy POP
|-damage|p2a: Grumpy POP|0 fnt
|faint|p2a: Grumpy POP
|-damage|p1a: Zapdos|76/100|[from] Recoil
|
|upkeep
|
|t:|1641725258
|switch|p2a: Spider Stop|Galvantula, F|100/100
|turn|15
|
|t:|1641725265
|move|p2a: Spider Stop|Thunder|p1a: Zapdos
|-supereffective|p1a: Zapdos
|-damage|p1a: Zapdos|0 fnt
|faint|p1a: Zapdos
|
|-fieldend|move: Psychic Terrain
|upkeep
|
|t:|1641725269
|switch|p1a: Indeedee|Indeedee-F, F|100/100
|-activate|p1a: Indeedee|move: Sticky Web
|-unboost|p1a: Indeedee|spe|1
|-damage|p1a: Indeedee|88/100|[from] Stealth Rock
|-fieldstart|move: Psychic Terrain|[from] ability: Psychic Surge|[of] p1a: Indeedee
|turn|16
|
|t:|1641725279
|move|p2a: Spider Stop|Bug Buzz|p1a: Indeedee
|-supereffective|p1a: Indeedee
|-damage|p1a: Indeedee|36/100
|move|p1a: Indeedee|Expanding Force|p2a: Spider Stop
|-damage|p2a: Spider Stop|6/100
|
|upkeep
|turn|17
|
|t:|1641725288
|move|p2a: Spider Stop|Bug Buzz|p1a: Indeedee
|-supereffective|p1a: Indeedee
|-damage|p1a: Indeedee|0 fnt
|faint|p1a: Indeedee
|
|upkeep
|
|t:|1641725290
|switch|p1a: Alakazam|Alakazam, F|100/100
|-activate|p1a: Alakazam|move: Sticky Web
|-unboost|p1a: Alakazam|spe|1
|turn|18
|
|t:|1641725299
|move|p2a: Spider Stop|Bug Buzz|p1a: Alakazam
|-supereffective|p1a: Alakazam
|-damage|p1a: Alakazam|0 fnt
|faint|p1a: Alakazam
|
|win|Nanny-Chan ❤
|raw|Infinity14's rating: 1154 &rarr; <strong>1133</strong><br />(-21 for losing)
|raw|Nanny-Chan ❤'s rating: 1203 &rarr; <strong>1224</strong><br />(+21 for winning)
|c|☆Nanny-Chan ❤|GG
|c|☆Infinity14|gg wp!
|c|☆Nanny-Chan ❤|UwU
|c|☆Infinity14|this is always how close i get ol
|c|☆Infinity14|*lol
