|j|☆zeusjuice
|j|☆Megadeep
|t:|1641787303
|gametype|singles
|player|p1|zeusjuice|colress|1342
|player|p2|Megadeep|brock|1320
|teamsize|p1|6
|teamsize|p2|6
|gen|8
|tier|[Gen 8] OU
|rated|
|rule|Sleep Clause Mod: Limit one foe put to sleep
|rule|Species Clause: Limit one of each Pokémon
|rule|OHKO Clause: OHKO moves are banned
|rule|Evasion Moves Clause: Evasion moves are banned
|rule|Endless Battle Clause: Forcing endless battles is banned
|rule|HP Percentage Mod: HP is shown in percentages
|rule|Dynamax Clause: You cannot dynamax
|clearpoke
|poke|p1|Kommo-o, F|
|poke|p1|Milotic, F|
|poke|p1|Volcanion|
|poke|p1|Metagross|
|poke|p1|Necrozma|
|poke|p1|Salamence, F|
|poke|p2|Swampert, M|
|poke|p2|Blaziken, M|
|poke|p2|Gardevoir, M|
|poke|p2|Skarmory, M|
|poke|p2|Metagross|
|poke|p2|Salamence, M|
|teampreview
|inactive|Battle timer is ON: inactive players will automatically lose when time's up. (requested by Megadeep)
|
|t:|1641787346
|start
|switch|p1a: Scales|Milotic, F|100/100
|switch|p2a: Salamence|Salamence, M|100/100
|turn|1
|
|t:|1641787358
|move|p2a: Salamence|Dragon Dance|p2a: Salamence
|-boost|p2a: Salamence|atk|1
|-boost|p2a: Salamence|spe|1
|move|p1a: Scales|Ice Beam|p2a: Salamence
|-supereffective|p2a: Salamence
|-damage|p2a: Salamence|0 fnt
|faint|p2a: Salamence
|
|upkeep
|
|t:|1641787369
|switch|p2a: Gardevoir|Gardevoir, M, shiny|100/100
|-ability|p2a: Gardevoir|Competitive|[from] ability: Trace|[of] p1a: Scales
|turn|2
|
|t:|1641787376
|move|p2a: Gardevoir|Calm Mind|p2a: Gardevoir
|-boost|p2a: Gardevoir|spa|1
|-boost|p2a: Gardevoir|spd|1
|move|p1a: Scales|Toxic|p2a: Gardevoir
|-status|p2a: Gardevoir|tox
|
|-damage|p2a: Gardevoir|94/100 tox|[from] psn
|upkeep
|turn|3
|
|t:|1641787386
|switch|p1a: X|Metagross|100/100
|move|p2a: Gardevoir|Psyshock|p1a: X
|-resisted|p1a: X
|-damage|p1a: X|88/100
|
|-heal|p2a: Gardevoir|100/100 tox|[from] item: Leftovers
|-heal|p1a: X|94/100|[from] item: Leftovers
|-damage|p2a: Gardevoir|88/100 tox|[from] psn
|upkeep
|turn|4
|
|t:|1641787399
|move|p2a: Gardevoir|Mystical Fire|p1a: X
|-supereffective|p1a: X
|-damage|p1a: X|19/100
|move|p1a: X|Meteor Mash|p2a: Gardevoir
|-supereffective|p2a: Gardevoir
|-damage|p2a: Gardevoir|0 fnt
|faint|p2a: Gardevoir
|
|-heal|p1a: X|25/100|[from] item: Leftovers
|upkeep
|
|t:|1641787416
|switch|p2a: Swampert|Swampert, M|100/100
|turn|5
|
|t:|1641787437
|move|p1a: X|Meteor Mash|p2a: Swampert
|-resisted|p2a: Swampert
|-damage|p2a: Swampert|78/100
|move|p2a: Swampert|Stealth Rock|p1a: X
|-sidestart|p1: zeusjuice|move: Stealth Rock
|
|-heal|p1a: X|31/100|[from] item: Leftovers
|-heal|p2a: Swampert|84/100|[from] item: Leftovers
|upkeep
|turn|6
|
|t:|1641787446
|move|p1a: X|Power-Up Punch|p2a: Swampert
|-damage|p2a: Swampert|71/100
|-boost|p1a: X|atk|1
|move|p2a: Swampert|Earthquake|p1a: X
|-supereffective|p1a: X
|-damage|p1a: X|0 fnt
|faint|p1a: X
|
|-heal|p2a: Swampert|77/100|[from] item: Leftovers
|upkeep
|
|t:|1641787463
|switch|p1a: Necrozma|Necrozma|100/100
|-damage|p1a: Necrozma|88/100|[from] Stealth Rock
|turn|7
|
|t:|1641787472
|switch|p2a: Metagross|Metagross|100/100
|move|p1a: Necrozma|Stealth Rock|p2a: Metagross
|-sidestart|p2: Megadeep|move: Stealth Rock
|
|-heal|p1a: Necrozma|94/100|[from] item: Leftovers
|upkeep
|turn|8
|
|t:|1641787484
|move|p2a: Metagross|Zen Headbutt|p1a: Necrozma|[miss]
|-miss|p2a: Metagross|p1a: Necrozma
|move|p1a: Necrozma|Heat Wave|p2a: Metagross
|-supereffective|p2a: Metagross
|-damage|p2a: Metagross|31/100
|
|-heal|p1a: Necrozma|99/100|[from] item: Leftovers
|upkeep
|turn|9
|
|t:|1641787509
|move|p2a: Metagross|Meteor Mash|p1a: Necrozma
|-damage|p1a: Necrozma|57/100
|-boost|p2a: Metagross|atk|1
|move|p1a: Necrozma|Heat Wave|p2a: Metagross
|-supereffective|p2a: Metagross
|-damage|p2a: Metagross|0 fnt
|faint|p2a: Metagross
|
|-heal|p1a: Necrozma|63/100|[from] item: Leftovers
|upkeep
|
|t:|1641787520
|switch|p2a: Skarmory|Skarmory, M|100/100
|-damage|p2a: Skarmory|88/100|[from] Stealth Rock
|turn|10
|
|t:|1641787525
|move|p1a: Necrozma|Heat Wave|p2a: Skarmory|[miss]
|-miss|p1a: Necrozma|p2a: Skarmory
|move|p2a: Skarmory|Defog|p1a: Necrozma
|-unboost|p1a: Necrozma|evasion|1
|-sideend|p1: zeusjuice|Stealth Rock|[from] move: Defog|[of] p2a: Skarmory
|-sideend|p2: Megadeep|Stealth Rock|[from] move: Defog|[of] p2a: Skarmory
|
|-heal|p1a: Necrozma|69/100|[from] item: Leftovers
|-heal|p2a: Skarmory|94/100|[from] item: Leftovers
|upkeep
|turn|11
|
|t:|1641787537
|move|p1a: Necrozma|Heat Wave|p2a: Skarmory
|-supereffective|p2a: Skarmory
|-damage|p2a: Skarmory|25/100
|move|p2a: Skarmory|Toxic|p1a: Necrozma
|-status|p1a: Necrozma|tox
|
|-heal|p1a: Necrozma|75/100 tox|[from] item: Leftovers
|-heal|p2a: Skarmory|31/100|[from] item: Leftovers
|-damage|p1a: Necrozma|69/100 tox|[from] psn
|upkeep
|turn|12
|
|t:|1641787548
|move|p1a: Necrozma|Photon Geyser|p2a: Skarmory
|-resisted|p2a: Skarmory
|-damage|p2a: Skarmory|0 fnt
|faint|p2a: Skarmory
|
|-heal|p1a: Necrozma|75/100 tox|[from] item: Leftovers
|-damage|p1a: Necrozma|63/100 tox|[from] psn
|upkeep
|
|t:|1641787558
|switch|p2a: Blaziken|Blaziken, M|100/100
|turn|13
|
|t:|1641787571
|move|p2a: Blaziken|Protect|p2a: Blaziken
|-singleturn|p2a: Blaziken|Protect
|move|p1a: Necrozma|Photon Geyser|p2a: Blaziken
|-activate|p2a: Blaziken|move: Protect
|
|-heal|p1a: Necrozma|69/100 tox|[from] item: Leftovers
|-damage|p1a: Necrozma|50/100 tox|[from] psn
|-ability|p2a: Blaziken|Speed Boost|boost
|-boost|p2a: Blaziken|spe|1
|upkeep
|turn|14
|
|t:|1641787585
|move|p2a: Blaziken|Swords Dance|p2a: Blaziken
|-boost|p2a: Blaziken|atk|2
|move|p1a: Necrozma|Photon Geyser|p2a: Blaziken
|-supereffective|p2a: Blaziken
|-enditem|p2a: Blaziken|Focus Sash
|-damage|p2a: Blaziken|1/100
|
|-heal|p1a: Necrozma|57/100 tox|[from] item: Leftovers
|-damage|p1a: Necrozma|32/100 tox|[from] psn
|-ability|p2a: Blaziken|Speed Boost|boost
|-boost|p2a: Blaziken|spe|1
|upkeep
|turn|15
|
|t:|1641787603
|move|p2a: Blaziken|Fire Punch|p1a: Necrozma
|-damage|p1a: Necrozma|0 fnt
|faint|p1a: Necrozma
|
|-ability|p2a: Blaziken|Speed Boost|boost
|-boost|p2a: Blaziken|spe|1
|upkeep
|inactive|zeusjuice has 120 seconds left.
|c|☆Megadeep|Gg
|
|t:|1641787647
|switch|p1a: Salamence|Salamence, F|100/100
|turn|16
|c|☆zeusjuice|gg
|
|t:|1641787655
|move|p2a: Blaziken|Reversal|p1a: Salamence
|-resisted|p1a: Salamence
|-damage|p1a: Salamence|0 fnt
|faint|p1a: Salamence
|
|-ability|p2a: Blaziken|Speed Boost|boost
|-boost|p2a: Blaziken|spe|1
|upkeep
|
|t:|1641787667
|switch|p1a: Buddy|Volcanion|100/100
|turn|17
|
|t:|1641787672
|move|p2a: Blaziken|Reversal|p1a: Buddy
|-damage|p1a: Buddy|0 fnt
|faint|p1a: Buddy
|
|-ability|p2a: Blaziken|Speed Boost|boost
|-boost|p2a: Blaziken|spe|1
|upkeep
|
|t:|1641787678
|switch|p1a: Scales|Milotic, F|100/100
|turn|18
|
|t:|1641787682
|move|p2a: Blaziken|Reversal|p1a: Scales
|-damage|p1a: Scales|0 fnt
|faint|p1a: Scales
|
|-ability|p2a: Blaziken|Speed Boost|boost
|-boost|p2a: Blaziken|spe|1
|upkeep
|
|t:|1641787687
|switch|p1a: Clang|Kommo-o, F|100/100
|turn|19
|
|t:|1641787691
|move|p2a: Blaziken|Reversal|p1a: Clang
|-damage|p1a: Clang|0 fnt
|faint|p1a: Clang
|
|win|Megadeep
|raw|zeusjuice's rating: 1342 &rarr; <strong>1321</strong><br />(-21 for losing)
|raw|Megadeep's rating: 1320 &rarr; <strong>1341</strong><br />(+21 for winning)
|l|☆zeusjuice
