|j|☆lelesmash
|j|☆kgredfxdc
|t:|1641843993
|gametype|singles
|player|p1|lelesmash|veteran|1225
|player|p2|kgredfxdc|preschooler|1168
|teamsize|p1|6
|teamsize|p2|6
|gen|8
|tier|[Gen 8] OU
|rated|
|rule|Sleep Clause Mod: Limit one foe put to sleep
|rule|Species Clause: Limit one of each Pokémon
|rule|OHKO Clause: OHKO moves are banned
|rule|Evasion Moves Clause: Evasion moves are banned
|rule|Endless Battle Clause: Forcing endless battles is banned
|rule|HP Percentage Mod: HP is shown in percentages
|rule|Dynamax Clause: You cannot dynamax
|clearpoke
|poke|p1|Landorus-Therian, M|
|poke|p1|Tapu Koko|
|poke|p1|Heatran, M|
|poke|p1|Urshifu-*, M|
|poke|p1|Weavile, F|
|poke|p1|Dracozolt|
|poke|p2|Kartana|
|poke|p2|Arctozolt|
|poke|p2|Urshifu-*, F|
|poke|p2|Hatterene, F|
|poke|p2|Dragonite, M|
|poke|p2|Heatran, M|
|teampreview
|inactive|Battle timer is ON: inactive players will automatically lose when time's up. (requested by kgredfxdc)
|
|t:|1641844009
|start
|switch|p1a: Urshifu|Urshifu-Rapid-Strike, M|100/100
|switch|p2a: Hatterene|Hatterene, F|100/100
|turn|1
|
|t:|1641844027
|switch|p1a: Heatran|Heatran, M|100/100
|move|p2a: Hatterene|Dazzling Gleam|p1a: Heatran
|-resisted|p1a: Heatran
|-damage|p1a: Heatran|94/100
|
|-heal|p1a: Heatran|99/100|[from] item: Leftovers
|upkeep
|turn|2
|
|t:|1641844043
|switch|p2a: Heatran|Heatran, M|100/100
|move|p1a: Heatran|Will-O-Wisp|p2a: Heatran
|-start|p2a: Heatran|ability: Flash Fire
|
|-heal|p1a: Heatran|100/100|[from] item: Leftovers
|upkeep
|turn|3
|
|t:|1641844054
|move|p2a: Heatran|Taunt|p1a: Heatran
|-start|p1a: Heatran|move: Taunt
|move|p1a: Heatran|Earth Power|p2a: Heatran
|-supereffective|p2a: Heatran
|-damage|p2a: Heatran|0 fnt
|faint|p2a: Heatran
|
|upkeep
|
|t:|1641844062
|switch|p2a: Dragonite|Dragonite, M|100/100
|turn|4
|
|t:|1641844074
|switch|p1a: Landorus|Landorus-Therian, M|100/100
|-ability|p1a: Landorus|Intimidate|boost
|-fail|p2a: Dragonite|unboost|Attack|[from] ability: Inner Focus|[of] p2a: Dragonite
|move|p2a: Dragonite|Dragon Dance|p2a: Dragonite
|-boost|p2a: Dragonite|atk|1
|-boost|p2a: Dragonite|spe|1
|
|upkeep
|turn|5
|
|t:|1641844082
|move|p2a: Dragonite|Dual Wingbeat|p1a: Landorus
|-damage|p1a: Landorus|49/100
|-damage|p1a: Landorus|3/100
|-hitcount|p1a: Landorus|2
|-damage|p2a: Dragonite|91/100|[from] item: Life Orb
|move|p1a: Landorus|U-turn|p2a: Dragonite
|-resisted|p2a: Dragonite
|-damage|p2a: Dragonite|75/100
|
|t:|1641844094
|switch|p1a: Weavile|Weavile, F|100/100|[from]move: U-turn
|-ability|p1a: Weavile|Pressure
|
|upkeep
|turn|6
|
|t:|1641844100
|move|p1a: Weavile|Fake Out|p2a: Dragonite
|-damage|p2a: Dragonite|61/100
|move|p2a: Dragonite|Dual Wingbeat|p1a: Weavile
|-damage|p1a: Weavile|33/100
|-damage|p1a: Weavile|0 fnt
|faint|p1a: Weavile
|-hitcount|p1: Weavile|2
|-damage|p2a: Dragonite|51/100|[from] item: Life Orb
|
|upkeep
|
|t:|1641844112
|switch|p1a: Heatran|Heatran, M|100/100
|turn|7
|
|t:|1641844118
|move|p2a: Dragonite|Roost|p2a: Dragonite
|-heal|p2a: Dragonite|100/100
|-singleturn|p2a: Dragonite|move: Roost
|move|p1a: Heatran|Will-O-Wisp|p2a: Dragonite
|-status|p2a: Dragonite|brn
|
|-damage|p2a: Dragonite|94/100 brn|[from] brn
|upkeep
|turn|8
|
|t:|1641844128
|move|p2a: Dragonite|Dragon Claw|p1a: Heatran
|-resisted|p1a: Heatran
|-damage|p1a: Heatran|86/100
|-damage|p2a: Dragonite|84/100 brn|[from] item: Life Orb
|move|p1a: Heatran|Flamethrower|p2a: Dragonite
|-resisted|p2a: Dragonite
|-damage|p2a: Dragonite|61/100 brn
|
|-heal|p1a: Heatran|92/100|[from] item: Leftovers
|-damage|p2a: Dragonite|55/100 brn|[from] brn
|upkeep
|turn|9
|
|t:|1641844139
|switch|p1a: Tapu Koko|Tapu Koko|100/100
|-fieldstart|move: Electric Terrain|[from] ability: Electric Surge|[of] p1a: Tapu Koko
|move|p2a: Dragonite|Dragon Dance|p2a: Dragonite
|-boost|p2a: Dragonite|atk|1
|-boost|p2a: Dragonite|spe|1
|
|-damage|p2a: Dragonite|49/100 brn|[from] brn
|upkeep
|turn|10
|
|t:|1641844148
|move|p2a: Dragonite|Dual Wingbeat|p1a: Tapu Koko
|-resisted|p1a: Tapu Koko
|-damage|p1a: Tapu Koko|84/100
|-resisted|p1a: Tapu Koko
|-damage|p1a: Tapu Koko|64/100
|-hitcount|p1a: Tapu Koko|2
|-damage|p2a: Dragonite|39/100 brn|[from] item: Life Orb
|move|p1a: Tapu Koko|Thunderbolt|p2a: Dragonite
|-damage|p2a: Dragonite|0 fnt
|faint|p2a: Dragonite
|-damage|p1a: Tapu Koko|55/100|[from] item: Life Orb
|
|upkeep
|
|t:|1641844161
|switch|p2a: Hatterene|Hatterene, F|100/100
|turn|11
|
|t:|1641844165
|move|p1a: Tapu Koko|Volt Switch|p2a: Hatterene
|-damage|p2a: Hatterene|49/100
|-damage|p1a: Tapu Koko|45/100|[from] item: Life Orb
|
|t:|1641844171
|switch|p1a: Landorus|Landorus-Therian, M|3/100|[from]move: Volt Switch
|-ability|p1a: Landorus|Intimidate|boost
|-unboost|p2a: Hatterene|atk|1
|move|p2a: Hatterene|Mystical Fire|p1a: Landorus
|-damage|p1a: Landorus|0 fnt
|faint|p1a: Landorus
|
|-heal|p2a: Hatterene|55/100|[from] item: Leftovers
|upkeep
|
|t:|1641844174
|switch|p1a: Tapu Koko|Tapu Koko|45/100
|turn|12
|
|t:|1641844184
|switch|p2a: Arctozolt|Arctozolt|100/100
|move|p1a: Tapu Koko|Thunderbolt|p2a: Arctozolt
|-immune|p2a: Arctozolt|[from] ability: Volt Absorb
|
|upkeep
|turn|13
|
|t:|1641844202
|switch|p1a: Heatran|Heatran, M|92/100
|move|p2a: Arctozolt|Stomping Tantrum|p1a: Heatran
|-supereffective|p1a: Heatran
|-damage|p1a: Heatran|16/100
|-damage|p2a: Arctozolt|91/100|[from] item: Life Orb
|
|-heal|p1a: Heatran|23/100|[from] item: Leftovers
|-fieldend|move: Electric Terrain
|upkeep
|turn|14
|
|t:|1641844212
|switch|p2a: Urshifu|Urshifu-Rapid-Strike, F|100/100
|move|p1a: Heatran|Flamethrower|p2a: Urshifu
|-resisted|p2a: Urshifu
|-damage|p2a: Urshifu|66/100
|
|-heal|p1a: Heatran|29/100|[from] item: Leftovers
|upkeep
|turn|15
|
|t:|1641844221
|move|p2a: Urshifu|Surging Strikes|p1a: Heatran
|-supereffective|p1a: Heatran
|-crit|p1a: Heatran
|-damage|p1a: Heatran|0 fnt
|faint|p1a: Heatran
|-hitcount|p1: Heatran|1
|
|upkeep
|
|t:|1641844225
|switch|p1a: Dracozolt|Dracozolt|100/100
|turn|16
|
|t:|1641844232
|switch|p2a: Arctozolt|Arctozolt|91/100
|move|p1a: Dracozolt|Draco Meteor|p2a: Arctozolt
|-damage|p2a: Arctozolt|39/100
|-unboost|p1a: Dracozolt|spa|2
|
|upkeep
|turn|17
|
|t:|1641844240
|move|p1a: Dracozolt|Draco Meteor|p2a: Arctozolt
|-damage|p2a: Arctozolt|16/100
|-unboost|p1a: Dracozolt|spa|2
|move|p2a: Arctozolt|Freeze-Dry|p1a: Dracozolt
|-supereffective|p1a: Dracozolt
|-crit|p1a: Dracozolt
|-damage|p1a: Dracozolt|0 fnt
|faint|p1a: Dracozolt
|-damage|p2a: Arctozolt|6/100|[from] item: Life Orb
|
|upkeep
|
|t:|1641844246
|switch|p1a: Urshifu|Urshifu-Rapid-Strike, M|100/100
|turn|18
|
|t:|1641844254
|move|p1a: Urshifu|Surging Strikes|p2a: Arctozolt
|-crit|p2a: Arctozolt
|-damage|p2a: Arctozolt|0 fnt
|faint|p2a: Arctozolt
|-hitcount|p2: Arctozolt|1
|
|upkeep
|
|t:|1641844261
|switch|p2a: Hatterene|Hatterene, F|55/100
|turn|19
|
|t:|1641844264
|move|p1a: Urshifu|Surging Strikes|p2a: Hatterene
|-crit|p2a: Hatterene
|-damage|p2a: Hatterene|37/100
|-crit|p2a: Hatterene
|-damage|p2a: Hatterene|17/100
|-crit|p2a: Hatterene
|-damage|p2a: Hatterene|0 fnt
|faint|p2a: Hatterene
|-hitcount|p2: Hatterene|3
|
|upkeep
|
|t:|1641844272
|switch|p2a: Kartana|Kartana|100/100
|turn|20
|
|t:|1641844275
|move|p1a: Urshifu|Surging Strikes|p2a: Kartana
|-resisted|p2a: Kartana
|-crit|p2a: Kartana
|-damage|p2a: Kartana|89/100
|-resisted|p2a: Kartana
|-crit|p2a: Kartana
|-damage|p2a: Kartana|78/100
|-resisted|p2a: Kartana
|-crit|p2a: Kartana
|-damage|p2a: Kartana|67/100
|-hitcount|p2a: Kartana|3
|move|p2a: Kartana|Leaf Blade|p1a: Urshifu
|-supereffective|p1a: Urshifu
|-damage|p1a: Urshifu|0 fnt
|faint|p1a: Urshifu
|-ability|p2a: Kartana|Beast Boost|boost
|-boost|p2a: Kartana|atk|1
|
|upkeep
|
|t:|1641844279
|switch|p1a: Tapu Koko|Tapu Koko|45/100
|-fieldstart|move: Electric Terrain|[from] ability: Electric Surge|[of] p1a: Tapu Koko
|turn|21
|
|t:|1641844292
|move|p1a: Tapu Koko|Thunderbolt|p2a: Kartana
|-resisted|p2a: Kartana
|-damage|p2a: Kartana|0 fnt
|faint|p2a: Kartana
|-damage|p1a: Tapu Koko|35/100|[from] item: Life Orb
|
|upkeep
|
|t:|1641844298
|switch|p2a: Urshifu|Urshifu-Rapid-Strike, F|66/100
|turn|22
|
|t:|1641844302
|move|p2a: Urshifu|Aqua Jet|p1a: Tapu Koko
|-damage|p1a: Tapu Koko|0 fnt
|faint|p1a: Tapu Koko
|
|win|kgredfxdc
|raw|lelesmash's rating: 1225 &rarr; <strong>1196</strong><br />(-29 for losing)
|raw|kgredfxdc's rating: 1168 &rarr; <strong>1197</strong><br />(+29 for winning)
|l|☆lelesmash
|c|☆kgredfxdc|ggwp
||Ladder isn't responding, score probably updated but might not have (Request timeout).
