|j|☆retrhoe
|j|☆PKNtrainerdogo
|t:|1641742599
|gametype|singles
|player|p1|retrhoe|parasollady|1054
|player|p2|PKNtrainerdogo|riley|1045
|teamsize|p1|6
|teamsize|p2|6
|gen|8
|tier|[Gen 8] OU
|rated|
|rule|Sleep Clause Mod: Limit one foe put to sleep
|rule|Species Clause: Limit one of each Pokémon
|rule|OHKO Clause: OHKO moves are banned
|rule|Evasion Moves Clause: Evasion moves are banned
|rule|Endless Battle Clause: Forcing endless battles is banned
|rule|HP Percentage Mod: HP is shown in percentages
|rule|Dynamax Clause: You cannot dynamax
|clearpoke
|poke|p1|Tapu Koko|
|poke|p1|Hawlucha, M|
|poke|p1|Haxorus, F|
|poke|p1|Mew|
|poke|p1|Weavile, M|
|poke|p1|Zeraora|
|poke|p2|Porygon2|
|poke|p2|Weezing, F|
|poke|p2|Druddigon, M|
|poke|p2|Sceptile, M|
|poke|p2|Spiritomb, F|
|poke|p2|Jolteon, F|
|teampreview
|
|t:|1641742620
|start
|switch|p1a: Mew|Mew|100/100
|switch|p2a: Toxic player|Weezing, F, shiny|100/100
|turn|1
|
|t:|1641742629
|switch|p2a: Spiritomb|Spiritomb, F, shiny|100/100
|-ability|p2a: Spiritomb|Pressure
|move|p1a: Mew|Taunt|p2a: Spiritomb
|-start|p2a: Spiritomb|move: Taunt
|
|upkeep
|turn|2
|
|t:|1641742650
|switch|p1a: Hawlucha|Hawlucha, M|100/100
|move|p2a: Spiritomb|Dark Pulse|p1a: Hawlucha
|-resisted|p1a: Hawlucha
|-damage|p1a: Hawlucha|74/100
|
|upkeep
|turn|3
|
|t:|1641742662
|move|p1a: Hawlucha|Swords Dance|p1a: Hawlucha
|-boost|p1a: Hawlucha|atk|2
|move|p2a: Spiritomb|Hex|p1a: Hawlucha
|-damage|p1a: Hawlucha|33/100
|
|-end|p2a: Spiritomb|move: Taunt
|upkeep
|turn|4
|
|t:|1641742672
|move|p1a: Hawlucha|Acrobatics|p2a: Spiritomb
|-damage|p2a: Spiritomb|44/100
|move|p2a: Spiritomb|Hex|p1a: Hawlucha
|-damage|p1a: Hawlucha|0 fnt
|faint|p1a: Hawlucha
|
|upkeep
|
|t:|1641742685
|switch|p1a: Tapu Koko|Tapu Koko|100/100
|-fieldstart|move: Electric Terrain|[from] ability: Electric Surge|[of] p1a: Tapu Koko
|turn|5
|
|t:|1641742719
|move|p1a: Tapu Koko|Light Screen|p1a: Tapu Koko
|-sidestart|p1: retrhoe|move: Light Screen
|move|p2a: Spiritomb|Will-O-Wisp|p1a: Tapu Koko
|-status|p1a: Tapu Koko|brn
|
|-damage|p1a: Tapu Koko|94/100 brn|[from] brn
|upkeep
|turn|6
|
|t:|1641742725
|move|p1a: Tapu Koko|Reflect|p1a: Tapu Koko
|-sidestart|p1: retrhoe|Reflect
|move|p2a: Spiritomb|Pain Split|p1a: Tapu Koko
|-sethp|p1a: Tapu Koko|67/100 brn|[from] move: Pain Split|[silent]
|-sethp|p2a: Spiritomb|75/100|[from] move: Pain Split
|
|-damage|p1a: Tapu Koko|61/100 brn|[from] brn
|upkeep
|turn|7
|
|t:|1641742736
|move|p1a: Tapu Koko|U-turn|p2a: Spiritomb
|-damage|p2a: Spiritomb|66/100
|
|t:|1641742752
|switch|p1a: Zeraora|Zeraora|100/100|[from]move: U-turn
|move|p2a: Spiritomb|Hex|p1a: Zeraora
|-damage|p1a: Zeraora|81/100
|
|upkeep
|turn|8
|
|t:|1641742759
|move|p1a: Zeraora|Plasma Fists|p2a: Spiritomb
|-damage|p2a: Spiritomb|0 fnt
|-fieldactivate|move: Ion Deluge
|-hint|Normal-type moves become Electric-type after using Plasma Fists.
|faint|p2a: Spiritomb
|-damage|p1a: Zeraora|71/100|[from] item: Life Orb
|
|upkeep
|
|t:|1641742770
|switch|p2a: Jolteon|Jolteon, F|100/100
|turn|9
|
|t:|1641742786
|switch|p2a: Draco Guard|Druddigon, M, shiny|100/100
|move|p1a: Zeraora|Close Combat|p2a: Draco Guard
|-damage|p2a: Draco Guard|48/100
|-unboost|p1a: Zeraora|def|1
|-unboost|p1a: Zeraora|spd|1
|-damage|p1a: Zeraora|61/100|[from] item: Life Orb
|
|-fieldend|move: Electric Terrain
|upkeep
|turn|10
|
|t:|1641742819
|move|p1a: Zeraora|Close Combat|p2a: Draco Guard
|-damage|p2a: Draco Guard|0 fnt
|-unboost|p1a: Zeraora|def|1
|-unboost|p1a: Zeraora|spd|1
|faint|p2a: Draco Guard
|-damage|p1a: Zeraora|51/100|[from] item: Life Orb
|
|upkeep
|
|t:|1641742824
|switch|p2a: Toxic player|Weezing, F, shiny|100/100
|turn|11
|
|t:|1641742838
|switch|p1a: Mew|Mew|100/100
|move|p2a: Toxic player|Sludge Wave|p1a: Mew
|-damage|p1a: Mew|83/100
|
|-heal|p1a: Mew|89/100|[from] item: Leftovers
|upkeep
|turn|12
|
|t:|1641742849
|switch|p2a: MAWDuck|Porygon2, shiny|100/100
|-ability|p2a: MAWDuck|Synchronize|[from] ability: Trace|[of] p1a: Mew
|move|p1a: Mew|Cosmic Power|p1a: Mew
|-boost|p1a: Mew|def|1
|-boost|p1a: Mew|spd|1
|
|-heal|p1a: Mew|95/100|[from] item: Leftovers
|-sideend|p1: retrhoe|move: Light Screen
|upkeep
|turn|13
|
|t:|1641742858
|move|p1a: Mew|Cosmic Power|p1a: Mew
|-boost|p1a: Mew|def|1
|-boost|p1a: Mew|spd|1
|move|p2a: MAWDuck|Conversion 2|p1a: Mew
|-start|p2a: MAWDuck|typechange|Dark
|
|-heal|p1a: Mew|100/100|[from] item: Leftovers
|-sideend|p1: retrhoe|Reflect
|upkeep
|turn|14
|
|t:|1641742864
|move|p1a: Mew|Cosmic Power|p1a: Mew
|-boost|p1a: Mew|def|1
|-boost|p1a: Mew|spd|1
|move|p2a: MAWDuck|Shadow Ball|p1a: Mew
|-supereffective|p1a: Mew
|-damage|p1a: Mew|87/100
|-unboost|p1a: Mew|spd|1
|
|-heal|p1a: Mew|93/100|[from] item: Leftovers
|upkeep
|turn|15
|
|t:|1641742869
|move|p1a: Mew|Cosmic Power|p1a: Mew
|-boost|p1a: Mew|def|1
|-boost|p1a: Mew|spd|1
|move|p2a: MAWDuck|Shadow Ball|p1a: Mew
|-supereffective|p1a: Mew
|-damage|p1a: Mew|80/100
|
|-heal|p1a: Mew|86/100|[from] item: Leftovers
|upkeep
|turn|16
|
|t:|1641742872
|move|p1a: Mew|Cosmic Power|p1a: Mew
|-boost|p1a: Mew|def|1
|-boost|p1a: Mew|spd|1
|move|p2a: MAWDuck|Shadow Ball|p1a: Mew
|-supereffective|p1a: Mew
|-damage|p1a: Mew|75/100
|
|-heal|p1a: Mew|81/100|[from] item: Leftovers
|upkeep
|turn|17
|
|t:|1641742874
|move|p1a: Mew|Cosmic Power|p1a: Mew
|-boost|p1a: Mew|def|1
|-boost|p1a: Mew|spd|1
|move|p2a: MAWDuck|Shadow Ball|p1a: Mew
|-supereffective|p1a: Mew
|-damage|p1a: Mew|70/100
|
|-heal|p1a: Mew|76/100|[from] item: Leftovers
|upkeep
|turn|18
|inactive|Battle timer is ON: inactive players will automatically lose when time's up. (requested by PKNtrainerdogo)
|
|t:|1641742883
|move|p1a: Mew|Soft-Boiled|p1a: Mew
|-heal|p1a: Mew|100/100
|move|p2a: MAWDuck|Shadow Ball|p1a: Mew
|-supereffective|p1a: Mew
|-crit|p1a: Mew
|-damage|p1a: Mew|48/100
|
|-heal|p1a: Mew|54/100|[from] item: Leftovers
|upkeep
|turn|19
|
|t:|1641742889
|move|p1a: Mew|Soft-Boiled|p1a: Mew
|-heal|p1a: Mew|100/100
|move|p2a: MAWDuck|Shadow Ball|p1a: Mew
|-supereffective|p1a: Mew
|-damage|p1a: Mew|91/100
|-unboost|p1a: Mew|spd|1
|
|-heal|p1a: Mew|97/100|[from] item: Leftovers
|upkeep
|turn|20
|
|t:|1641742909
|switch|p1a: Weavile|Weavile, M|100/100
|move|p2a: MAWDuck|Shadow Ball|p1a: Weavile
|-resisted|p1a: Weavile
|-damage|p1a: Weavile|87/100
|
|upkeep
|turn|21
|
|t:|1641742917
|move|p1a: Weavile|Icicle Crash|p2a: MAWDuck
|-damage|p2a: MAWDuck|59/100
|cant|p2a: MAWDuck|flinch
|
|upkeep
|turn|22
|
|t:|1641742923
|move|p1a: Weavile|Icicle Crash|p2a: MAWDuck
|-damage|p2a: MAWDuck|14/100
|cant|p2a: MAWDuck|flinch
|
|upkeep
|turn|23
|
|t:|1641742930
|switch|p2a: Toxic player|Weezing, F, shiny|100/100
|move|p1a: Weavile|Icicle Crash|p2a: Toxic player
|-damage|p2a: Toxic player|45/100
|
|-heal|p2a: Toxic player|50/100|[from] item: Black Sludge
|upkeep
|turn|24
|
|t:|1641742934
|move|p1a: Weavile|Icicle Crash|p2a: Toxic player|[miss]
|-miss|p1a: Weavile|p2a: Toxic player
|move|p2a: Toxic player|Flamethrower|p1a: Weavile
|-supereffective|p1a: Weavile
|-damage|p1a: Weavile|14/100
|
|-heal|p2a: Toxic player|56/100|[from] item: Black Sludge
|upkeep
|turn|25
|
|t:|1641742943
|switch|p1a: Mew|Mew|97/100
|move|p2a: Toxic player|Flamethrower|p1a: Mew
|-damage|p1a: Mew|73/100
|
|-heal|p1a: Mew|79/100|[from] item: Leftovers
|-heal|p2a: Toxic player|62/100|[from] item: Black Sludge
|upkeep
|turn|26
|
|t:|1641742958
|switch|p2a: Jolteon|Jolteon, F|100/100
|move|p1a: Mew|Cosmic Power|p1a: Mew
|-boost|p1a: Mew|def|1
|-boost|p1a: Mew|spd|1
|
|-heal|p1a: Mew|86/100|[from] item: Leftovers
|upkeep
|turn|27
|
|t:|1641742966
|move|p2a: Jolteon|Thunder Wave|p1a: Mew
|-status|p1a: Mew|par
|-activate|p1a: Mew|ability: Synchronize
|-immune|p2a: Jolteon
|move|p1a: Mew|Cosmic Power|p1a: Mew
|-boost|p1a: Mew|def|1
|-boost|p1a: Mew|spd|1
|
|-heal|p1a: Mew|92/100 par|[from] item: Leftovers
|upkeep
|turn|28
|
|t:|1641742975
|move|p2a: Jolteon|Volt Switch|p1a: Mew
|-damage|p1a: Mew|80/100 par
|
|t:|1641742979
|switch|p2a: MAWDuck|Porygon2, shiny|14/100|[from]move: Volt Switch
|-ability|p2a: MAWDuck|Synchronize|[from] ability: Trace|[of] p1a: Mew
|cant|p1a: Mew|par
|
|-heal|p1a: Mew|86/100 par|[from] item: Leftovers
|upkeep
|turn|29
|
|t:|1641742987
|move|p1a: Mew|Taunt|p2a: MAWDuck
|-start|p2a: MAWDuck|move: Taunt
|cant|p2a: MAWDuck|move: Taunt|Recover
|
|-heal|p1a: Mew|92/100 par|[from] item: Leftovers
|upkeep
|turn|30
|
|t:|1641742993
|switch|p2a: Mudkip friend|Sceptile, M|100/100
|move|p1a: Mew|Stored Power|p2a: Mudkip friend
|-damage|p2a: Mudkip friend|55/100
|
|-heal|p1a: Mew|99/100 par|[from] item: Leftovers
|upkeep
|turn|31
|
|t:|1641742996
|move|p2a: Mudkip friend|Dragon Dance|p2a: Mudkip friend
|-boost|p2a: Mudkip friend|atk|1
|-boost|p2a: Mudkip friend|spe|1
|cant|p1a: Mew|par
|
|-heal|p1a: Mew|100/100 par|[from] item: Leftovers
|upkeep
|turn|32
|
|t:|1641742998
|move|p2a: Mudkip friend|Dragon Dance|p2a: Mudkip friend
|-boost|p2a: Mudkip friend|atk|1
|-boost|p2a: Mudkip friend|spe|1
|move|p1a: Mew|Stored Power|p2a: Mudkip friend
|-damage|p2a: Mudkip friend|11/100
|
|upkeep
|turn|33
|
|t:|1641743003
|move|p2a: Mudkip friend|Leaf Blade|p1a: Mew
|-damage|p1a: Mew|65/100 par
|cant|p1a: Mew|par
|
|-heal|p1a: Mew|71/100 par|[from] item: Leftovers
|upkeep
|turn|34
|
|t:|1641743009
|move|p2a: Mudkip friend|Drain Punch|p1a: Mew
|-resisted|p1a: Mew
|-damage|p1a: Mew|62/100 par
|-heal|p2a: Mudkip friend|17/100|[from] drain|[of] p1a: Mew
|move|p1a: Mew|Stored Power|p2a: Mudkip friend
|-damage|p2a: Mudkip friend|0 fnt
|faint|p2a: Mudkip friend
|
|-heal|p1a: Mew|68/100 par|[from] item: Leftovers
|upkeep
|
|t:|1641743015
|switch|p2a: MAWDuck|Porygon2, shiny|14/100
|-ability|p2a: MAWDuck|Synchronize|[from] ability: Trace|[of] p1a: Mew
|turn|35
|
|t:|1641743030
|move|p1a: Mew|Taunt|p2a: MAWDuck
|-start|p2a: MAWDuck|move: Taunt
|cant|p2a: MAWDuck|move: Taunt|Recover
|
|-heal|p1a: Mew|75/100 par|[from] item: Leftovers
|upkeep
|turn|36
|
|t:|1641743038
|switch|p2a: Jolteon|Jolteon, F|100/100
|move|p1a: Mew|Stored Power|p2a: Jolteon
|-crit|p2a: Jolteon
|-damage|p2a: Jolteon|45/100
|
|-heal|p1a: Mew|81/100 par|[from] item: Leftovers
|upkeep
|turn|37
|
|t:|1641743045
|move|p2a: Jolteon|Wish|p2a: Jolteon
|move|p1a: Mew|Stored Power|p2a: Jolteon
|-damage|p2a: Jolteon|5/100
|
|-heal|p1a: Mew|87/100 par|[from] item: Leftovers
|upkeep
|turn|38
|
|t:|1641743048
|move|p2a: Jolteon|Protect|p2a: Jolteon
|-singleturn|p2a: Jolteon|Protect
|move|p1a: Mew|Stored Power|p2a: Jolteon
|-activate|p2a: Jolteon|move: Protect
|
|-heal|p2a: Jolteon|55/100|[from] move: Wish|[wisher] Jolteon
|-heal|p1a: Mew|93/100 par|[from] item: Leftovers
|upkeep
|turn|39
|-activate|p2a: Jolteon|item: Quick Claw
|
|t:|1641743060
|move|p2a: Jolteon|Wish|p2a: Jolteon
|move|p1a: Mew|Cosmic Power|p1a: Mew
|-boost|p1a: Mew|def|1
|-boost|p1a: Mew|spd|1
|
|-heal|p1a: Mew|99/100 par|[from] item: Leftovers
|upkeep
|turn|40
|
|t:|1641743067
|move|p2a: Jolteon|Volt Switch|p1a: Mew
|-damage|p1a: Mew|90/100 par
|
|t:|1641743071
|switch|p2a: MAWDuck|Porygon2, shiny|14/100|[from]move: Volt Switch
|-ability|p2a: MAWDuck|Synchronize|[from] ability: Trace|[of] p1a: Mew
|move|p1a: Mew|Stored Power|p2a: MAWDuck
|-damage|p2a: MAWDuck|0 fnt
|faint|p2a: MAWDuck
|
|-heal|p1a: Mew|96/100 par|[from] item: Leftovers
|upkeep
|
|t:|1641743083
|switch|p2a: Toxic player|Weezing, F, shiny|62/100
|turn|41
|
|t:|1641743086
|move|p1a: Mew|Stored Power|p2a: Toxic player
|-supereffective|p2a: Toxic player
|-damage|p2a: Toxic player|0 fnt
|faint|p2a: Toxic player
|
|-heal|p1a: Mew|100/100 par|[from] item: Leftovers
|upkeep
|
|t:|1641743089
|switch|p2a: Jolteon|Jolteon, F|55/100
|turn|42
|c|☆retrhoe|gg
|
|t:|1641743093
|move|p2a: Jolteon|Volt Switch|p1a: Mew
|-damage|p1a: Mew|91/100 par
|move|p1a: Mew|Stored Power|p2a: Jolteon
|-damage|p2a: Jolteon|2/100
|
|-heal|p1a: Mew|98/100 par|[from] item: Leftovers
|upkeep
|turn|43
|-activate|p2a: Jolteon|item: Quick Claw
|
|t:|1641743101
|move|p2a: Jolteon|Protect|p2a: Jolteon
|-singleturn|p2a: Jolteon|Protect
|cant|p1a: Mew|par
|
|-heal|p1a: Mew|100/100 par|[from] item: Leftovers
|upkeep
|turn|44
|
|t:|1641743107
|move|p2a: Jolteon|Wish|p2a: Jolteon
|move|p1a: Mew|Stored Power|p2a: Jolteon
|-damage|p2a: Jolteon|0 fnt
|faint|p2a: Jolteon
|
|win|retrhoe
|raw|retrhoe's rating: 1054 &rarr; <strong>1085</strong><br />(+31 for winning)
|raw|PKNtrainerdogo's rating: 1045 &rarr; <strong>1029</strong><br />(-16 for losing)
