|j|☆hchw90
|j|☆julian113
|t:|1641825398
|gametype|singles
|player|p1|hchw90|102|1459
|player|p2|julian113|170|1392
|teamsize|p1|6
|teamsize|p2|6
|gen|8
|tier|[Gen 8] OU
|rated|
|rule|Sleep Clause Mod: Limit one foe put to sleep
|rule|Species Clause: Limit one of each Pokémon
|rule|OHKO Clause: OHKO moves are banned
|rule|Evasion Moves Clause: Evasion moves are banned
|rule|Endless Battle Clause: Forcing endless battles is banned
|rule|HP Percentage Mod: HP is shown in percentages
|rule|Dynamax Clause: You cannot dynamax
|clearpoke
|poke|p1|Chansey, F|
|poke|p1|Heatran, M|
|poke|p1|Rotom-Wash|
|poke|p1|Dragapult, F|
|poke|p1|Zapdos|
|poke|p1|Landorus-Therian, M|
|poke|p2|Skarmory, M|
|poke|p2|Blaziken, M|
|poke|p2|Garchomp, M|
|poke|p2|Kartana|
|poke|p2|Moltres-Galar|
|poke|p2|Volcarona, F|
|teampreview
|inactive|Battle timer is ON: inactive players will automatically lose when time's up. (requested by hchw90)
|
|t:|1641825429
|start
|switch|p1a: Rotom|Rotom-Wash|100/100
|switch|p2a: Skarmory|Skarmory, M|100/100
|turn|1
|
|t:|1641825443
|move|p1a: Rotom|Volt Switch|p2a: Skarmory
|-supereffective|p2a: Skarmory
|-damage|p2a: Skarmory|10/100
|
|t:|1641825445
|switch|p1a: Heatran|Heatran, M|100/100|[from]move: Volt Switch
|-item|p1a: Heatran|Air Balloon
|move|p2a: Skarmory|Stealth Rock|p1a: Heatran
|-sidestart|p1: hchw90|move: Stealth Rock
|
|upkeep
|turn|2
|-enditem|p2a: Skarmory|Custap Berry|[eat]
|-activate|p2a: Skarmory|item: Custap Berry|[consumed]
|
|t:|1641825455
|move|p2a: Skarmory|Brave Bird|p1a: Heatran
|-resisted|p1a: Heatran
|-damage|p1a: Heatran|86/100
|-enditem|p1a: Heatran|Air Balloon
|-damage|p2a: Skarmory|4/100|[from] Recoil
|move|p1a: Heatran|Stealth Rock|p2a: Skarmory
|-sidestart|p2: julian113|move: Stealth Rock
|
|upkeep
|turn|3
|
|t:|1641825465
|move|p1a: Heatran|Lava Plume|p2a: Skarmory
|-supereffective|p2a: Skarmory
|-damage|p2a: Skarmory|0 fnt
|faint|p2a: Skarmory
|
|upkeep
|
|t:|1641825474
|switch|p2a: Garchomp|Garchomp, M|100/100
|-damage|p2a: Garchomp|94/100|[from] Stealth Rock
|turn|4
|
|t:|1641825480
|switch|p1a: Rotom|Rotom-Wash|100/100
|-damage|p1a: Rotom|88/100|[from] Stealth Rock
|move|p2a: Garchomp|Swords Dance|p2a: Garchomp
|-boost|p2a: Garchomp|atk|2
|
|upkeep
|turn|5
|
|t:|1641825492
|move|p1a: Rotom|Trick|p2a: Garchomp
|-activate|p1a: Rotom|move: Trick|[of] p2a: Garchomp
|-item|p2a: Garchomp|Choice Scarf|[from] move: Trick
|-item|p1a: Rotom|Life Orb|[from] move: Trick
|move|p2a: Garchomp|Scale Shot|p1a: Rotom
|-damage|p1a: Rotom|49/100
|-damage|p1a: Rotom|13/100
|-damage|p1a: Rotom|0 fnt
|faint|p1a: Rotom
|-hitcount|p1: Rotom|3
|-unboost|p2a: Garchomp|def|1
|-boost|p2a: Garchomp|spe|1
|
|upkeep
|
|t:|1641825502
|switch|p1a: Heatran|Heatran, M|86/100
|-damage|p1a: Heatran|73/100|[from] Stealth Rock
|turn|6
|
|t:|1641825519
|move|p2a: Garchomp|Scale Shot|p1a: Heatran
|-resisted|p1a: Heatran
|-damage|p1a: Heatran|63/100
|-resisted|p1a: Heatran
|-damage|p1a: Heatran|52/100
|-resisted|p1a: Heatran
|-damage|p1a: Heatran|40/100
|-hitcount|p1a: Heatran|3
|-unboost|p2a: Garchomp|def|1
|-boost|p2a: Garchomp|spe|1
|move|p1a: Heatran|Lava Plume|p2a: Garchomp
|-resisted|p2a: Garchomp
|-damage|p2a: Garchomp|75/100
|
|upkeep
|turn|7
|
|t:|1641825532
|move|p2a: Garchomp|Scale Shot|p1a: Heatran
|-resisted|p1a: Heatran
|-crit|p1a: Heatran
|-damage|p1a: Heatran|25/100
|-resisted|p1a: Heatran
|-damage|p1a: Heatran|13/100
|-hitcount|p1a: Heatran|2
|-unboost|p2a: Garchomp|def|1
|-boost|p2a: Garchomp|spe|1
|move|p1a: Heatran|Toxic|p2a: Garchomp
|-status|p2a: Garchomp|tox
|
|-damage|p2a: Garchomp|69/100 tox|[from] psn
|upkeep
|turn|8
|
|t:|1641825542
|move|p2a: Garchomp|Scale Shot|p1a: Heatran
|-resisted|p1a: Heatran
|-damage|p1a: Heatran|2/100
|-resisted|p1a: Heatran
|-damage|p1a: Heatran|0 fnt
|faint|p1a: Heatran
|-hitcount|p1: Heatran|2
|-unboost|p2a: Garchomp|def|1
|-boost|p2a: Garchomp|spe|1
|
|-damage|p2a: Garchomp|57/100 tox|[from] psn
|upkeep
|
|t:|1641825549
|switch|p1a: Landorus|Landorus-Therian, M|100/100
|-damage|p1a: Landorus|88/100|[from] Stealth Rock
|-ability|p1a: Landorus|Intimidate|boost
|-unboost|p2a: Garchomp|atk|1
|turn|9
|
|t:|1641825556
|move|p2a: Garchomp|Scale Shot|p1a: Landorus
|-damage|p1a: Landorus|75/100
|-damage|p1a: Landorus|62/100
|-damage|p1a: Landorus|49/100
|-damage|p1a: Landorus|35/100
|-damage|p1a: Landorus|22/100
|-hitcount|p1a: Landorus|5
|-unboost|p2a: Garchomp|def|1
|-boost|p2a: Garchomp|spe|1
|move|p1a: Landorus|Earthquake|p2a: Garchomp
|-damage|p2a: Garchomp|0 fnt
|faint|p2a: Garchomp
|
|upkeep
|
|t:|1641825581
|switch|p2a: Moltres|Moltres-Galar|100/100
|-damage|p2a: Moltres|76/100|[from] Stealth Rock
|turn|10
|
|t:|1641825594
|switch|p1a: Chansey|Chansey, F|100/100
|-damage|p1a: Chansey|88/100|[from] Stealth Rock
|move|p2a: Moltres|Nasty Plot|p2a: Moltres
|-boost|p2a: Moltres|spa|2
|
|upkeep
|turn|11
|
|t:|1641825601
|move|p2a: Moltres|Nasty Plot|p2a: Moltres
|-boost|p2a: Moltres|spa|2
|move|p1a: Chansey|Thunder Wave|p2a: Moltres
|-status|p2a: Moltres|par
|
|upkeep
|turn|12
|
|t:|1641825606
|move|p2a: Moltres|Fiery Wrath|p1a: Chansey
|-damage|p1a: Chansey|49/100
|move|p1a: Chansey|Seismic Toss|p2a: Moltres
|-damage|p2a: Moltres|44/100 par
|-ability|p2a: Moltres|Berserk|boost
|-boost|p2a: Moltres|spa|1
|
|upkeep
|turn|13
|
|t:|1641825621
|move|p2a: Moltres|Fiery Wrath|p1a: Chansey
|-damage|p1a: Chansey|5/100
|cant|p1a: Chansey|flinch
|
|upkeep
|turn|14
|
|t:|1641825629
|move|p2a: Moltres|Fiery Wrath|p1a: Chansey
|-damage|p1a: Chansey|0 fnt
|faint|p1a: Chansey
|
|upkeep
|
|t:|1641825650
|switch|p1a: Zapdos|Zapdos|100/100
|-damage|p1a: Zapdos|76/100|[from] Stealth Rock
|-ability|p1a: Zapdos|Pressure
|turn|15
|
|t:|1641825658
|move|p1a: Zapdos|Substitute|p1a: Zapdos
|-start|p1a: Zapdos|Substitute
|-damage|p1a: Zapdos|51/100
|move|p2a: Moltres|Nasty Plot|p2a: Moltres
|-boost|p2a: Moltres|spa|1
|
|-heal|p1a: Zapdos|57/100|[from] item: Leftovers
|upkeep
|turn|16
|
|t:|1641825663
|move|p1a: Zapdos|Thunderbolt|p2a: Moltres
|-supereffective|p2a: Moltres
|-damage|p2a: Moltres|0 fnt
|faint|p2a: Moltres
|
|-heal|p1a: Zapdos|63/100|[from] item: Leftovers
|upkeep
|
|t:|1641825669
|switch|p2a: Kartana|Kartana|100/100
|-damage|p2a: Kartana|94/100|[from] Stealth Rock
|turn|17
|
|t:|1641825676
|move|p2a: Kartana|Knock Off|p1a: Zapdos
|-end|p1a: Zapdos|Substitute
|-damage|p2a: Kartana|84/100|[from] item: Life Orb
|move|p1a: Zapdos|Thunderbolt|p2a: Kartana
|-resisted|p2a: Kartana
|-damage|p2a: Kartana|23/100
|
|-heal|p1a: Zapdos|69/100|[from] item: Leftovers
|upkeep
|turn|18
|
|t:|1641825691
|switch|p1a: Landorus|Landorus-Therian, M|22/100
|-damage|p1a: Landorus|10/100|[from] Stealth Rock
|-ability|p1a: Landorus|Intimidate|boost
|-unboost|p2a: Kartana|atk|1
|move|p2a: Kartana|Swords Dance|p2a: Kartana
|-boost|p2a: Kartana|atk|2
|
|upkeep
|turn|19
|
|t:|1641825699
|move|p2a: Kartana|Leaf Blade|p1a: Landorus
|-crit|p1a: Landorus
|-damage|p1a: Landorus|0 fnt
|-damage|p2a: Kartana|7/100|[from] item: Rocky Helmet|[of] p1a: Landorus
|faint|p1a: Landorus
|-ability|p2a: Kartana|Beast Boost|boost
|-boost|p2a: Kartana|spe|1
|-damage|p2a: Kartana|0 fnt|[from] item: Life Orb
|faint|p2a: Kartana
|
|upkeep
|
|t:|1641825710
|switch|p2a: Volcarona|Volcarona, F|100/100
|switch|p1a: Zapdos|Zapdos|69/100
|-damage|p1a: Zapdos|44/100|[from] Stealth Rock
|-ability|p1a: Zapdos|Pressure
|turn|20
|
|t:|1641825719
|move|p1a: Zapdos|Toxic|p2a: Volcarona
|-status|p2a: Volcarona|tox
|move|p2a: Volcarona|Flamethrower|p1a: Zapdos
|-damage|p1a: Zapdos|0 fnt
|faint|p1a: Zapdos
|
|-damage|p2a: Volcarona|94/100 tox|[from] psn
|upkeep
|
|t:|1641825722
|switch|p1a: Dragapult|Dragapult, F|100/100
|-damage|p1a: Dragapult|88/100|[from] Stealth Rock
|turn|21
|
|t:|1641825731
|move|p1a: Dragapult|Dragon Dance|p1a: Dragapult
|-boost|p1a: Dragapult|atk|1
|-boost|p1a: Dragapult|spe|1
|move|p2a: Volcarona|Quiver Dance|p2a: Volcarona
|-boost|p2a: Volcarona|spa|1
|-boost|p2a: Volcarona|spd|1
|-boost|p2a: Volcarona|spe|1
|
|-heal|p1a: Dragapult|94/100|[from] item: Leftovers
|-damage|p2a: Volcarona|82/100 tox|[from] psn
|upkeep
|turn|22
|
|t:|1641825735
|move|p1a: Dragapult|Dragon Darts|p2a: Volcarona
|-damage|p2a: Volcarona|22/100 tox
|-anim|p1a: Dragapult|Dragon Darts|p2a: Volcarona
|-damage|p2a: Volcarona|0 fnt
|faint|p2a: Volcarona
|
|-heal|p1a: Dragapult|99/100|[from] item: Leftovers
|upkeep
|
|t:|1641825739
|switch|p2a: Blaziken|Blaziken, M|100/100
|-damage|p2a: Blaziken|88/100|[from] Stealth Rock
|turn|23
|
|t:|1641825744
|move|p1a: Dragapult|Phantom Force||[still]
|-prepare|p1a: Dragapult|Phantom Force
|move|p2a: Blaziken|Flare Blitz|p1a: Dragapult|[miss]
|-miss|p2a: Blaziken|p1a: Dragapult
|
|-heal|p1a: Dragapult|100/100|[from] item: Leftovers
|-ability|p2a: Blaziken|Speed Boost|boost
|-boost|p2a: Blaziken|spe|1
|upkeep
|turn|24
|
|t:|1641825753
|move|p1a: Dragapult|Phantom Force|p2a: Blaziken|[from]lockedmove
|-damage|p2a: Blaziken|0 fnt
|faint|p2a: Blaziken
|
|win|hchw90
|raw|hchw90's rating: 1459 &rarr; <strong>1475</strong><br />(+16 for winning)
|raw|julian113's rating: 1392 &rarr; <strong>1376</strong><br />(-16 for losing)
