|j|☆Teammoustache
|j|☆jptoroglass
|t:|1641831012
|gametype|singles
|player|p1|Teammoustache|101|1657
|player|p2|jptoroglass|marley|1632
|teamsize|p1|6
|teamsize|p2|6
|gen|8
|tier|[Gen 8] OU
|rated|
|rule|Sleep Clause Mod: Limit one foe put to sleep
|rule|Species Clause: Limit one of each Pokémon
|rule|OHKO Clause: OHKO moves are banned
|rule|Evasion Moves Clause: Evasion moves are banned
|rule|Endless Battle Clause: Forcing endless battles is banned
|rule|HP Percentage Mod: HP is shown in percentages
|rule|Dynamax Clause: You cannot dynamax
|clearpoke
|poke|p1|Gastrodon, F|
|poke|p1|Corviknight, M|
|poke|p1|Buzzwole|
|poke|p1|Volcarona, F|
|poke|p1|Landorus-Therian, M|
|poke|p1|Tapu Lele|
|poke|p2|Mew|
|poke|p2|Cloyster, M|
|poke|p2|Gengar, F|
|poke|p2|Bisharp, M|
|poke|p2|Rillaboom, F|
|poke|p2|Hawlucha, M|
|teampreview
|j| ash_won_kalos
|
|t:|1641831019
|start
|switch|p1a: A Friend In Me|Landorus-Therian, M|100/100
|switch|p2a: Mew|Mew, shiny|100/100
|-ability|p1a: A Friend In Me|Intimidate|boost
|-unboost|p2a: Mew|atk|1
|turn|1
|
|t:|1641831033
|move|p2a: Mew|Stealth Rock|p1a: A Friend In Me
|-sidestart|p1: Teammoustache|move: Stealth Rock
|move|p1a: A Friend In Me|U-turn|p2a: Mew
|-supereffective|p2a: Mew
|-damage|p2a: Mew|31/100
|-enditem|p2a: Mew|Red Card|[of] p1a: A Friend In Me
|drag|p1a: Onegai Muscle|Buzzwole|100/100
|-damage|p1a: Onegai Muscle|88/100|[from] Stealth Rock
|
|upkeep
|turn|2
|
|t:|1641831042
|switch|p1a: Titanium|Corviknight, M|100/100
|-damage|p1a: Titanium|88/100|[from] Stealth Rock
|-ability|p1a: Titanium|Pressure
|move|p2a: Mew|Taunt|p1a: Titanium
|-start|p1a: Titanium|move: Taunt
|
|-heal|p1a: Titanium|94/100|[from] item: Leftovers
|upkeep
|turn|3
|
|t:|1641831051
|move|p2a: Mew|Spikes|p1a: Titanium
|-sidestart|p1: Teammoustache|Spikes
|move|p1a: Titanium|U-turn|p2a: Mew
|-supereffective|p2a: Mew
|-damage|p2a: Mew|8/100
|
|t:|1641831062
|switch|p1a: A Friend In Me|Landorus-Therian, M|100/100|[from]move: U-turn
|-damage|p1a: A Friend In Me|88/100|[from] Stealth Rock
|-ability|p1a: A Friend In Me|Intimidate|boost
|-unboost|p2a: Mew|atk|1
|
|upkeep
|turn|4
|
|t:|1641831081
|move|p2a: Mew|Spikes|p1a: A Friend In Me
|-sidestart|p1: Teammoustache|Spikes
|move|p1a: A Friend In Me|U-turn|p2a: Mew
|-supereffective|p2a: Mew
|-damage|p2a: Mew|0 fnt
|faint|p2a: Mew
|
|t:|1641831087
|switch|p1a: Titanium|Corviknight, M|94/100|[from]move: U-turn
|-damage|p1a: Titanium|82/100|[from] Stealth Rock
|-ability|p1a: Titanium|Pressure
|
|-heal|p1a: Titanium|88/100|[from] item: Leftovers
|upkeep
|
|t:|1641831094
|switch|p2a: Okage|Gengar, F|100/100
|turn|5
|
|t:|1641831105
|move|p2a: Okage|Taunt|p1a: Titanium
|-start|p1a: Titanium|move: Taunt
|move|p1a: Titanium|Brave Bird|p2a: Okage
|-damage|p2a: Okage|31/100
|-start|p1a: Titanium|Disable|Brave Bird|[from] ability: Cursed Body|[of] p2a: Okage
|-damage|p1a: Titanium|73/100|[from] Recoil
|
|-heal|p1a: Titanium|79/100|[from] item: Leftovers
|upkeep
|turn|6
|
|t:|1641831118
|switch|p1a: Under The Sea|Gastrodon, F|100/100
|-damage|p1a: Under The Sea|94/100|[from] Stealth Rock
|-damage|p1a: Under The Sea|78/100|[from] Spikes
|move|p2a: Okage|Nasty Plot|p2a: Okage
|-boost|p2a: Okage|spa|2
|
|-heal|p1a: Under The Sea|84/100|[from] item: Leftovers
|upkeep
|turn|7
|
|t:|1641831153
|move|p2a: Okage|Shadow Ball|p1a: Under The Sea
|-damage|p1a: Under The Sea|27/100
|move|p1a: Under The Sea|Earthquake|p2a: Okage
|-supereffective|p2a: Okage
|-damage|p2a: Okage|0 fnt
|-start|p1a: Under The Sea|Disable|Earthquake|[from] ability: Cursed Body|[of] p2a: Okage
|faint|p2a: Okage
|
|-heal|p1a: Under The Sea|33/100|[from] item: Leftovers
|upkeep
|
|t:|1641831169
|switch|p2a: MagicConch|Cloyster, M|100/100
|turn|8
|j| B4tt1enet
|
|t:|1641831180
|move|p2a: MagicConch|Shell Smash|p2a: MagicConch
|-unboost|p2a: MagicConch|def|1
|-unboost|p2a: MagicConch|spd|1
|-boost|p2a: MagicConch|atk|2
|-boost|p2a: MagicConch|spa|2
|-boost|p2a: MagicConch|spe|2
|-enditem|p2a: MagicConch|White Herb
|-clearnegativeboost|p2a: MagicConch|[silent]
|move|p1a: Under The Sea|Toxic|p2a: MagicConch
|-status|p2a: MagicConch|tox
|
|-heal|p1a: Under The Sea|39/100|[from] item: Leftovers
|-damage|p2a: MagicConch|94/100 tox|[from] psn
|upkeep
|turn|9
|
|t:|1641831204
|move|p2a: MagicConch|Icicle Spear|p1a: Under The Sea
|-damage|p1a: Under The Sea|16/100
|-damage|p1a: Under The Sea|0 fnt
|faint|p1a: Under The Sea
|-hitcount|p1: Under The Sea|2
|
|-damage|p2a: MagicConch|82/100 tox|[from] psn
|upkeep
|
|t:|1641831218
|switch|p1a: A Friend In Me|Landorus-Therian, M|88/100
|-damage|p1a: A Friend In Me|76/100|[from] Stealth Rock
|-ability|p1a: A Friend In Me|Intimidate|boost
|-unboost|p2a: MagicConch|atk|1
|turn|10
|
|t:|1641831233
|move|p2a: MagicConch|Icicle Spear|p1a: A Friend In Me
|-supereffective|p1a: A Friend In Me
|-damage|p1a: A Friend In Me|0 fnt
|faint|p1a: A Friend In Me
|-hitcount|p1: A Friend In Me|1
|
|-damage|p2a: MagicConch|63/100 tox|[from] psn
|upkeep
|
|t:|1641831240
|switch|p1a: Onegai Muscle|Buzzwole|88/100
|-damage|p1a: Onegai Muscle|72/100|[from] Spikes
|-damage|p1a: Onegai Muscle|59/100|[from] Stealth Rock
|turn|11
|
|t:|1641831252
|move|p2a: MagicConch|Icicle Spear|p1a: Onegai Muscle
|-damage|p1a: Onegai Muscle|51/100
|-damage|p1a: Onegai Muscle|42/100
|-damage|p1a: Onegai Muscle|34/100
|-damage|p1a: Onegai Muscle|27/100
|-damage|p1a: Onegai Muscle|18/100
|-hitcount|p1a: Onegai Muscle|5
|move|p1a: Onegai Muscle|Drain Punch|p2a: MagicConch
|-supereffective|p2a: MagicConch
|-damage|p2a: MagicConch|3/100 tox
|-heal|p1a: Onegai Muscle|35/100|[from] drain|[of] p2a: MagicConch
|
|-damage|p2a: MagicConch|0 fnt|[from] psn
|faint|p2a: MagicConch
|upkeep
|
|t:|1641831276
|switch|p2a: Adam West|Hawlucha, M|100/100
|turn|12
|
|t:|1641831296
|move|p2a: Adam West|Close Combat|p1a: Onegai Muscle
|-resisted|p1a: Onegai Muscle
|-damage|p1a: Onegai Muscle|21/100
|-unboost|p2a: Adam West|def|1
|-unboost|p2a: Adam West|spd|1
|-damage|p2a: Adam West|84/100|[from] item: Rocky Helmet|[of] p1a: Onegai Muscle
|move|p1a: Onegai Muscle|Ice Punch|p2a: Adam West
|-supereffective|p2a: Adam West
|-damage|p2a: Adam West|0 fnt
|faint|p2a: Adam West
|-ability|p1a: Onegai Muscle|Beast Boost|boost
|-boost|p1a: Onegai Muscle|def|1
|
|upkeep
|c|☆jptoroglass|well fuck me
|c|☆jptoroglass|thought ur switching
|
|t:|1641831312
|switch|p2a: DK did it first|Rillaboom, F|100/100
|-fieldstart|move: Grassy Terrain|[from] ability: Grassy Surge|[of] p2a: DK did it first
|turn|13
|
|t:|1641831317
|move|p2a: DK did it first|Grassy Glide|p1a: Onegai Muscle
|-resisted|p1a: Onegai Muscle
|-damage|p1a: Onegai Muscle|11/100
|-damage|p2a: DK did it first|84/100|[from] item: Rocky Helmet|[of] p1a: Onegai Muscle
|-damage|p2a: DK did it first|74/100|[from] item: Life Orb
|move|p1a: Onegai Muscle|Roost|p1a: Onegai Muscle
|-heal|p1a: Onegai Muscle|61/100
|-singleturn|p1a: Onegai Muscle|move: Roost
|
|-heal|p2a: DK did it first|80/100|[from] Grassy Terrain
|-heal|p1a: Onegai Muscle|67/100|[from] Grassy Terrain
|upkeep
|turn|14
|c|☆jptoroglass|gg
|-message|jptoroglass forfeited.
|
|win|Teammoustache
|raw|Teammoustache's rating: 1657 &rarr; <strong>1676</strong><br />(+19 for winning)
|raw|jptoroglass's rating: 1632 &rarr; <strong>1613</strong><br />(-19 for losing)
|l|☆jptoroglass
