|j|☆kerazs
|j|☆Smart Falcon
|t:|1641857338
|gametype|singles
|player|p1|kerazs|265|1304
|player|p2|Smart Falcon|shauntal|1326
|teamsize|p1|6
|teamsize|p2|6
|gen|8
|tier|[Gen 8] OU
|rated|
|rule|Sleep Clause Mod: Limit one foe put to sleep
|rule|Species Clause: Limit one of each Pokémon
|rule|OHKO Clause: OHKO moves are banned
|rule|Evasion Moves Clause: Evasion moves are banned
|rule|Endless Battle Clause: Forcing endless battles is banned
|rule|HP Percentage Mod: HP is shown in percentages
|rule|Dynamax Clause: You cannot dynamax
|clearpoke
|poke|p1|Heatran, M|
|poke|p1|Exeggutor-Alola, M|
|poke|p1|Marowak-Alola, F|
|poke|p1|Hatterene, F|
|poke|p1|Gastrodon, M|
|poke|p1|Slowking-Galar, M|
|poke|p2|Tyranitar, M|
|poke|p2|Clefable, F|
|poke|p2|Excadrill, M|
|poke|p2|Kartana|
|poke|p2|Zapdos|
|poke|p2|Cloyster, F|
|teampreview
|inactive|Battle timer is ON: inactive players will automatically lose when time's up. (requested by kerazs)
|
|t:|1641857346
|start
|switch|p1a: Slowking|Slowking-Galar, M|100/100
|switch|p2a: Cloyster|Cloyster, F|100/100
|turn|1
|
|t:|1641857354
|move|p2a: Cloyster|Shell Smash|p2a: Cloyster
|-unboost|p2a: Cloyster|def|1
|-unboost|p2a: Cloyster|spd|1
|-boost|p2a: Cloyster|atk|2
|-boost|p2a: Cloyster|spa|2
|-boost|p2a: Cloyster|spe|2
|move|p1a: Slowking|Future Sight|p2a: Cloyster
|-start|p1a: Slowking|move: Future Sight
|
|upkeep
|turn|2
|
|t:|1641857361
|move|p2a: Cloyster|Icicle Spear|p1a: Slowking
|-damage|p1a: Slowking|80/100
|-damage|p1a: Slowking|59/100
|-damage|p1a: Slowking|38/100
|-damage|p1a: Slowking|15/100
|-damage|p1a: Slowking|0 fnt
|faint|p1a: Slowking
|-hitcount|p1: Slowking|5
|
|upkeep
|
|t:|1641857370
|switch|p1a: Hatterene|Hatterene, F|100/100
|turn|3
|
|t:|1641857373
|move|p2a: Cloyster|Icicle Spear|p1a: Hatterene
|-damage|p1a: Hatterene|81/100
|-damage|p1a: Hatterene|62/100
|-crit|p1a: Hatterene
|-damage|p1a: Hatterene|31/100
|-damage|p1a: Hatterene|11/100
|-enditem|p1a: Hatterene|Aguav Berry|[eat]
|-heal|p1a: Hatterene|44/100|[from] item: Aguav Berry
|-damage|p1a: Hatterene|26/100
|-hitcount|p1a: Hatterene|5
|move|p1a: Hatterene|Trick Room|p1a: Hatterene
|-fieldstart|move: Trick Room|[of] p1a: Hatterene
|
|-end|p2a: Cloyster|move: Future Sight
|-enditem|p2a: Cloyster|Focus Sash
|-damage|p2a: Cloyster|1/100
|upkeep
|turn|4
|
|t:|1641857390
|switch|p2a: Tyranitar|Tyranitar, M|100/100
|-weather|Sandstorm|[from] ability: Sand Stream|[of] p2a: Tyranitar
|move|p1a: Hatterene|Dazzling Gleam|p2a: Tyranitar
|-supereffective|p2a: Tyranitar
|-damage|p2a: Tyranitar|78/100
|
|-weather|Sandstorm|[upkeep]
|-damage|p1a: Hatterene|20/100|[from] Sandstorm
|upkeep
|turn|5
|-message|kerazs forfeited.
|
|win|Smart Falcon
|raw|kerazs's rating: 1304 &rarr; <strong>1285</strong><br />(-19 for losing)
|raw|Smart Falcon's rating: 1326 &rarr; <strong>1345</strong><br />(+19 for winning)
|l|☆kerazs
