|j|☆belfegor4all
|j|☆Reve de Durendal
|t:|1641713681
|gametype|singles
|player|p1|belfegor4all|hilda-wonderlauncher|1206
|player|p2|Reve de Durendal|102|1289
|teamsize|p1|6
|teamsize|p2|6
|gen|8
|tier|[Gen 8] OU
|rated|
|rule|Sleep Clause Mod: Limit one foe put to sleep
|rule|Species Clause: Limit one of each Pokémon
|rule|OHKO Clause: OHKO moves are banned
|rule|Evasion Moves Clause: Evasion moves are banned
|rule|Endless Battle Clause: Forcing endless battles is banned
|rule|HP Percentage Mod: HP is shown in percentages
|rule|Dynamax Clause: You cannot dynamax
|clearpoke
|poke|p1|Bisharp, M|
|poke|p1|Dragapult, M|
|poke|p1|Gyarados, M|
|poke|p1|Hydreigon, M|
|poke|p1|Ferrothorn, M|
|poke|p1|Togekiss, F|
|poke|p2|Gengar, M|
|poke|p2|Blissey, F|
|poke|p2|Zapdos-Galar|
|poke|p2|Rillaboom, F|
|poke|p2|Corviknight, M|
|poke|p2|Bisharp, F|
|teampreview
|inactive|Battle timer is ON: inactive players will automatically lose when time's up. (requested by belfegor4all)
|
|t:|1641713697
|start
|switch|p1a: Gyarados|Gyarados, M, shiny|100/100
|switch|p2a: Zapdos|Zapdos-Galar|100/100
|turn|1
|
|t:|1641713703
|move|p2a: Zapdos|Brave Bird|p1a: Gyarados
|-damage|p1a: Gyarados|0 fnt
|faint|p1a: Gyarados
|-damage|p2a: Zapdos|67/100|[from] Recoil
|
|upkeep
|
|t:|1641713714
|switch|p1a: Dragapult|Dragapult, M|100/100
|turn|2
|
|t:|1641713718
|switch|p2a: Blissey|Blissey, F|100/100
|move|p1a: Dragapult|Flamethrower|p2a: Blissey
|-damage|p2a: Blissey|85/100
|
|upkeep
|turn|3
|
|t:|1641713725
|switch|p1a: Bisharp|Bisharp, M|100/100
|move|p2a: Blissey|Thunder Wave|p1a: Bisharp
|-status|p1a: Bisharp|par
|
|upkeep
|turn|4
|
|t:|1641713730
|cant|p1a: Bisharp|par
|move|p2a: Blissey|Teleport|p2a: Blissey
|
|t:|1641713738
|switch|p2a: Rillaboom|Rillaboom, F|100/100|[from]move: Teleport
|-fieldstart|move: Grassy Terrain|[from] ability: Grassy Surge|[of] p2a: Rillaboom
|
|upkeep
|turn|5
|
|t:|1641713745
|cant|p1a: Bisharp|par
|move|p2a: Rillaboom|Swords Dance|p2a: Rillaboom
|-boost|p2a: Rillaboom|atk|2
|
|upkeep
|turn|6
|
|t:|1641713749
|move|p1a: Bisharp|Sucker Punch|p2a: Rillaboom
|-damage|p2a: Rillaboom|46/100
|-damage|p1a: Bisharp|91/100 par|[from] item: Life Orb
|move|p2a: Rillaboom|Drain Punch|p1a: Bisharp
|-supereffective|p1a: Bisharp
|-damage|p1a: Bisharp|0 fnt
|-heal|p2a: Rillaboom|82/100|[from] drain|[of] p1a: Bisharp
|faint|p1a: Bisharp
|
|-heal|p2a: Rillaboom|88/100|[from] Grassy Terrain
|upkeep
|
|t:|1641713753
|switch|p1a: Dragapult|Dragapult, M|100/100
|turn|7
|
|t:|1641713755
|move|p1a: Dragapult|Flamethrower|p2a: Rillaboom
|-supereffective|p2a: Rillaboom
|-damage|p2a: Rillaboom|0 fnt
|faint|p2a: Rillaboom
|
|upkeep
|
|t:|1641713761
|switch|p2a: Bisharp|Bisharp, F|100/100
|turn|8
|
|t:|1641713771
|switch|p1a: Togekiss|Togekiss, F|100/100
|move|p2a: Bisharp|Stealth Rock|p1a: Togekiss
|-sidestart|p1: belfegor4all|move: Stealth Rock
|
|-fieldend|move: Grassy Terrain
|upkeep
|turn|9
|
|t:|1641713775
|move|p1a: Togekiss|Flamethrower|p2a: Bisharp
|-supereffective|p2a: Bisharp
|-damage|p2a: Bisharp|30/100
|move|p2a: Bisharp|Taunt|p1a: Togekiss
|-start|p1a: Togekiss|move: Taunt
|
|upkeep
|turn|10
|
|t:|1641713779
|switch|p2a: Blissey|Blissey, F|85/100
|move|p1a: Togekiss|Flamethrower|p2a: Blissey
|-damage|p2a: Blissey|76/100
|
|upkeep
|turn|11
|
|t:|1641713784
|switch|p1a: Ferrothorn|Ferrothorn, M|100/100
|-damage|p1a: Ferrothorn|94/100|[from] Stealth Rock
|move|p2a: Blissey|Thunder Wave|p1a: Ferrothorn
|-status|p1a: Ferrothorn|par
|
|-heal|p1a: Ferrothorn|100/100 par|[from] item: Leftovers
|upkeep
|turn|12
|
|t:|1641713790
|move|p1a: Ferrothorn|Gyro Ball|p2a: Blissey
|-damage|p2a: Blissey|36/100
|move|p2a: Blissey|Teleport|p2a: Blissey
|
|t:|1641713793
|switch|p2a: Zapdos|Zapdos-Galar|67/100|[from]move: Teleport
|
|upkeep
|turn|13
|
|t:|1641713797
|switch|p1a: Dragapult|Dragapult, M|100/100
|-damage|p1a: Dragapult|88/100|[from] Stealth Rock
|move|p2a: Zapdos|Close Combat|p1a: Dragapult
|-immune|p1a: Dragapult
|
|upkeep
|turn|14
|
|t:|1641713806
|switch|p2a: Blissey|Blissey, F|36/100
|move|p1a: Dragapult|Draco Meteor|p2a: Blissey
|-damage|p2a: Blissey|3/100
|-unboost|p1a: Dragapult|spa|2
|
|upkeep
|turn|15
|
|t:|1641713817
|move|p1a: Dragapult|Draco Meteor|p2a: Blissey
|-damage|p2a: Blissey|0 fnt
|-unboost|p1a: Dragapult|spa|2
|faint|p2a: Blissey
|
|upkeep
|
|t:|1641713823
|switch|p2a: Bisharp|Bisharp, F|30/100
|turn|16
|
|t:|1641713829
|switch|p1a: Hydreigon|Hydreigon, M|100/100
|-damage|p1a: Hydreigon|88/100|[from] Stealth Rock
|move|p2a: Bisharp|Knock Off|p1a: Hydreigon
|-resisted|p1a: Hydreigon
|-damage|p1a: Hydreigon|55/100
|-enditem|p1a: Hydreigon|Choice Specs|[from] move: Knock Off|[of] p2a: Bisharp
|
|upkeep
|turn|17
|
|t:|1641713849
|switch|p2a: Corviknight|Corviknight, M|100/100
|-ability|p2a: Corviknight|Pressure
|move|p1a: Hydreigon|Draco Meteor|p2a: Corviknight
|-resisted|p2a: Corviknight
|-damage|p2a: Corviknight|72/100
|-unboost|p1a: Hydreigon|spa|2
|
|upkeep
|turn|18
|
|t:|1641713858
|switch|p1a: Togekiss|Togekiss, F|100/100
|move|p2a: Corviknight|Roost|p2a: Corviknight
|-heal|p2a: Corviknight|100/100
|-singleturn|p2a: Corviknight|move: Roost
|
|upkeep
|turn|19
|
|t:|1641713863
|switch|p2a: Gengar|Gengar, M|100/100
|move|p1a: Togekiss|Flamethrower|p2a: Gengar
|-damage|p2a: Gengar|63/100
|
|-heal|p2a: Gengar|69/100|[from] item: Black Sludge
|upkeep
|turn|20
|
|t:|1641713871
|switch|p1a: Ferrothorn|Ferrothorn, M|100/100 par
|-damage|p1a: Ferrothorn|94/100 par|[from] Stealth Rock
|move|p2a: Gengar|Nasty Plot|p2a: Gengar
|-boost|p2a: Gengar|spa|2
|
|-heal|p2a: Gengar|76/100|[from] item: Black Sludge
|-heal|p1a: Ferrothorn|100/100 par|[from] item: Leftovers
|upkeep
|turn|21
|
|t:|1641713875
|move|p2a: Gengar|Substitute|p2a: Gengar
|-start|p2a: Gengar|Substitute
|-damage|p2a: Gengar|51/100
|move|p1a: Ferrothorn|Gyro Ball|p2a: Gengar
|-end|p2a: Gengar|Substitute
|
|-heal|p2a: Gengar|57/100|[from] item: Black Sludge
|upkeep
|turn|22
|
|t:|1641713880
|move|p2a: Gengar|Substitute|p2a: Gengar
|-start|p2a: Gengar|Substitute
|-damage|p2a: Gengar|32/100
|cant|p1a: Ferrothorn|par
|
|-heal|p2a: Gengar|38/100|[from] item: Black Sludge
|upkeep
|turn|23
|
|t:|1641713884
|move|p2a: Gengar|Shadow Ball|p1a: Ferrothorn
|-damage|p1a: Ferrothorn|32/100 par
|move|p1a: Ferrothorn|Gyro Ball|p2a: Gengar
|-end|p2a: Gengar|Substitute
|
|-heal|p2a: Gengar|44/100|[from] item: Black Sludge
|-heal|p1a: Ferrothorn|38/100 par|[from] item: Leftovers
|upkeep
|turn|24
|
|t:|1641713889
|move|p2a: Gengar|Substitute|p2a: Gengar
|-start|p2a: Gengar|Substitute
|-damage|p2a: Gengar|19/100
|cant|p1a: Ferrothorn|par
|
|-heal|p2a: Gengar|25/100|[from] item: Black Sludge
|-heal|p1a: Ferrothorn|45/100 par|[from] item: Leftovers
|upkeep
|turn|25
|
|t:|1641713893
|move|p2a: Gengar|Shadow Ball|p1a: Ferrothorn
|-damage|p1a: Ferrothorn|0 fnt
|faint|p1a: Ferrothorn
|
|-heal|p2a: Gengar|32/100|[from] item: Black Sludge
|upkeep
|
|t:|1641713898
|switch|p1a: Dragapult|Dragapult, M|88/100
|-damage|p1a: Dragapult|76/100|[from] Stealth Rock
|turn|26
|
|t:|1641713907
|switch|p2a: Corviknight|Corviknight, M|100/100
|-ability|p2a: Corviknight|Pressure
|move|p1a: Dragapult|Shadow Ball|p2a: Corviknight
|-damage|p2a: Corviknight|51/100
|
|upkeep
|turn|27
|
|t:|1641713914
|move|p1a: Dragapult|Shadow Ball|p2a: Corviknight
|-damage|p2a: Corviknight|4/100
|move|p2a: Corviknight|Roost|p2a: Corviknight
|-heal|p2a: Corviknight|54/100
|-singleturn|p2a: Corviknight|move: Roost
|
|upkeep
|turn|28
|
|t:|1641713918
|move|p1a: Dragapult|Shadow Ball|p2a: Corviknight
|-damage|p2a: Corviknight|8/100
|move|p2a: Corviknight|Roost|p2a: Corviknight
|-heal|p2a: Corviknight|57/100
|-singleturn|p2a: Corviknight|move: Roost
|
|upkeep
|turn|29
|
|t:|1641713921
|move|p1a: Dragapult|Shadow Ball|p2a: Corviknight
|-damage|p2a: Corviknight|9/100
|move|p2a: Corviknight|Roost|p2a: Corviknight
|-heal|p2a: Corviknight|59/100
|-singleturn|p2a: Corviknight|move: Roost
|
|upkeep
|turn|30
|
|t:|1641713924
|move|p1a: Dragapult|Shadow Ball|p2a: Corviknight
|-damage|p2a: Corviknight|10/100
|move|p2a: Corviknight|Roost|p2a: Corviknight
|-heal|p2a: Corviknight|60/100
|-singleturn|p2a: Corviknight|move: Roost
|
|upkeep
|turn|31
|
|t:|1641713928
|move|p1a: Dragapult|Shadow Ball|p2a: Corviknight
|-damage|p2a: Corviknight|16/100
|move|p2a: Corviknight|Roost|p2a: Corviknight
|-heal|p2a: Corviknight|66/100
|-singleturn|p2a: Corviknight|move: Roost
|
|upkeep
|turn|32
|
|t:|1641713931
|move|p1a: Dragapult|Shadow Ball|p2a: Corviknight
|-crit|p2a: Corviknight
|-damage|p2a: Corviknight|0 fnt
|faint|p2a: Corviknight
|
|upkeep
|
|t:|1641713935
|switch|p2a: Bisharp|Bisharp, F|30/100
|turn|33
|
|t:|1641713944
|switch|p1a: Togekiss|Togekiss, F|100/100
|move|p2a: Bisharp|Knock Off|p1a: Togekiss
|-resisted|p1a: Togekiss
|-damage|p1a: Togekiss|74/100
|-enditem|p1a: Togekiss|Heavy-Duty Boots|[from] move: Knock Off|[of] p2a: Bisharp
|
|upkeep
|turn|34
|
|t:|1641713952
|switch|p2a: Zapdos|Zapdos-Galar|67/100
|move|p1a: Togekiss|Flamethrower|p2a: Zapdos
|-damage|p2a: Zapdos|39/100
|
|upkeep
|turn|35
|
|t:|1641713957
|move|p2a: Zapdos|Brave Bird|p1a: Togekiss
|-damage|p1a: Togekiss|0 fnt
|faint|p1a: Togekiss
|-damage|p2a: Zapdos|11/100|[from] Recoil
|
|upkeep
|
|t:|1641713962
|switch|p1a: Dragapult|Dragapult, M|76/100
|-damage|p1a: Dragapult|64/100|[from] Stealth Rock
|turn|36
|
|t:|1641713967
|switch|p2a: Gengar|Gengar, M|32/100
|move|p1a: Dragapult|Shadow Ball|p2a: Gengar
|-supereffective|p2a: Gengar
|-damage|p2a: Gengar|0 fnt
|faint|p2a: Gengar
|
|upkeep
|
|t:|1641713974
|switch|p2a: Zapdos|Zapdos-Galar|11/100
|turn|37
|-message|Reve de Durendal forfeited.
|
|win|belfegor4all
|raw|belfegor4all's rating: 1206 &rarr; <strong>1237</strong><br />(+31 for winning)
|raw|Reve de Durendal's rating: 1289 &rarr; <strong>1258</strong><br />(-31 for losing)
|l|☆Reve de Durendal
|c|☆belfegor4all|gg
