|j|☆Boby dojo
|j|☆kuhrii
|t:|1641824873
|gametype|singles
|player|p1|Boby dojo|266|1181
|player|p2|kuhrii|hugh|1191
|teamsize|p1|6
|teamsize|p2|6
|gen|8
|tier|[Gen 8] OU
|rated|
|rule|Sleep Clause Mod: Limit one foe put to sleep
|rule|Species Clause: Limit one of each Pokémon
|rule|OHKO Clause: OHKO moves are banned
|rule|Evasion Moves Clause: Evasion moves are banned
|rule|Endless Battle Clause: Forcing endless battles is banned
|rule|HP Percentage Mod: HP is shown in percentages
|rule|Dynamax Clause: You cannot dynamax
|clearpoke
|poke|p1|Moltres|
|poke|p1|Clefable, F|
|poke|p1|Tyranitar, F|
|poke|p1|Lucario, M|
|poke|p1|Gardevoir, M|
|poke|p1|Milotic, M|
|poke|p2|Polteageist|
|poke|p2|Incineroar, F|
|poke|p2|Toxtricity, M|
|poke|p2|Melmetal|
|poke|p2|Hawlucha, F|
|poke|p2|Thundurus, M|
|teampreview
|inactive|Battle timer is ON: inactive players will automatically lose when time's up. (requested by Boby dojo)
|
|t:|1641824885
|start
|switch|p1a: Moltres|Moltres|100/100
|switch|p2a: Thundurus|Thundurus, M|100/100
|turn|1
|
|t:|1641824895
|switch|p1a: Tyranitar|Tyranitar, F|100/100
|-weather|Sandstorm|[from] ability: Sand Stream|[of] p1a: Tyranitar
|move|p2a: Thundurus|Taunt|p1a: Tyranitar
|-hint|Since gen 7, Dark is immune to Prankster moves.
|-immune|p1a: Tyranitar
|
|-weather|Sandstorm|[upkeep]
|-damage|p2a: Thundurus|94/100|[from] Sandstorm
|upkeep
|turn|2
|
|t:|1641824907
|move|p2a: Thundurus|Volt Switch|p1a: Tyranitar
|-damage|p1a: Tyranitar|79/100
|
|t:|1641824911
|switch|p2a: Incineroar|Incineroar, F|100/100|[from]move: Volt Switch
|-ability|p2a: Incineroar|Intimidate|boost
|-unboost|p1a: Tyranitar|atk|1
|move|p1a: Tyranitar|Stone Edge|p2a: Incineroar
|-supereffective|p2a: Incineroar
|-damage|p2a: Incineroar|27/100
|
|-weather|Sandstorm|[upkeep]
|-damage|p2a: Incineroar|21/100|[from] Sandstorm
|upkeep
|turn|3
|
|t:|1641824923
|switch|p1a: Clefable|Clefable, F|100/100
|move|p2a: Incineroar|Will-O-Wisp|p1a: Clefable
|-status|p1a: Clefable|brn
|
|-weather|Sandstorm|[upkeep]
|-damage|p2a: Incineroar|15/100|[from] Sandstorm
|upkeep
|turn|4
|
|t:|1641824935
|move|p2a: Incineroar|Parting Shot|p1a: Clefable
|-unboost|p1a: Clefable|atk|1
|-unboost|p1a: Clefable|spa|1
|
|t:|1641824938
|switch|p2a: Melmetal|Melmetal|100/100|[from]move: Parting Shot
|move|p1a: Clefable|Stealth Rock|p2a: Melmetal
|-sidestart|p2: kuhrii|move: Stealth Rock
|
|-weather|Sandstorm|[upkeep]
|upkeep
|turn|5
|
|t:|1641824947
|switch|p1a: Moltres|Moltres|100/100
|move|p2a: Melmetal|Double Iron Bash|p1a: Moltres
|-resisted|p1a: Moltres
|-crit|p1a: Moltres
|-damage|p1a: Moltres|63/100
|-status|p2a: Melmetal|brn|[from] ability: Flame Body|[of] p1a: Moltres
|-resisted|p1a: Moltres
|-damage|p1a: Moltres|50/100
|-hitcount|p1a: Moltres|2
|
|-weather|none
|-damage|p2a: Melmetal|94/100 brn|[from] brn
|upkeep
|turn|6
|
|t:|1641824964
|switch|p2a: Thundurus|Thundurus, M|94/100
|move|p1a: Moltres|Roost|p1a: Moltres
|-heal|p1a: Moltres|99/100
|-singleturn|p1a: Moltres|move: Roost
|
|upkeep
|turn|7
|
|t:|1641824972
|switch|p1a: Clefable|Clefable, F|100/100 brn
|move|p2a: Thundurus|Defog|p1a: Clefable
|-unboost|p1a: Clefable|evasion|1
|-sideend|p2: kuhrii|Stealth Rock|[from] move: Defog|[of] p2a: Thundurus
|
|upkeep
|turn|8
|
|t:|1641824979
|move|p2a: Thundurus|Taunt|p1a: Clefable
|-start|p1a: Clefable|move: Taunt
|cant|p1a: Clefable|move: Taunt|Stealth Rock
|
|upkeep
|turn|9
|
|t:|1641824985
|move|p2a: Thundurus|Volt Switch|p1a: Clefable
|-damage|p1a: Clefable|74/100 brn
|
|t:|1641824993
|switch|p2a: Melmetal|Melmetal|94/100 brn|[from]move: Volt Switch
|move|p1a: Clefable|Moonblast|p2a: Melmetal
|-resisted|p2a: Melmetal
|-damage|p2a: Melmetal|78/100 brn
|
|-heal|p1a: Clefable|80/100 brn|[from] item: Leftovers
|-heal|p2a: Melmetal|84/100 brn|[from] item: Leftovers
|-damage|p2a: Melmetal|78/100 brn|[from] brn
|upkeep
|turn|10
|
|t:|1641825007
|switch|p1a: Moltres|Moltres|99/100
|move|p2a: Melmetal|Double Iron Bash|p1a: Moltres
|-resisted|p1a: Moltres
|-damage|p1a: Moltres|87/100
|-resisted|p1a: Moltres
|-damage|p1a: Moltres|75/100
|-hitcount|p1a: Moltres|2
|
|-heal|p2a: Melmetal|84/100 brn|[from] item: Leftovers
|-damage|p2a: Melmetal|78/100 brn|[from] brn
|upkeep
|turn|11
|
|t:|1641825021
|switch|p2a: Thundurus|Thundurus, M|94/100
|move|p1a: Moltres|Fire Blast|p2a: Thundurus
|-damage|p2a: Thundurus|49/100
|
|upkeep
|turn|12
|
|t:|1641825030
|move|p1a: Moltres|Fire Blast|p2a: Thundurus
|-damage|p2a: Thundurus|4/100
|move|p2a: Thundurus|Volt Switch|p1a: Moltres
|-supereffective|p1a: Moltres
|-damage|p1a: Moltres|5/100
|
|t:|1641825041
|switch|p2a: Hawlucha|Hawlucha, F|100/100|[from]move: Volt Switch
|
|upkeep
|turn|13
|inactive|Boby dojo has 120 seconds left.
|
|t:|1641825086
|switch|p1a: Tyranitar|Tyranitar, F|79/100
|-weather|Sandstorm|[from] ability: Sand Stream|[of] p1a: Tyranitar
|move|p2a: Hawlucha|Poison Jab|p1a: Tyranitar
|-resisted|p1a: Tyranitar
|-damage|p1a: Tyranitar|69/100
|-status|p1a: Tyranitar|psn
|
|-weather|Sandstorm|[upkeep]
|-damage|p2a: Hawlucha|94/100|[from] Sandstorm
|-damage|p1a: Tyranitar|57/100 psn|[from] psn
|upkeep
|turn|14
|
|t:|1641825099
|switch|p1a: Clefable|Clefable, F|80/100 brn
|move|p2a: Hawlucha|Bulk Up|p2a: Hawlucha
|-boost|p2a: Hawlucha|atk|1
|-boost|p2a: Hawlucha|def|1
|
|-weather|Sandstorm|[upkeep]
|-damage|p2a: Hawlucha|88/100|[from] Sandstorm
|-heal|p1a: Clefable|86/100 brn|[from] item: Leftovers
|upkeep
|turn|15
|inactive|Boby dojo has 120 seconds left.
|
|t:|1641825114
|move|p2a: Hawlucha|Poison Jab|p1a: Clefable
|-supereffective|p1a: Clefable
|-damage|p1a: Clefable|32/100 brn
|move|p1a: Clefable|Moonblast|p2a: Hawlucha
|-supereffective|p2a: Hawlucha
|-damage|p2a: Hawlucha|0 fnt
|faint|p2a: Hawlucha
|
|-weather|Sandstorm|[upkeep]
|-heal|p1a: Clefable|39/100 brn|[from] item: Leftovers
|upkeep
|inactive|kuhrii has 120 seconds left.
|
|t:|1641825138
|switch|p2a: Toxtricity|Toxtricity, M|100/100
|turn|16
|inactive|Boby dojo has 120 seconds left.
|
|t:|1641825150
|move|p2a: Toxtricity|Shift Gear|p2a: Toxtricity
|-boost|p2a: Toxtricity|spe|2
|-boost|p2a: Toxtricity|atk|1
|move|p1a: Clefable|Stealth Rock|p2a: Toxtricity
|-sidestart|p2: kuhrii|move: Stealth Rock
|
|-weather|Sandstorm|[upkeep]
|-damage|p2a: Toxtricity|94/100|[from] Sandstorm
|-heal|p1a: Clefable|45/100 brn|[from] item: Leftovers
|upkeep
|turn|17
|inactive|kuhrii has 120 seconds left.
|
|t:|1641825167
|move|p2a: Toxtricity|Boomburst|p1a: Clefable
|-damage|p1a: Clefable|0 fnt
|faint|p1a: Clefable
|-enditem|p2a: Toxtricity|Throat Spray
|-boost|p2a: Toxtricity|spa|1|[from] item: Throat Spray
|
|-weather|none
|upkeep
|
|t:|1641825171
|switch|p1a: Tyranitar|Tyranitar, F|57/100 psn
|-weather|Sandstorm|[from] ability: Sand Stream|[of] p1a: Tyranitar
|turn|18
|
|t:|1641825182
|move|p2a: Toxtricity|Overdrive|p1a: Tyranitar
|-damage|p1a: Tyranitar|0 fnt
|faint|p1a: Tyranitar
|
|-weather|Sandstorm|[upkeep]
|-damage|p2a: Toxtricity|88/100|[from] Sandstorm
|upkeep
|
|t:|1641825193
|switch|p1a: Gardevoir|Gardevoir, M|100/100
|-ability|p1a: Gardevoir|Punk Rock|[from] ability: Trace|[of] p2a: Toxtricity
|turn|19
|
|t:|1641825198
|move|p2a: Toxtricity|Sludge Bomb|p1a: Gardevoir
|-supereffective|p1a: Gardevoir
|-damage|p1a: Gardevoir|0 fnt
|faint|p1a: Gardevoir
|
|-weather|Sandstorm|[upkeep]
|-damage|p2a: Toxtricity|82/100|[from] Sandstorm
|upkeep
|
|t:|1641825203
|switch|p1a: Lucario|Lucario, M|100/100
|turn|20
|
|t:|1641825210
|move|p1a: Lucario|Extreme Speed|p2a: Toxtricity
|-damage|p2a: Toxtricity|22/100
|move|p2a: Toxtricity|Overdrive|p1a: Lucario
|-damage|p1a: Lucario|0 fnt
|faint|p1a: Lucario
|
|-weather|Sandstorm|[upkeep]
|-damage|p2a: Toxtricity|16/100|[from] Sandstorm
|upkeep
|-message|Boby dojo forfeited.
|
|win|kuhrii
|raw|Boby dojo's rating: 1181 &rarr; <strong>1157</strong><br />(-24 for losing)
|raw|kuhrii's rating: 1191 &rarr; <strong>1215</strong><br />(+24 for winning)
|l|☆Boby dojo
