|j|☆jorgeviera
|j|☆Mystery Exile
|t:|1641786705
|gametype|singles
|player|p1|jorgeviera|265|1497
|player|p2|Mystery Exile|furisodegirl-black|1445
|teamsize|p1|6
|teamsize|p2|6
|gen|8
|tier|[Gen 8] OU
|rated|
|rule|Sleep Clause Mod: Limit one foe put to sleep
|rule|Species Clause: Limit one of each Pokémon
|rule|OHKO Clause: OHKO moves are banned
|rule|Evasion Moves Clause: Evasion moves are banned
|rule|Endless Battle Clause: Forcing endless battles is banned
|rule|HP Percentage Mod: HP is shown in percentages
|rule|Dynamax Clause: You cannot dynamax
|clearpoke
|poke|p1|Victini|
|poke|p1|Tapu Lele|
|poke|p1|Weavile, M|
|poke|p1|Tapu Koko|
|poke|p1|Rillaboom, F|
|poke|p1|Zapdos|
|poke|p2|Golurk|
|poke|p2|Ferrothorn, M|
|poke|p2|Corviknight, F|
|poke|p2|Clefable, F|
|poke|p2|Toxapex, M|
|poke|p2|Tyranitar, M|
|teampreview
|
|t:|1641786718
|start
|switch|p1a: Zapdos|Zapdos|100/100
|switch|p2a: Toxapex|Toxapex, M|100/100
|turn|1
|inactive|Battle timer is ON: inactive players will automatically lose when time's up. (requested by Mystery Exile)
|
|t:|1641786722
|move|p1a: Zapdos|Substitute|p1a: Zapdos
|-start|p1a: Zapdos|Substitute
|-damage|p1a: Zapdos|76/100
|move|p2a: Toxapex|Toxic Spikes|p1a: Zapdos
|-sidestart|p1: jorgeviera|move: Toxic Spikes
|
|-heal|p1a: Zapdos|82/100|[from] item: Leftovers
|upkeep
|turn|2
|
|t:|1641786725
|switch|p2a: Tyranitar|Tyranitar, M|100/100
|-weather|Sandstorm|[from] ability: Sand Stream|[of] p2a: Tyranitar
|move|p1a: Zapdos|Thunderbolt|p2a: Tyranitar
|-damage|p2a: Tyranitar|83/100
|
|-weather|Sandstorm|[upkeep]
|-damage|p1a: Zapdos|76/100|[from] Sandstorm
|-heal|p1a: Zapdos|82/100|[from] item: Leftovers
|-heal|p2a: Tyranitar|90/100|[from] item: Leftovers
|upkeep
|turn|3
|
|t:|1641786728
|move|p1a: Zapdos|Toxic|p2a: Tyranitar
|-status|p2a: Tyranitar|tox
|move|p2a: Tyranitar|Crunch|p1a: Zapdos
|-end|p1a: Zapdos|Substitute
|
|-weather|Sandstorm|[upkeep]
|-damage|p1a: Zapdos|76/100|[from] Sandstorm
|-heal|p1a: Zapdos|82/100|[from] item: Leftovers
|-heal|p2a: Tyranitar|96/100 tox|[from] item: Leftovers
|-damage|p2a: Tyranitar|90/100 tox|[from] psn
|upkeep
|turn|4
|
|t:|1641786734
|move|p1a: Zapdos|Substitute|p1a: Zapdos
|-start|p1a: Zapdos|Substitute
|-damage|p1a: Zapdos|57/100
|move|p2a: Tyranitar|Crunch|p1a: Zapdos
|-end|p1a: Zapdos|Substitute
|
|-weather|Sandstorm|[upkeep]
|-damage|p1a: Zapdos|51/100|[from] Sandstorm
|-heal|p1a: Zapdos|57/100|[from] item: Leftovers
|-heal|p2a: Tyranitar|96/100 tox|[from] item: Leftovers
|-damage|p2a: Tyranitar|83/100 tox|[from] psn
|upkeep
|turn|5
|
|t:|1641786738
|move|p1a: Zapdos|Roost|p1a: Zapdos
|-heal|p1a: Zapdos|100/100
|-singleturn|p1a: Zapdos|move: Roost
|move|p2a: Tyranitar|Toxic|p1a: Zapdos
|-status|p1a: Zapdos|tox
|
|-weather|Sandstorm|[upkeep]
|-damage|p1a: Zapdos|94/100 tox|[from] Sandstorm
|-heal|p1a: Zapdos|100/100 tox|[from] item: Leftovers
|-heal|p2a: Tyranitar|90/100 tox|[from] item: Leftovers
|-damage|p1a: Zapdos|94/100 tox|[from] psn
|-damage|p2a: Tyranitar|71/100 tox|[from] psn
|upkeep
|turn|6
|
|t:|1641786747
|switch|p2a: Ferrothorn|Ferrothorn, M|100/100
|move|p1a: Zapdos|Substitute|p1a: Zapdos
|-start|p1a: Zapdos|Substitute
|-damage|p1a: Zapdos|69/100 tox
|
|-weather|none
|-heal|p1a: Zapdos|76/100 tox|[from] item: Leftovers
|-damage|p1a: Zapdos|63/100 tox|[from] psn
|upkeep
|turn|7
|
|t:|1641786752
|move|p1a: Zapdos|Thunderbolt|p2a: Ferrothorn
|-resisted|p2a: Ferrothorn
|-damage|p2a: Ferrothorn|83/100
|move|p2a: Ferrothorn|Leech Seed||[still]
|-fail|p2a: Ferrothorn
|
|-heal|p1a: Zapdos|69/100 tox|[from] item: Leftovers
|-heal|p2a: Ferrothorn|89/100|[from] item: Leftovers
|-damage|p1a: Zapdos|51/100 tox|[from] psn
|upkeep
|turn|8
|
|t:|1641786755
|move|p1a: Zapdos|Thunderbolt|p2a: Ferrothorn
|-resisted|p2a: Ferrothorn
|-damage|p2a: Ferrothorn|72/100
|move|p2a: Ferrothorn|Spikes|p1a: Zapdos
|-sidestart|p1: jorgeviera|Spikes
|
|-heal|p1a: Zapdos|57/100 tox|[from] item: Leftovers
|-heal|p2a: Ferrothorn|78/100|[from] item: Leftovers
|-damage|p1a: Zapdos|33/100 tox|[from] psn
|upkeep
|turn|9
|
|t:|1641786759
|move|p2a: Ferrothorn|Protect|p2a: Ferrothorn
|-singleturn|p2a: Ferrothorn|Protect
|move|p1a: Zapdos|Thunderbolt|p2a: Ferrothorn
|-activate|p2a: Ferrothorn|move: Protect
|
|-heal|p1a: Zapdos|39/100 tox|[from] item: Leftovers
|-heal|p2a: Ferrothorn|84/100|[from] item: Leftovers
|-damage|p1a: Zapdos|9/100 tox|[from] psn
|upkeep
|turn|10
|
|t:|1641786762
|switch|p2a: Golurk|Golurk|100/100
|move|p1a: Zapdos|Roost|p1a: Zapdos
|-heal|p1a: Zapdos|59/100 tox
|-singleturn|p1a: Zapdos|move: Roost
|
|-heal|p1a: Zapdos|65/100 tox|[from] item: Leftovers
|-damage|p1a: Zapdos|28/100 tox|[from] psn
|upkeep
|turn|11
|
|t:|1641786769
|switch|p2a: Ferrothorn|Ferrothorn, M|84/100
|move|p1a: Zapdos|Toxic|p2a: Ferrothorn
|-immune|p2a: Ferrothorn
|
|-heal|p1a: Zapdos|34/100 tox|[from] item: Leftovers
|-heal|p2a: Ferrothorn|91/100|[from] item: Leftovers
|-damage|p1a: Zapdos|0 fnt|[from] psn
|faint|p1a: Zapdos
|upkeep
|
|t:|1641786782
|switch|p1a: Victini|Victini|100/100
|turn|12
|
|t:|1641786785
|move|p2a: Ferrothorn|Protect|p2a: Ferrothorn
|-singleturn|p2a: Ferrothorn|Protect
|move|p1a: Victini|Searing Shot|p2a: Ferrothorn
|-activate|p2a: Ferrothorn|move: Protect
|
|-heal|p2a: Ferrothorn|97/100|[from] item: Leftovers
|upkeep
|turn|13
|
|t:|1641786789
|switch|p2a: Tyranitar|Tyranitar, M|71/100 tox
|-weather|Sandstorm|[from] ability: Sand Stream|[of] p2a: Tyranitar
|move|p1a: Victini|Searing Shot|p2a: Tyranitar
|-resisted|p2a: Tyranitar
|-damage|p2a: Tyranitar|61/100 tox
|
|-weather|Sandstorm|[upkeep]
|-damage|p1a: Victini|94/100|[from] Sandstorm
|-heal|p2a: Tyranitar|68/100 tox|[from] item: Leftovers
|-damage|p2a: Tyranitar|61/100 tox|[from] psn
|upkeep
|turn|14
|
|t:|1641786796
|switch|p1a: Tapu Koko|Tapu Koko|100/100
|-status|p1a: Tapu Koko|psn
|-damage|p1a: Tapu Koko|88/100 psn|[from] Spikes
|-fieldstart|move: Electric Terrain|[from] ability: Electric Surge|[of] p1a: Tapu Koko
|move|p2a: Tyranitar|Crunch|p1a: Tapu Koko
|-resisted|p1a: Tapu Koko
|-damage|p1a: Tapu Koko|66/100 psn
|
|-weather|Sandstorm|[upkeep]
|-damage|p1a: Tapu Koko|60/100 psn|[from] Sandstorm
|-heal|p2a: Tyranitar|68/100 tox|[from] item: Leftovers
|-damage|p1a: Tapu Koko|47/100 psn|[from] psn
|-damage|p2a: Tyranitar|55/100 tox|[from] psn
|upkeep
|turn|15
|
|t:|1641786817
|switch|p2a: Ferrothorn|Ferrothorn, M|97/100
|move|p1a: Tapu Koko|Defog|p2a: Ferrothorn
|-unboost|p2a: Ferrothorn|evasion|1
|-sideend|p1: jorgeviera|Spikes|[from] move: Defog|[of] p1a: Tapu Koko
|-sideend|p1: jorgeviera|Toxic Spikes|[from] move: Defog|[of] p1a: Tapu Koko
|-fieldend|move: Electric Terrain
|
|-weather|Sandstorm|[upkeep]
|-damage|p1a: Tapu Koko|41/100 psn|[from] Sandstorm
|-heal|p2a: Ferrothorn|100/100|[from] item: Leftovers
|-damage|p1a: Tapu Koko|29/100 psn|[from] psn
|upkeep
|turn|16
|
|t:|1641786822
|move|p1a: Tapu Koko|U-turn|p2a: Ferrothorn
|-damage|p2a: Ferrothorn|86/100
|-damage|p1a: Tapu Koko|16/100 psn|[from] ability: Iron Barbs|[of] p2a: Ferrothorn
|
|t:|1641786826
|switch|p1a: Victini|Victini|94/100|[from]move: U-turn
|move|p2a: Ferrothorn|Leech Seed|p1a: Victini
|-start|p1a: Victini|move: Leech Seed
|
|-weather|Sandstorm|[upkeep]
|-damage|p1a: Victini|88/100|[from] Sandstorm
|-heal|p2a: Ferrothorn|93/100|[from] item: Leftovers
|-damage|p1a: Victini|76/100|[from] Leech Seed|[of] p2a: Ferrothorn
|-heal|p2a: Ferrothorn|100/100|[silent]
|upkeep
|turn|17
|
|t:|1641786830
|move|p2a: Ferrothorn|Protect|p2a: Ferrothorn
|-singleturn|p2a: Ferrothorn|Protect
|move|p1a: Victini|Searing Shot|p2a: Ferrothorn
|-activate|p2a: Ferrothorn|move: Protect
|
|-weather|none
|-damage|p1a: Victini|64/100|[from] Leech Seed|[of] p2a: Ferrothorn
|upkeep
|turn|18
|
|t:|1641786834
|switch|p2a: Tyranitar|Tyranitar, M|55/100 tox
|-weather|Sandstorm|[from] ability: Sand Stream|[of] p2a: Tyranitar
|move|p1a: Victini|Searing Shot|p2a: Tyranitar
|-resisted|p2a: Tyranitar
|-damage|p2a: Tyranitar|47/100 tox
|
|-weather|Sandstorm|[upkeep]
|-damage|p1a: Victini|58/100|[from] Sandstorm
|-heal|p2a: Tyranitar|53/100 tox|[from] item: Leftovers
|-damage|p1a: Victini|45/100|[from] Leech Seed|[of] p2a: Tyranitar
|-heal|p2a: Tyranitar|63/100 tox|[silent]
|-damage|p2a: Tyranitar|57/100 tox|[from] psn
|upkeep
|turn|19
|
|t:|1641786860
|switch|p1a: Tapu Koko|Tapu Koko|16/100 psn
|-fieldstart|move: Electric Terrain|[from] ability: Electric Surge|[of] p1a: Tapu Koko
|move|p2a: Tyranitar|Smack Down|p1a: Tapu Koko
|-damage|p1a: Tapu Koko|0 fnt
|faint|p1a: Tapu Koko
|
|-weather|Sandstorm|[upkeep]
|-heal|p2a: Tyranitar|63/100 tox|[from] item: Leftovers
|-damage|p2a: Tyranitar|51/100 tox|[from] psn
|upkeep
|
|t:|1641786868
|switch|p1a: Rillaboom|Rillaboom, F|100/100
|-fieldstart|move: Grassy Terrain|[from] ability: Grassy Surge|[of] p1a: Rillaboom
|turn|20
|
|t:|1641786876
|switch|p2a: Corviknight|Corviknight, F|100/100
|-ability|p2a: Corviknight|Pressure
|move|p1a: Rillaboom|Knock Off|p2a: Corviknight
|-damage|p2a: Corviknight|71/100
|-enditem|p2a: Corviknight|Leftovers|[from] move: Knock Off|[of] p1a: Rillaboom
|-damage|p1a: Rillaboom|91/100|[from] item: Life Orb
|
|-weather|Sandstorm|[upkeep]
|-damage|p1a: Rillaboom|85/100|[from] Sandstorm
|-heal|p1a: Rillaboom|91/100|[from] Grassy Terrain
|upkeep
|turn|21
|
|t:|1641786887
|switch|p1a: Victini|Victini|45/100
|move|p2a: Corviknight|Roost|p2a: Corviknight
|-heal|p2a: Corviknight|100/100
|-singleturn|p2a: Corviknight|move: Roost
|
|-weather|Sandstorm|[upkeep]
|-damage|p1a: Victini|39/100|[from] Sandstorm
|-heal|p1a: Victini|45/100|[from] Grassy Terrain
|upkeep
|turn|22
|
|t:|1641786895
|switch|p2a: Toxapex|Toxapex, M|100/100
|move|p1a: Victini|Searing Shot|p2a: Toxapex
|-resisted|p2a: Toxapex
|-damage|p2a: Toxapex|87/100
|
|-weather|none
|-heal|p1a: Victini|51/100|[from] Grassy Terrain
|-heal|p2a: Toxapex|93/100|[from] Grassy Terrain
|-heal|p2a: Toxapex|99/100|[from] item: Black Sludge
|upkeep
|turn|23
|
|t:|1641786900
|move|p1a: Victini|Expanding Force|p2a: Toxapex
|-supereffective|p2a: Toxapex
|-damage|p2a: Toxapex|56/100
|move|p2a: Toxapex|Toxic Spikes|p1a: Victini
|-sidestart|p1: jorgeviera|move: Toxic Spikes
|
|-heal|p1a: Victini|58/100|[from] Grassy Terrain
|-heal|p2a: Toxapex|62/100|[from] Grassy Terrain
|-heal|p2a: Toxapex|68/100|[from] item: Black Sludge
|upkeep
|turn|24
|
|t:|1641786904
|switch|p2a: Tyranitar|Tyranitar, M|51/100 tox
|-weather|Sandstorm|[from] ability: Sand Stream|[of] p2a: Tyranitar
|move|p1a: Victini|Expanding Force|p2a: Tyranitar
|-immune|p2a: Tyranitar
|
|-weather|Sandstorm|[upkeep]
|-damage|p1a: Victini|51/100|[from] Sandstorm
|-heal|p1a: Victini|58/100|[from] Grassy Terrain
|-heal|p2a: Tyranitar|57/100 tox|[from] Grassy Terrain
|-heal|p2a: Tyranitar|63/100 tox|[from] item: Leftovers
|-damage|p2a: Tyranitar|57/100 tox|[from] psn
|-fieldend|move: Grassy Terrain
|upkeep
|turn|25
|
|t:|1641786908
|move|p1a: Victini|Energy Ball|p2a: Tyranitar
|-supereffective|p2a: Tyranitar
|-damage|p2a: Tyranitar|36/100 tox
|move|p2a: Tyranitar|Crunch|p1a: Victini
|-supereffective|p1a: Victini
|-damage|p1a: Victini|0 fnt
|faint|p1a: Victini
|
|-weather|Sandstorm|[upkeep]
|-heal|p2a: Tyranitar|42/100 tox|[from] item: Leftovers
|-damage|p2a: Tyranitar|29/100 tox|[from] psn
|upkeep
|
|t:|1641786918
|switch|p1a: Rillaboom|Rillaboom, F|91/100
|-status|p1a: Rillaboom|psn
|-fieldstart|move: Grassy Terrain|[from] ability: Grassy Surge|[of] p1a: Rillaboom
|turn|26
|
|t:|1641786922
|switch|p2a: Corviknight|Corviknight, F|100/100
|-ability|p2a: Corviknight|Pressure
|move|p1a: Rillaboom|Grassy Glide|p2a: Corviknight
|-resisted|p2a: Corviknight
|-damage|p2a: Corviknight|91/100
|-damage|p1a: Rillaboom|81/100 psn|[from] item: Life Orb
|
|-weather|Sandstorm|[upkeep]
|-damage|p1a: Rillaboom|75/100 psn|[from] Sandstorm
|-heal|p1a: Rillaboom|81/100 psn|[from] Grassy Terrain
|-damage|p1a: Rillaboom|68/100 psn|[from] psn
|upkeep
|turn|27
|
|t:|1641786927
|switch|p1a: Tapu Lele|Tapu Lele|100/100
|-status|p1a: Tapu Lele|psn
|-fieldstart|move: Psychic Terrain|[from] ability: Psychic Surge|[of] p1a: Tapu Lele
|move|p2a: Corviknight|Brave Bird|p1a: Tapu Lele
|-damage|p1a: Tapu Lele|55/100 psn
|-damage|p2a: Corviknight|79/100|[from] Recoil
|
|-weather|Sandstorm|[upkeep]
|-damage|p1a: Tapu Lele|49/100 psn|[from] Sandstorm
|-damage|p1a: Tapu Lele|37/100 psn|[from] psn
|upkeep
|turn|28
|
|t:|1641786932
|switch|p2a: Golurk|Golurk|100/100
|move|p1a: Tapu Lele|Thunderbolt|p2a: Golurk
|-immune|p2a: Golurk
|
|-weather|none
|-damage|p1a: Tapu Lele|24/100 psn|[from] psn
|upkeep
|turn|29
|
|t:|1641786943
|move|p1a: Tapu Lele|Moonblast|p2a: Golurk
|-damage|p2a: Golurk|33/100
|move|p2a: Golurk|Trick|p1a: Tapu Lele
|-activate|p2a: Golurk|move: Trick|[of] p1a: Tapu Lele
|-item|p1a: Tapu Lele|Assault Vest|[from] move: Trick
|-item|p2a: Golurk|Assault Vest|[from] move: Trick
|
|-damage|p1a: Tapu Lele|12/100 psn|[from] psn
|upkeep
|turn|30
|
|t:|1641786955
|switch|p2a: Ferrothorn|Ferrothorn, M|100/100
|move|p1a: Tapu Lele|Moonblast|p2a: Ferrothorn
|-resisted|p2a: Ferrothorn
|-damage|p2a: Ferrothorn|80/100
|
|-heal|p2a: Ferrothorn|86/100|[from] item: Leftovers
|-damage|p1a: Tapu Lele|0 fnt|[from] psn
|faint|p1a: Tapu Lele
|upkeep
|
|t:|1641786963
|switch|p1a: Weavile|Weavile, M|100/100
|-status|p1a: Weavile|psn
|-ability|p1a: Weavile|Pressure
|turn|31
|
|t:|1641786966
|move|p1a: Weavile|Knock Off|p2a: Ferrothorn
|-damage|p2a: Ferrothorn|56/100
|-damage|p1a: Weavile|88/100 psn|[from] ability: Iron Barbs|[of] p2a: Ferrothorn
|-enditem|p2a: Ferrothorn|Leftovers|[from] move: Knock Off|[of] p1a: Weavile
|move|p2a: Ferrothorn|Gyro Ball|p1a: Weavile
|-supereffective|p1a: Weavile
|-damage|p1a: Weavile|0 fnt
|faint|p1a: Weavile
|
|-fieldend|move: Psychic Terrain
|upkeep
|
|t:|1641786974
|switch|p1a: Rillaboom|Rillaboom, F|68/100 psn
|-fieldstart|move: Grassy Terrain|[from] ability: Grassy Surge|[of] p1a: Rillaboom
|turn|32
|
|t:|1641786977
|move|p1a: Rillaboom|Superpower|p2a: Ferrothorn
|-supereffective|p2a: Ferrothorn
|-damage|p2a: Ferrothorn|0 fnt
|-unboost|p1a: Rillaboom|atk|1
|-unboost|p1a: Rillaboom|def|1
|-damage|p1a: Rillaboom|56/100 psn|[from] ability: Iron Barbs|[of] p2a: Ferrothorn
|faint|p2a: Ferrothorn
|-damage|p1a: Rillaboom|46/100 psn|[from] item: Life Orb
|
|-heal|p1a: Rillaboom|52/100 psn|[from] Grassy Terrain
|-damage|p1a: Rillaboom|40/100 psn|[from] psn
|upkeep
|
|t:|1641786983
|switch|p2a: Corviknight|Corviknight, F|79/100
|-ability|p2a: Corviknight|Pressure
|turn|33
|
|t:|1641786989
|move|p1a: Rillaboom|Superpower|p2a: Corviknight
|-damage|p2a: Corviknight|57/100
|-unboost|p1a: Rillaboom|atk|1
|-unboost|p1a: Rillaboom|def|1
|-damage|p1a: Rillaboom|30/100 psn|[from] item: Life Orb
|move|p2a: Corviknight|Brave Bird|p1a: Rillaboom
|-supereffective|p1a: Rillaboom
|-damage|p1a: Rillaboom|0 fnt
|faint|p1a: Rillaboom
|-damage|p2a: Corviknight|48/100|[from] Recoil
|
|win|Mystery Exile
|raw|jorgeviera's rating: 1497 &rarr; <strong>1474</strong><br />(-23 for losing)
|raw|Mystery Exile's rating: 1445 &rarr; <strong>1468</strong><br />(+23 for winning)
|l|☆jorgeviera
