|j|☆ghostgamer242
|j|☆TrueChaosGamer1
|t:|1641818505
|gametype|singles
|player|p1|ghostgamer242|101|1046
|player|p2|TrueChaosGamer1|1|1000
|teamsize|p1|3
|teamsize|p2|6
|gen|8
|tier|[Gen 8] OU
|rated|
|rule|Sleep Clause Mod: Limit one foe put to sleep
|rule|Species Clause: Limit one of each Pokémon
|rule|OHKO Clause: OHKO moves are banned
|rule|Evasion Moves Clause: Evasion moves are banned
|rule|Endless Battle Clause: Forcing endless battles is banned
|rule|HP Percentage Mod: HP is shown in percentages
|rule|Dynamax Clause: You cannot dynamax
|clearpoke
|poke|p1|Lurantis, M|
|poke|p1|Regieleki|
|poke|p1|Heatran, F|
|poke|p2|Ferrothorn, M|
|poke|p2|Clefable, M|
|poke|p2|Lucario, F|
|poke|p2|Toxapex, F|
|poke|p2|Dragapult, M|
|poke|p2|Rillaboom, M|
|teampreview
|
|t:|1641818512
|start
|switch|p1a: Lurantis|Lurantis, M|100/100
|switch|p2a: Ferrothorn|Ferrothorn, M|100/100
|turn|1
|inactive|Battle timer is ON: inactive players will automatically lose when time's up. (requested by ghostgamer242)
|
|t:|1641818520
|move|p1a: Lurantis|Superpower|p2a: Ferrothorn
|-supereffective|p2a: Ferrothorn
|-damage|p2a: Ferrothorn|50/100
|-boost|p1a: Lurantis|atk|1
|-boost|p1a: Lurantis|def|1
|-damage|p1a: Lurantis|88/100|[from] ability: Iron Barbs|[of] p2a: Ferrothorn
|-damage|p1a: Lurantis|78/100|[from] item: Life Orb
|move|p2a: Ferrothorn|Stealth Rock|p1a: Lurantis
|-sidestart|p1: ghostgamer242|move: Stealth Rock
|
|-heal|p2a: Ferrothorn|56/100|[from] item: Leftovers
|upkeep
|turn|2
|
|t:|1641818535
|move|p1a: Lurantis|Superpower|p2a: Ferrothorn
|-supereffective|p2a: Ferrothorn
|-damage|p2a: Ferrothorn|0 fnt
|-boost|p1a: Lurantis|atk|1
|-boost|p1a: Lurantis|def|1
|-damage|p1a: Lurantis|66/100|[from] ability: Iron Barbs|[of] p2a: Ferrothorn
|faint|p2a: Ferrothorn
|-damage|p1a: Lurantis|56/100|[from] item: Life Orb
|
|upkeep
|
|t:|1641818545
|switch|p2a: Clefable|Clefable, M|100/100
|turn|3
|
|t:|1641818556
|move|p1a: Lurantis|Leaf Blade|p2a: Clefable
|-crit|p2a: Clefable
|-enditem|p2a: Clefable|Focus Sash
|-damage|p2a: Clefable|1/100
|-damage|p1a: Lurantis|46/100|[from] item: Life Orb
|move|p2a: Clefable|Belly Drum||[still]
|-fail|p2a: Clefable
|
|upkeep
|turn|4
|
|t:|1641818568
|move|p1a: Lurantis|Leaf Blade|p2a: Clefable
|-damage|p2a: Clefable|0 fnt
|faint|p2a: Clefable
|-damage|p1a: Lurantis|36/100|[from] item: Life Orb
|
|upkeep
|
|t:|1641818575
|switch|p2a: Lucario|Lucario, F|100/100
|turn|5
|
|t:|1641818582
|move|p2a: Lucario|Drain Punch|p1a: Lurantis
|-damage|p1a: Lurantis|10/100
|move|p1a: Lurantis|Rest|p1a: Lurantis
|-status|p1a: Lurantis|slp|[from] move: Rest
|-heal|p1a: Lurantis|100/100 slp|[silent]
|
|upkeep
|turn|6
|
|t:|1641818595
|switch|p2a: Toxapex|Toxapex, F|100/100
|cant|p1a: Lurantis|slp
|move|p1a: Lurantis|Sleep Talk|p1a: Lurantis
|move|p1a: Lurantis|Leaf Blade|p2a: Toxapex|[from]move: Sleep Talk
|-damage|p2a: Toxapex|39/100
|-damage|p1a: Lurantis|91/100 slp|[from] item: Life Orb
|
|-heal|p2a: Toxapex|45/100|[from] item: Black Sludge
|upkeep
|turn|7
|
|t:|1641818614
|move|p2a: Toxapex|Baneful Bunker|p2a: Toxapex
|-singleturn|p2a: Toxapex|move: Protect
|cant|p1a: Lurantis|slp
|move|p1a: Lurantis|Sleep Talk|p1a: Lurantis
|move|p1a: Lurantis|Rest||[from]move: Sleep Talk|[still]
|-fail|p1a: Lurantis
|
|-heal|p2a: Toxapex|51/100|[from] item: Black Sludge
|upkeep
|turn|8
|
|t:|1641818637
|move|p2a: Toxapex|Baneful Bunker||[still]
|-fail|p2a: Toxapex
|-curestatus|p1a: Lurantis|slp|[msg]
|move|p1a: Lurantis|Leaf Blade|p2a: Toxapex
|-damage|p2a: Toxapex|0 fnt
|faint|p2a: Toxapex
|-damage|p1a: Lurantis|81/100|[from] item: Life Orb
|
|upkeep
|inactive|TrueChaosGamer1 has 120 seconds left.
|c|☆TrueChaosGamer1|First game isnt going as planned 😅
|
|t:|1641818666
|switch|p2a: Dragapult|Dragapult, M|100/100
|turn|9
|
|t:|1641818670
|move|p2a: Dragapult|Dragon Dance|p2a: Dragapult
|-boost|p2a: Dragapult|atk|1
|-boost|p2a: Dragapult|spe|1
|move|p1a: Lurantis|Leaf Blade|p2a: Dragapult
|-resisted|p2a: Dragapult
|-crit|p2a: Dragapult
|-damage|p2a: Dragapult|0 fnt
|faint|p2a: Dragapult
|-damage|p1a: Lurantis|71/100|[from] item: Life Orb
|
|upkeep
|c|☆ghostgamer242|This is my test team lmao
|
|t:|1641818683
|switch|p2a: Rillaboom|Rillaboom, M, shiny|100/100
|turn|10
|c|☆ghostgamer242|its a first draft
|
|t:|1641818702
|move|p2a: Rillaboom|Drum Beating|p1a: Lurantis
|-resisted|p1a: Lurantis
|-damage|p1a: Lurantis|54/100
|-boost|p1a: Lurantis|spe|1
|-damage|p2a: Rillaboom|91/100|[from] item: Life Orb
|move|p1a: Lurantis|Superpower|p2a: Rillaboom
|-damage|p2a: Rillaboom|0 fnt
|-boost|p1a: Lurantis|atk|1
|-boost|p1a: Lurantis|def|1
|faint|p2a: Rillaboom
|-damage|p1a: Lurantis|44/100|[from] item: Life Orb
|
|upkeep
|c|☆TrueChaosGamer1|Seems to be working 😁
|
|t:|1641818722
|switch|p2a: Lucario|Lucario, F|100/100
|turn|11
|c|☆ghostgamer242|Lmao
|c|☆ghostgamer242|gg
|
|t:|1641818732
|move|p2a: Lucario|Extreme Speed|p1a: Lurantis
|-damage|p1a: Lurantis|30/100
|move|p1a: Lurantis|Superpower|p2a: Lucario
|-supereffective|p2a: Lucario
|-damage|p2a: Lucario|0 fnt
|-boost|p1a: Lurantis|atk|1
|-boost|p1a: Lurantis|def|1
|faint|p2a: Lucario
|-damage|p1a: Lurantis|20/100|[from] item: Life Orb
|
|win|ghostgamer242
|raw|ghostgamer242's rating: 1046 &rarr; <strong>1075</strong><br />(+29 for winning)
|raw|TrueChaosGamer1's rating: 1000 &rarr; <strong>1000</strong><br />(+0 for losing)
|c|☆TrueChaosGamer1|Gg
