|j|☆So so so bad
|j|☆d18l
|t:|1641699213
|gametype|singles
|player|p1|So so so bad|1|1631
|player|p2|d18l|backpacker|1737
|teamsize|p1|6
|teamsize|p2|6
|gen|8
|tier|[Gen 8] OU
|rated|
|rule|Sleep Clause Mod: Limit one foe put to sleep
|rule|Species Clause: Limit one of each Pokémon
|rule|OHKO Clause: OHKO moves are banned
|rule|Evasion Moves Clause: Evasion moves are banned
|rule|Endless Battle Clause: Forcing endless battles is banned
|rule|HP Percentage Mod: HP is shown in percentages
|rule|Dynamax Clause: You cannot dynamax
|clearpoke
|poke|p1|Primarina, F|
|poke|p1|Dragonite, F|
|poke|p1|Hatterene, F|
|poke|p1|Heatran, F|
|poke|p1|Blacephalon|
|poke|p1|Landorus-Therian, M|
|poke|p2|Weavile, M|
|poke|p2|Tapu Lele|
|poke|p2|Heatran, F|
|poke|p2|Landorus-Therian, M|
|poke|p2|Ferrothorn, F|
|poke|p2|Zapdos|
|teampreview
|inactive|Battle timer is ON: inactive players will automatically lose when time's up. (requested by So so so bad)
|j| georgiethefirst
|inactive|d18l has 120 seconds left.
|
|t:|1641699299
|start
|switch|p1a: Primarina|Primarina, F|100/100
|switch|p2a: Weavile|Weavile, M|100/100
|-ability|p2a: Weavile|Pressure
|turn|1
|
|t:|1641699308
|switch|p2a: Ferrothorn|Ferrothorn, F|100/100
|move|p1a: Primarina|Scald|p2a: Ferrothorn
|-resisted|p2a: Ferrothorn
|-damage|p2a: Ferrothorn|87/100
|-status|p2a: Ferrothorn|brn
|
|-heal|p2a: Ferrothorn|93/100 brn|[from] item: Leftovers
|-damage|p2a: Ferrothorn|87/100 brn|[from] brn
|upkeep
|turn|2
|
|t:|1641699318
|move|p1a: Primarina|Substitute|p1a: Primarina
|-start|p1a: Primarina|Substitute
|-damage|p1a: Primarina|76/100
|move|p2a: Ferrothorn|Power Whip|p1a: Primarina
|-supereffective|p1a: Primarina
|-end|p1a: Primarina|Substitute
|
|-heal|p1a: Primarina|82/100|[from] item: Leftovers
|-heal|p2a: Ferrothorn|93/100 brn|[from] item: Leftovers
|-damage|p2a: Ferrothorn|87/100 brn|[from] brn
|upkeep
|turn|3
|j| dieMoldau
|j| from you
|inactive|d18l has 120 seconds left.
|
|t:|1641699363
|switch|p1a: Heatran|Heatran, F|100/100
|move|p2a: Ferrothorn|Power Whip|p1a: Heatran|[miss]
|-miss|p2a: Ferrothorn|p1a: Heatran
|
|-heal|p2a: Ferrothorn|93/100 brn|[from] item: Leftovers
|-damage|p2a: Ferrothorn|87/100 brn|[from] brn
|upkeep
|turn|4
|
|t:|1641699374
|switch|p2a: Landorus|Landorus-Therian, M|100/100
|-ability|p2a: Landorus|Intimidate|boost
|-unboost|p1a: Heatran|atk|1
|move|p1a: Heatran|Stealth Rock|p2a: Landorus
|-sidestart|p2: d18l|move: Stealth Rock
|
|upkeep
|turn|5
|inactive|d18l has 120 seconds left.
|
|t:|1641699387
|move|p2a: Landorus|Earthquake|p1a: Heatran
|-supereffective|p1a: Heatran
|-damage|p1a: Heatran|0 fnt
|faint|p1a: Heatran
|
|upkeep
|c| from you|nice move
|j| miotu
|l| miotu
|raw|<div class="broadcast-red"><strong>Moderated chat was set to +!</strong><br />Only users of rank + and higher can talk.</div>
|
|t:|1641699405
|switch|p1a: Primarina|Primarina, F|82/100
|turn|6
|
|t:|1641699410
|switch|p2a: Ferrothorn|Ferrothorn, F|87/100 brn
|-damage|p2a: Ferrothorn|80/100 brn|[from] Stealth Rock
|move|p1a: Primarina|Scald|p2a: Ferrothorn
|-resisted|p2a: Ferrothorn
|-damage|p2a: Ferrothorn|66/100 brn
|
|-heal|p1a: Primarina|88/100|[from] item: Leftovers
|-heal|p2a: Ferrothorn|72/100 brn|[from] item: Leftovers
|-damage|p2a: Ferrothorn|66/100 brn|[from] brn
|upkeep
|turn|7
|
|t:|1641699425
|switch|p1a: Hatterene|Hatterene, F|100/100
|move|p2a: Ferrothorn|Power Whip|p1a: Hatterene
|-damage|p1a: Hatterene|86/100
|
|-heal|p1a: Hatterene|92/100|[from] item: Leftovers
|-heal|p2a: Ferrothorn|72/100 brn|[from] item: Leftovers
|-damage|p2a: Ferrothorn|66/100 brn|[from] brn
|upkeep
|turn|8
|
|t:|1641699438
|switch|p1a: Dragonite|Dragonite, F|100/100
|switch|p2a: Heatran|Heatran, F|100/100
|-damage|p2a: Heatran|88/100|[from] Stealth Rock
|
|-heal|p2a: Heatran|94/100|[from] item: Leftovers
|upkeep
|turn|9
|
|t:|1641699447
|switch|p2a: Zapdos|Zapdos|100/100
|move|p1a: Dragonite|Earthquake|p2a: Zapdos
|-immune|p2a: Zapdos
|
|upkeep
|turn|10
|
|t:|1641699459
|switch|p1a: Landorus|Landorus-Therian, M|100/100
|-ability|p1a: Landorus|Intimidate|boost
|-unboost|p2a: Zapdos|atk|1
|move|p2a: Zapdos|Defog|p1a: Landorus
|-unboost|p1a: Landorus|evasion|1
|-sideend|p2: d18l|Stealth Rock|[from] move: Defog|[of] p2a: Zapdos
|
|upkeep
|turn|11
|
|t:|1641699471
|move|p1a: Landorus|Toxic|p2a: Zapdos
|-status|p2a: Zapdos|tox
|move|p2a: Zapdos|Hurricane|p1a: Landorus
|-damage|p1a: Landorus|42/100
|
|-heal|p1a: Landorus|48/100|[from] item: Leftovers
|-damage|p2a: Zapdos|94/100 tox|[from] psn
|upkeep
|turn|12
|
|t:|1641699480
|move|p1a: Landorus|U-turn|p2a: Zapdos
|-resisted|p2a: Zapdos
|-damage|p2a: Zapdos|84/100 tox
|-status|p1a: Landorus|par|[from] ability: Static|[of] p2a: Zapdos
|
|t:|1641699488
|switch|p1a: Dragonite|Dragonite, F|100/100|[from]move: U-turn
|move|p2a: Zapdos|Hurricane|p1a: Dragonite
|-damage|p1a: Dragonite|76/100
|-start|p1a: Dragonite|confusion
|
|-damage|p2a: Zapdos|72/100 tox|[from] psn
|upkeep
|turn|13
|
|t:|1641699497
|switch|p2a: Weavile|Weavile, M|100/100
|-ability|p2a: Weavile|Pressure
|-activate|p1a: Dragonite|confusion
|-damage|p1a: Dragonite|59/100|[from] confusion
|
|upkeep
|turn|14
|
|t:|1641699505
|switch|p1a: Primarina|Primarina, F|88/100
|move|p2a: Weavile|Triple Axel|p1a: Primarina
|-resisted|p1a: Primarina
|-damage|p1a: Primarina|82/100
|-resisted|p1a: Primarina
|-damage|p1a: Primarina|69/100
|-resisted|p1a: Primarina
|-damage|p1a: Primarina|51/100
|-hitcount|p1a: Primarina|3
|
|-heal|p1a: Primarina|57/100|[from] item: Leftovers
|upkeep
|turn|15
|
|t:|1641699520
|switch|p2a: Ferrothorn|Ferrothorn, F|66/100 brn
|switch|p1a: Dragonite|Dragonite, F|59/100
|
|-heal|p2a: Ferrothorn|72/100 brn|[from] item: Leftovers
|-damage|p2a: Ferrothorn|66/100 brn|[from] brn
|upkeep
|turn|16
|
|t:|1641699528
|switch|p2a: Zapdos|Zapdos|72/100 tox
|move|p1a: Dragonite|Fire Blast|p2a: Zapdos
|-damage|p2a: Zapdos|47/100 tox
|
|-damage|p2a: Zapdos|41/100 tox|[from] psn
|upkeep
|turn|17
|
|t:|1641699549
|switch|p2a: Tapu Lele|Tapu Lele|100/100
|-fieldstart|move: Psychic Terrain|[from] ability: Psychic Surge|[of] p2a: Tapu Lele
|move|p1a: Dragonite|Fire Blast|p2a: Tapu Lele|[miss]
|-miss|p1a: Dragonite|p2a: Tapu Lele
|
|upkeep
|turn|18
|inactive|So so so bad has 120 seconds left.
|
|t:|1641699570
|switch|p1a: Blacephalon|Blacephalon|100/100
|move|p2a: Tapu Lele|Moonblast|p1a: Blacephalon
|-resisted|p1a: Blacephalon
|-damage|p1a: Blacephalon|53/100
|-unboost|p1a: Blacephalon|spa|1
|
|upkeep
|turn|19
|
|t:|1641699578
|switch|p2a: Landorus|Landorus-Therian, M|100/100
|-ability|p2a: Landorus|Intimidate|boost
|-unboost|p1a: Blacephalon|atk|1
|move|p1a: Blacephalon|Shadow Ball|p2a: Landorus
|-damage|p2a: Landorus|75/100
|
|-heal|p2a: Landorus|81/100|[from] item: Leftovers
|upkeep
|turn|20
|
|t:|1641699589
|switch|p1a: Landorus|Landorus-Therian, M|48/100 par
|-ability|p1a: Landorus|Intimidate|boost
|-unboost|p2a: Landorus|atk|1
|move|p2a: Landorus|U-turn|p1a: Landorus
|-resisted|p1a: Landorus
|-crit|p1a: Landorus
|-damage|p1a: Landorus|28/100 par
|
|t:|1641699592
|switch|p2a: Weavile|Weavile, M|100/100|[from]move: U-turn
|-ability|p2a: Weavile|Pressure
|
|-heal|p1a: Landorus|34/100 par|[from] item: Leftovers
|upkeep
|turn|21
|
|t:|1641699601
|switch|p1a: Primarina|Primarina, F|57/100
|move|p2a: Weavile|Knock Off|p1a: Primarina
|-resisted|p1a: Primarina
|-damage|p1a: Primarina|26/100
|-enditem|p1a: Primarina|Leftovers|[from] move: Knock Off|[of] p2a: Weavile
|
|-fieldend|move: Psychic Terrain
|upkeep
|turn|22
|
|t:|1641699616
|switch|p2a: Ferrothorn|Ferrothorn, F|66/100 brn
|move|p1a: Primarina|Draining Kiss|p2a: Ferrothorn
|-resisted|p2a: Ferrothorn
|-damage|p2a: Ferrothorn|57/100 brn
|-heal|p1a: Primarina|33/100|[from] drain|[of] p2a: Ferrothorn
|-damage|p1a: Primarina|20/100|[from] ability: Iron Barbs|[of] p2a: Ferrothorn
|
|-heal|p2a: Ferrothorn|64/100 brn|[from] item: Leftovers
|-damage|p2a: Ferrothorn|57/100 brn|[from] brn
|upkeep
|turn|23
|
|t:|1641699627
|switch|p1a: Hatterene|Hatterene, F|92/100
|move|p2a: Ferrothorn|Power Whip|p1a: Hatterene|[miss]
|-miss|p2a: Ferrothorn|p1a: Hatterene
|
|-heal|p1a: Hatterene|98/100|[from] item: Leftovers
|-heal|p2a: Ferrothorn|64/100 brn|[from] item: Leftovers
|-damage|p2a: Ferrothorn|57/100 brn|[from] brn
|upkeep
|turn|24
|
|t:|1641699643
|switch|p1a: Dragonite|Dragonite, F|59/100
|switch|p2a: Heatran|Heatran, F|94/100
|
|-heal|p2a: Heatran|100/100|[from] item: Leftovers
|upkeep
|turn|25
|
|t:|1641699651
|switch|p2a: Tapu Lele|Tapu Lele|100/100
|-fieldstart|move: Psychic Terrain|[from] ability: Psychic Surge|[of] p2a: Tapu Lele
|move|p1a: Dragonite|Earthquake|p2a: Tapu Lele
|-damage|p2a: Tapu Lele|44/100
|
|upkeep
|turn|26
|
|t:|1641699660
|switch|p1a: Primarina|Primarina, F|20/100
|move|p2a: Tapu Lele|Moonblast|p1a: Primarina
|-damage|p1a: Primarina|0 fnt
|faint|p1a: Primarina
|
|upkeep
|
|t:|1641699667
|switch|p1a: Blacephalon|Blacephalon|53/100
|turn|27
|
|t:|1641699672
|switch|p2a: Landorus|Landorus-Therian, M|81/100
|-ability|p2a: Landorus|Intimidate|boost
|-unboost|p1a: Blacephalon|atk|1
|move|p1a: Blacephalon|Shadow Ball|p2a: Landorus
|-damage|p2a: Landorus|41/100
|
|-heal|p2a: Landorus|47/100|[from] item: Leftovers
|upkeep
|turn|28
|
|t:|1641699681
|switch|p1a: Dragonite|Dragonite, F|59/100
|move|p2a: Landorus|U-turn|p1a: Dragonite
|-resisted|p1a: Dragonite
|-damage|p1a: Dragonite|44/100
|
|t:|1641699686
|switch|p2a: Tapu Lele|Tapu Lele|44/100|[from]move: U-turn
|
|upkeep
|turn|29
|
|t:|1641699696
|move|p2a: Tapu Lele|Moonblast|p1a: Dragonite
|-supereffective|p1a: Dragonite
|-damage|p1a: Dragonite|0 fnt
|faint|p1a: Dragonite
|
|-fieldend|move: Psychic Terrain
|upkeep
|
|t:|1641699701
|switch|p1a: Blacephalon|Blacephalon|53/100
|turn|30
|
|t:|1641699716
|switch|p2a: Landorus|Landorus-Therian, M|47/100
|-ability|p2a: Landorus|Intimidate|boost
|-unboost|p1a: Blacephalon|atk|1
|move|p1a: Blacephalon|Shadow Ball|p2a: Landorus
|-damage|p2a: Landorus|9/100
|-unboost|p2a: Landorus|spd|1
|
|-heal|p2a: Landorus|15/100|[from] item: Leftovers
|upkeep
|turn|31
|
|t:|1641699727
|switch|p2a: Weavile|Weavile, M|100/100
|-ability|p2a: Weavile|Pressure
|move|p1a: Blacephalon|Shadow Ball|p2a: Weavile
|-resisted|p2a: Weavile
|-damage|p2a: Weavile|67/100
|
|upkeep
|turn|32
|
|t:|1641699738
|switch|p1a: Landorus|Landorus-Therian, M|34/100 par
|-ability|p1a: Landorus|Intimidate|boost
|-unboost|p2a: Weavile|atk|1
|move|p2a: Weavile|Knock Off|p1a: Landorus
|-damage|p1a: Landorus|0 fnt
|-enditem|p1a: Landorus|Leftovers|[from] move: Knock Off|[of] p2a: Weavile
|faint|p1a: Landorus
|
|upkeep
|
|t:|1641699747
|switch|p1a: Hatterene|Hatterene, F|98/100
|turn|33
|
|t:|1641699752
|switch|p2a: Heatran|Heatran, F|100/100
|move|p1a: Hatterene|Calm Mind|p1a: Hatterene
|-boost|p1a: Hatterene|spa|1
|-boost|p1a: Hatterene|spd|1
|
|-heal|p1a: Hatterene|100/100|[from] item: Leftovers
|upkeep
|turn|34
|
|t:|1641699759
|move|p2a: Heatran|Magma Storm|p1a: Hatterene|[miss]
|-miss|p2a: Heatran|p1a: Hatterene
|move|p1a: Hatterene|Calm Mind|p1a: Hatterene
|-boost|p1a: Hatterene|spa|1
|-boost|p1a: Hatterene|spd|1
|
|upkeep
|turn|35
|
|t:|1641699767
|move|p2a: Heatran|Magma Storm|p1a: Hatterene
|-damage|p1a: Hatterene|79/100
|-activate|p1a: Hatterene|move: Magma Storm|[of] p2a: Heatran
|move|p1a: Hatterene|Psyshock|p2a: Heatran
|-resisted|p2a: Heatran
|-damage|p2a: Heatran|71/100
|
|-heal|p2a: Heatran|77/100|[from] item: Leftovers
|-heal|p1a: Hatterene|85/100|[from] item: Leftovers
|-damage|p1a: Hatterene|73/100|[from] move: Magma Storm|[partiallytrapped]
|upkeep
|turn|36
|
|t:|1641699777
|move|p2a: Heatran|Heavy Slam|p1a: Hatterene
|-supereffective|p1a: Hatterene
|-damage|p1a: Hatterene|16/100
|move|p1a: Hatterene|Psyshock|p2a: Heatran
|-resisted|p2a: Heatran
|-damage|p2a: Heatran|49/100
|
|-heal|p2a: Heatran|55/100|[from] item: Leftovers
|-heal|p1a: Hatterene|22/100|[from] item: Leftovers
|-damage|p1a: Hatterene|10/100|[from] move: Magma Storm|[partiallytrapped]
|upkeep
|turn|37
|
|t:|1641699787
|move|p2a: Heatran|Heavy Slam|p1a: Hatterene
|-supereffective|p1a: Hatterene
|-damage|p1a: Hatterene|0 fnt
|faint|p1a: Hatterene
|
|-heal|p2a: Heatran|61/100|[from] item: Leftovers
|upkeep
|
|t:|1641699792
|switch|p1a: Blacephalon|Blacephalon|53/100
|turn|38
|
|t:|1641699795
|move|p1a: Blacephalon|Shadow Ball|p2a: Heatran
|-damage|p2a: Heatran|33/100
|move|p2a: Heatran|Earth Power|p1a: Blacephalon
|-supereffective|p1a: Blacephalon
|-damage|p1a: Blacephalon|0 fnt
|faint|p1a: Blacephalon
|
|win|d18l
|raw|So so so bad's rating: 1631 &rarr; <strong>1617</strong><br />(-14 for losing)
|raw|d18l's rating: 1737 &rarr; <strong>1751</strong><br />(+14 for winning)
|l|☆So so so bad
