|j|☆huntboom
|j|☆BackinMagenta
|t:|1641839407
|gametype|singles
|player|p1|huntboom|supernerd|1069
|player|p2|BackinMagenta|bellelba|1091
|teamsize|p1|6
|teamsize|p2|6
|gen|8
|tier|[Gen 8] OU
|rated|
|rule|Sleep Clause Mod: Limit one foe put to sleep
|rule|Species Clause: Limit one of each Pokémon
|rule|OHKO Clause: OHKO moves are banned
|rule|Evasion Moves Clause: Evasion moves are banned
|rule|Endless Battle Clause: Forcing endless battles is banned
|rule|HP Percentage Mod: HP is shown in percentages
|rule|Dynamax Clause: You cannot dynamax
|clearpoke
|poke|p1|Shedinja|
|poke|p1|Scizor, F|
|poke|p1|Volcarona, M|
|poke|p1|Galvantula, F|
|poke|p1|Xatu, M|
|poke|p1|Armaldo, F|
|poke|p2|Tyranitar, M|
|poke|p2|Stakataka|
|poke|p2|Thundurus-Therian, M|
|poke|p2|Buzzwole|
|poke|p2|Mew|
|poke|p2|Sylveon, M|
|teampreview
|inactive|Battle timer is ON: inactive players will automatically lose when time's up. (requested by BackinMagenta)
|
|t:|1641839413
|start
|switch|p1a: Galvantula|Galvantula, F|100/100
|switch|p2a: Jenga|Stakataka|100/100
|turn|1
|
|t:|1641839420
|switch|p1a: Xatu|Xatu, M|100/100
|move|p2a: Jenga|Rock Slide|p1a: Xatu
|-supereffective|p1a: Xatu
|-damage|p1a: Xatu|11/100
|
|-heal|p1a: Xatu|17/100|[from] item: Leftovers
|upkeep
|turn|2
|
|t:|1641839429
|switch|p1a: Armaldo|Armaldo, F|100/100
|move|p2a: Jenga|Gyro Ball|p1a: Armaldo
|-supereffective|p1a: Armaldo
|-damage|p1a: Armaldo|19/100
|
|upkeep
|turn|3
|
|t:|1641839436
|move|p1a: Armaldo|Aqua Jet|p2a: Jenga
|-supereffective|p2a: Jenga
|-damage|p2a: Jenga|87/100
|-damage|p1a: Armaldo|2/100|[from] item: Rocky Helmet|[of] p2a: Jenga
|move|p2a: Jenga|Heat Crash|p1a: Armaldo
|-damage|p1a: Armaldo|0 fnt
|faint|p1a: Armaldo
|-ability|p2a: Jenga|Beast Boost|boost
|-boost|p2a: Jenga|def|1
|
|upkeep
|
|t:|1641839445
|switch|p1a: Volcarona|Volcarona, M|100/100
|turn|4
|
|t:|1641839448
|move|p1a: Volcarona|Fiery Dance|p2a: Jenga
|-damage|p2a: Jenga|47/100
|-boost|p1a: Volcarona|spa|1
|move|p2a: Jenga|Rock Slide|p1a: Volcarona
|-supereffective|p1a: Volcarona
|-damage|p1a: Volcarona|0 fnt
|faint|p1a: Volcarona
|-ability|p2a: Jenga|Beast Boost|boost
|-boost|p2a: Jenga|def|1
|
|upkeep
|
|t:|1641839461
|switch|p1a: Galvantula|Galvantula, F|100/100
|turn|5
|
|t:|1641839467
|move|p1a: Galvantula|Thunder|p2a: Jenga
|-damage|p2a: Jenga|7/100
|-status|p2a: Jenga|par
|cant|p2a: Jenga|par
|
|upkeep
|turn|6
|
|t:|1641839474
|switch|p2a: Rolling Thunder|Thundurus-Therian, M|100/100
|move|p1a: Galvantula|Thunder|p2a: Rolling Thunder
|-immune|p2a: Rolling Thunder|[from] ability: Volt Absorb
|
|upkeep
|turn|7
|
|t:|1641839486
|switch|p2a: Menace|Tyranitar, M|100/100
|-weather|Sandstorm|[from] ability: Sand Stream|[of] p2a: Menace
|move|p1a: Galvantula|Sticky Web|p2a: Menace
|-sidestart|p2: BackinMagenta|move: Sticky Web
|
|-weather|Sandstorm|[upkeep]
|-damage|p1a: Galvantula|94/100|[from] Sandstorm
|upkeep
|turn|8
|
|t:|1641839496
|switch|p2a: Jenga|Stakataka|7/100 par
|-activate|p2a: Jenga|move: Sticky Web
|-unboost|p2a: Jenga|spe|1
|move|p1a: Galvantula|Thunder|p2a: Jenga
|-damage|p2a: Jenga|0 fnt
|faint|p2a: Jenga
|
|-weather|Sandstorm|[upkeep]
|-damage|p1a: Galvantula|88/100|[from] Sandstorm
|upkeep
|
|t:|1641839507
|switch|p2a: Rolling Thunder|Thundurus-Therian, M|100/100
|turn|9
|
|t:|1641839512
|move|p1a: Galvantula|Poison Jab|p2a: Rolling Thunder
|-damage|p2a: Rolling Thunder|76/100
|move|p2a: Rolling Thunder|Weather Ball|p1a: Galvantula
|-supereffective|p1a: Galvantula
|-damage|p1a: Galvantula|0 fnt
|faint|p1a: Galvantula
|
|-weather|Sandstorm|[upkeep]
|-damage|p2a: Rolling Thunder|70/100|[from] Sandstorm
|upkeep
|
|t:|1641839522
|switch|p1a: Scizor|Scizor, F|100/100
|turn|10
|
|t:|1641839526
|move|p2a: Rolling Thunder|Weather Ball|p1a: Scizor
|-damage|p1a: Scizor|31/100
|move|p1a: Scizor|Swords Dance|p1a: Scizor
|-boost|p1a: Scizor|atk|2
|
|-weather|Sandstorm|[upkeep]
|-damage|p2a: Rolling Thunder|64/100|[from] Sandstorm
|upkeep
|turn|11
|
|t:|1641839534
|move|p1a: Scizor|Bullet Punch|p2a: Rolling Thunder
|-resisted|p2a: Rolling Thunder
|-damage|p2a: Rolling Thunder|1/100
|move|p2a: Rolling Thunder|Weather Ball|p1a: Scizor
|-damage|p1a: Scizor|0 fnt
|faint|p1a: Scizor
|
|-weather|Sandstorm|[upkeep]
|-damage|p2a: Rolling Thunder|0 fnt|[from] Sandstorm
|faint|p2a: Rolling Thunder
|upkeep
|
|t:|1641839544
|switch|p2a: Pixie Power|Sylveon, M, shiny|100/100
|switch|p1a: Shedinja|Shedinja|100/100
|-activate|p2a: Pixie Power|move: Sticky Web
|-unboost|p2a: Pixie Power|spe|1
|turn|12
|
|t:|1641839551
|move|p1a: Shedinja|X-Scissor|p2a: Pixie Power
|-resisted|p2a: Pixie Power
|-damage|p2a: Pixie Power|77/100
|move|p2a: Pixie Power|Calm Mind|p2a: Pixie Power
|-boost|p2a: Pixie Power|spa|1
|-boost|p2a: Pixie Power|spd|1
|
|-weather|Sandstorm|[upkeep]
|-damage|p1a: Shedinja|0 fnt|[from] Sandstorm
|-damage|p2a: Pixie Power|71/100|[from] Sandstorm
|faint|p1a: Shedinja
|-heal|p2a: Pixie Power|77/100|[from] item: Leftovers
|upkeep
|-message|huntboom forfeited.
|
|win|BackinMagenta
|raw|huntboom's rating: 1069 &rarr; <strong>1050</strong><br />(-19 for losing)
|raw|BackinMagenta's rating: 1091 &rarr; <strong>1116</strong><br />(+25 for winning)
|l|☆huntboom
