|j|☆rinutNRX
|j|☆Rushermanz
|t:|1641727746
|gametype|singles
|player|p1|rinutNRX|lance|1203
|player|p2|Rushermanz|hilda-wonderlauncher|1167
|teamsize|p1|6
|teamsize|p2|6
|gen|8
|tier|[Gen 8] OU
|rated|
|rule|Sleep Clause Mod: Limit one foe put to sleep
|rule|Species Clause: Limit one of each Pokémon
|rule|OHKO Clause: OHKO moves are banned
|rule|Evasion Moves Clause: Evasion moves are banned
|rule|Endless Battle Clause: Forcing endless battles is banned
|rule|HP Percentage Mod: HP is shown in percentages
|rule|Dynamax Clause: You cannot dynamax
|clearpoke
|poke|p1|Milotic, F|
|poke|p1|Mew|
|poke|p1|Thundurus-Therian, M|
|poke|p1|Blaziken, M|
|poke|p1|Garchomp, M|
|poke|p1|Weavile, M|
|poke|p2|Garchomp, F|
|poke|p2|Urshifu-*, M|
|poke|p2|Espeon, F|
|poke|p2|Volcarona, M|
|poke|p2|Venusaur, M|
|poke|p2|Metagross|
|teampreview
|inactive|Battle timer is ON: inactive players will automatically lose when time's up. (requested by rinutNRX)
|
|t:|1641727760
|start
|switch|p1a: Mew|Mew, shiny|100/100
|switch|p2a: Volcarona|Volcarona, M|100/100
|turn|1
|
|t:|1641727772
|move|p2a: Volcarona|Quiver Dance|p2a: Volcarona
|-boost|p2a: Volcarona|spa|1
|-boost|p2a: Volcarona|spd|1
|-boost|p2a: Volcarona|spe|1
|move|p1a: Mew|Cosmic Power|p1a: Mew
|-boost|p1a: Mew|def|1
|-boost|p1a: Mew|spd|1
|
|upkeep
|turn|2
|
|t:|1641727790
|move|p2a: Volcarona|Quiver Dance|p2a: Volcarona
|-boost|p2a: Volcarona|spa|1
|-boost|p2a: Volcarona|spd|1
|-boost|p2a: Volcarona|spe|1
|move|p1a: Mew|Cosmic Power|p1a: Mew
|-boost|p1a: Mew|def|1
|-boost|p1a: Mew|spd|1
|
|upkeep
|turn|3
|
|t:|1641727801
|move|p2a: Volcarona|Bug Buzz|p1a: Mew
|-supereffective|p1a: Mew
|-damage|p1a: Mew|30/100
|move|p1a: Mew|Cosmic Power|p1a: Mew
|-boost|p1a: Mew|def|1
|-boost|p1a: Mew|spd|1
|
|upkeep
|turn|4
|
|t:|1641727810
|move|p2a: Volcarona|Bug Buzz|p1a: Mew
|-supereffective|p1a: Mew
|-damage|p1a: Mew|0 fnt
|faint|p1a: Mew
|
|upkeep
|
|t:|1641727825
|switch|p1a: Garchomp|Garchomp, M, shiny|100/100
|turn|5
|
|t:|1641727832
|move|p2a: Volcarona|Hurricane|p1a: Garchomp|[miss]
|-miss|p2a: Volcarona|p1a: Garchomp
|move|p1a: Garchomp|Earthquake|p2a: Volcarona
|-damage|p2a: Volcarona|19/100
|-damage|p1a: Garchomp|91/100|[from] item: Life Orb
|
|-heal|p2a: Volcarona|25/100|[from] item: Leftovers
|upkeep
|turn|6
|
|t:|1641727848
|move|p2a: Volcarona|Bug Buzz|p1a: Garchomp
|-damage|p1a: Garchomp|0 fnt
|faint|p1a: Garchomp
|
|-heal|p2a: Volcarona|31/100|[from] item: Leftovers
|upkeep
|
|t:|1641727856
|switch|p1a: Blaziken|Blaziken, M, shiny|100/100
|turn|7
|
|t:|1641727860
|move|p2a: Volcarona|Bug Buzz|p1a: Blaziken
|-resisted|p1a: Blaziken
|-damage|p1a: Blaziken|61/100
|move|p1a: Blaziken|Earthquake|p2a: Volcarona
|-damage|p2a: Volcarona|0 fnt
|faint|p2a: Volcarona
|
|-ability|p1a: Blaziken|Speed Boost|boost
|-boost|p1a: Blaziken|spe|1
|upkeep
|
|t:|1641727877
|switch|p2a: Garchomp|Garchomp, F|100/100
|turn|8
|
|t:|1641727904
|move|p1a: Blaziken|Protect|p1a: Blaziken
|-singleturn|p1a: Blaziken|Protect
|move|p2a: Garchomp|Earthquake|p1a: Blaziken
|-activate|p1a: Blaziken|move: Protect
|
|-ability|p1a: Blaziken|Speed Boost|boost
|-boost|p1a: Blaziken|spe|1
|upkeep
|turn|9
|
|t:|1641727915
|move|p1a: Blaziken|Flare Blitz|p2a: Garchomp
|-resisted|p2a: Garchomp
|-damage|p2a: Garchomp|71/100
|-damage|p1a: Blaziken|49/100|[from] ability: Rough Skin|[of] p2a: Garchomp
|-damage|p1a: Blaziken|32/100|[from] item: Rocky Helmet|[of] p2a: Garchomp
|-damage|p1a: Blaziken|21/100|[from] Recoil
|move|p2a: Garchomp|Earthquake|p1a: Blaziken
|-supereffective|p1a: Blaziken
|-damage|p1a: Blaziken|0 fnt
|faint|p1a: Blaziken
|
|upkeep
|
|t:|1641727925
|switch|p1a: Weavile|Weavile, M, shiny|100/100
|-ability|p1a: Weavile|Pressure
|turn|10
|
|t:|1641727939
|switch|p2a: Venusaur|Venusaur, M|100/100
|move|p1a: Weavile|Triple Axel|p2a: Venusaur
|-supereffective|p2a: Venusaur
|-damage|p2a: Venusaur|77/100
|-supereffective|p2a: Venusaur
|-damage|p2a: Venusaur|35/100
|-supereffective|p2a: Venusaur
|-damage|p2a: Venusaur|0 fnt
|faint|p2a: Venusaur
|-hitcount|p2: Venusaur|3
|
|upkeep
|
|t:|1641727951
|switch|p2a: Espeon|Espeon, F|100/100
|turn|11
|
|t:|1641727958
|move|p1a: Weavile|Knock Off|p2a: Espeon
|-supereffective|p2a: Espeon
|-enditem|p2a: Espeon|Focus Sash
|-damage|p2a: Espeon|1/100
|move|p2a: Espeon|Shadow Ball|p1a: Weavile
|-resisted|p1a: Weavile
|-damage|p1a: Weavile|81/100
|-unboost|p1a: Weavile|spd|1
|
|upkeep
|turn|12
|
|t:|1641727971
|move|p1a: Weavile|Knock Off|p2a: Espeon
|-supereffective|p2a: Espeon
|-damage|p2a: Espeon|0 fnt
|faint|p2a: Espeon
|
|upkeep
|
|t:|1641727978
|switch|p2a: Urshifu|Urshifu-Rapid-Strike, M|100/100
|turn|13
|
|t:|1641727982
|switch|p1a: Thundurus|Thundurus-Therian, M, shiny|100/100
|move|p2a: Urshifu|Close Combat|p1a: Thundurus
|-resisted|p1a: Thundurus
|-damage|p1a: Thundurus|48/100
|-unboost|p2a: Urshifu|def|1
|-unboost|p2a: Urshifu|spd|1
|
|upkeep
|turn|14
|
|t:|1641727992
|move|p1a: Thundurus|Discharge|p2a: Urshifu
|-supereffective|p2a: Urshifu
|-enditem|p2a: Urshifu|Focus Sash
|-damage|p2a: Urshifu|1/100
|move|p2a: Urshifu|U-turn|p1a: Thundurus
|-resisted|p1a: Thundurus
|-damage|p1a: Thundurus|26/100
|
|t:|1641728001
|switch|p2a: Metagross|Metagross|100/100|[from]move: U-turn
|
|upkeep
|turn|15
|
|t:|1641728007
|move|p1a: Thundurus|Discharge|p2a: Metagross
|-damage|p2a: Metagross|47/100
|move|p2a: Metagross|Thunder Punch|p1a: Thundurus
|-heal|p1a: Thundurus|50/100|[from] ability: Volt Absorb|[of] p2a: Metagross
|
|-heal|p2a: Metagross|54/100|[from] item: Leftovers
|upkeep
|turn|16
|
|t:|1641728019
|move|p1a: Thundurus|Discharge|p2a: Metagross
|-damage|p2a: Metagross|7/100
|move|p2a: Metagross|Psycho Cut|p1a: Thundurus
|-damage|p1a: Thundurus|0 fnt
|faint|p1a: Thundurus
|
|-heal|p2a: Metagross|13/100|[from] item: Leftovers
|upkeep
|
|t:|1641728027
|switch|p1a: Milotic|Milotic, F, shiny|100/100
|turn|17
|
|t:|1641728036
|move|p1a: Milotic|Scald|p2a: Metagross
|-damage|p2a: Metagross|0 fnt
|faint|p2a: Metagross
|
|upkeep
|
|t:|1641728045
|switch|p2a: Garchomp|Garchomp, F|71/100
|turn|18
|
|t:|1641728052
|move|p2a: Garchomp|Earthquake|p1a: Milotic
|-damage|p1a: Milotic|54/100
|move|p1a: Milotic|Ice Beam|p2a: Garchomp
|-supereffective|p2a: Garchomp
|-damage|p2a: Garchomp|0 fnt
|faint|p2a: Garchomp
|
|-heal|p1a: Milotic|60/100|[from] item: Leftovers
|upkeep
|
|t:|1641728062
|switch|p2a: Urshifu|Urshifu-Rapid-Strike, M|1/100
|turn|19
|
|t:|1641728068
|move|p2a: Urshifu|Close Combat|p1a: Milotic
|-damage|p1a: Milotic|9/100
|-unboost|p2a: Urshifu|def|1
|-unboost|p2a: Urshifu|spd|1
|move|p1a: Milotic|Scald|p2a: Urshifu
|-resisted|p2a: Urshifu
|-damage|p2a: Urshifu|0 fnt
|faint|p2a: Urshifu
|
|win|rinutNRX
|raw|rinutNRX's rating: 1203 &rarr; <strong>1225</strong><br />(+22 for winning)
|raw|Rushermanz's rating: 1167 &rarr; <strong>1145</strong><br />(-22 for losing)
