|j|☆UnstoppableUg
|j|☆Firelord Term
|t:|1641705753
|gametype|singles
|player|p1|UnstoppableUg|n|
|player|p2|Firelord Term|giovanni|
|teamsize|p1|6
|teamsize|p2|6
|gen|8
|tier|[Gen 8] OU
|rule|Sleep Clause Mod: Limit one foe put to sleep
|rule|Species Clause: Limit one of each Pokémon
|rule|OHKO Clause: OHKO moves are banned
|rule|Evasion Moves Clause: Evasion moves are banned
|rule|Endless Battle Clause: Forcing endless battles is banned
|rule|HP Percentage Mod: HP is shown in percentages
|rule|Dynamax Clause: You cannot dynamax
|clearpoke
|poke|p1|Dunsparce, F|
|poke|p1|Magnezone|
|poke|p1|Dragapult, M|
|poke|p1|Bronzong|
|poke|p1|Mandibuzz, F|
|poke|p1|Garchomp, M|
|poke|p2|Starmie|
|poke|p2|Magnezone|
|poke|p2|Tapu Lele|
|poke|p2|Corviknight, M|
|poke|p2|Obstagoon, F|
|poke|p2|Zeraora|
|teampreview
|inactive|Battle timer is ON: inactive players will automatically lose when time's up. (requested by UnstoppableUg)
|inactive|Firelord Term also wants the timer to be on.
|
|t:|1641705768
|start
|switch|p1a: Dragapult|Dragapult, M|100/100
|switch|p2a: Zeraora|Zeraora|100/100
|turn|1
|
|t:|1641705775
|switch|p1a: Garchomp|Garchomp, M|100/100
|move|p2a: Zeraora|Knock Off|p1a: Garchomp
|-damage|p1a: Garchomp|72/100
|-damage|p2a: Zeraora|88/100|[from] ability: Rough Skin|[of] p1a: Garchomp
|-enditem|p1a: Garchomp|Leftovers|[from] move: Knock Off|[of] p2a: Zeraora
|
|upkeep
|turn|2
|
|t:|1641705792
|switch|p2a: Starmie|Starmie|100/100
|switch|p1a: Magnezone|Magnezone|100/100
|
|upkeep
|turn|3
|
|t:|1641705795
|switch|p1a: Bronzong|Bronzong|100/100
|move|p2a: Starmie|Flip Turn|p1a: Bronzong
|-damage|p1a: Bronzong|83/100
|
|t:|1641705801
|switch|p2a: Obstagoon|Obstagoon, F|100/100|[from]move: Flip Turn
|
|-heal|p1a: Bronzong|89/100|[from] item: Leftovers
|-status|p2a: Obstagoon|brn|[from] item: Flame Orb
|upkeep
|turn|4
|
|t:|1641705807
|switch|p1a: Mandibuzz|Mandibuzz, F|100/100
|move|p2a: Obstagoon|Knock Off|p1a: Mandibuzz
|-resisted|p1a: Mandibuzz
|-damage|p1a: Mandibuzz|83/100
|-enditem|p1a: Mandibuzz|Heavy-Duty Boots|[from] move: Knock Off|[of] p2a: Obstagoon
|
|-damage|p2a: Obstagoon|94/100 brn|[from] brn
|upkeep
|turn|5
|
|t:|1641705810
|switch|p1a: Dragapult|Dragapult, M|100/100
|move|p2a: Obstagoon|Parting Shot|p1a: Dragapult
|-unboost|p1a: Dragapult|atk|1
|-unboost|p1a: Dragapult|spa|1
|
|t:|1641705827
|switch|p2a: Zeraora|Zeraora|88/100|[from]move: Parting Shot
|
|upkeep
|turn|6
|
|t:|1641705835
|switch|p2a: Starmie|Starmie|100/100
|move|p1a: Dragapult|Draco Meteor|p2a: Starmie
|-damage|p2a: Starmie|13/100
|-unboost|p1a: Dragapult|spa|2
|
|upkeep
|turn|7
|
|t:|1641705845
|switch|p1a: Magnezone|Magnezone|100/100
|switch|p2a: Tapu Lele|Tapu Lele|100/100
|-fieldstart|move: Psychic Terrain|[from] ability: Psychic Surge|[of] p2a: Tapu Lele
|
|upkeep
|turn|8
|
|t:|1641705855
|switch|p1a: Dragapult|Dragapult, M|100/100
|move|p2a: Tapu Lele|Moonblast|p1a: Dragapult
|-supereffective|p1a: Dragapult
|-damage|p1a: Dragapult|0 fnt
|faint|p1a: Dragapult
|
|upkeep
|
|t:|1641705861
|switch|p1a: Bronzong|Bronzong|89/100
|turn|9
|
|t:|1641705864
|switch|p2a: Starmie|Starmie|13/100
|move|p1a: Bronzong|Future Sight|p2a: Starmie
|-start|p1a: Bronzong|move: Future Sight
|
|-heal|p1a: Bronzong|95/100|[from] item: Leftovers
|upkeep
|turn|10
|
|t:|1641705871
|move|p2a: Starmie|Flip Turn|p1a: Bronzong
|-damage|p1a: Bronzong|82/100
|
|t:|1641705877
|switch|p2a: Magnezone|Magnezone|100/100|[from]move: Flip Turn
|move|p1a: Bronzong|Body Press|p2a: Magnezone
|-supereffective|p2a: Magnezone
|-damage|p2a: Magnezone|67/100
|
|-heal|p1a: Bronzong|88/100|[from] item: Leftovers
|upkeep
|turn|11
|
|t:|1641705894
|move|p2a: Magnezone|Thunderbolt|p1a: Bronzong
|-damage|p1a: Bronzong|58/100
|move|p1a: Bronzong|Body Press|p2a: Magnezone
|-supereffective|p2a: Magnezone
|-damage|p2a: Magnezone|31/100
|
|-end|p2a: Magnezone|move: Future Sight
|-resisted|p2a: Magnezone
|-damage|p2a: Magnezone|7/100
|-heal|p1a: Bronzong|65/100|[from] item: Leftovers
|upkeep
|turn|12
|
|t:|1641705898
|move|p2a: Magnezone|Thunderbolt|p1a: Bronzong
|-damage|p1a: Bronzong|34/100
|move|p1a: Bronzong|Body Press|p2a: Magnezone
|-supereffective|p2a: Magnezone
|-damage|p2a: Magnezone|0 fnt
|faint|p2a: Magnezone
|
|-heal|p1a: Bronzong|40/100|[from] item: Leftovers
|upkeep
|
|t:|1641705915
|switch|p2a: Starmie|Starmie|13/100
|turn|13
|
|t:|1641705919
|move|p2a: Starmie|Hydro Pump|p1a: Bronzong|[miss]
|-miss|p2a: Starmie|p1a: Bronzong
|move|p1a: Bronzong|Future Sight|p2a: Starmie
|-start|p1a: Bronzong|move: Future Sight
|
|-heal|p1a: Bronzong|46/100|[from] item: Leftovers
|upkeep
|turn|14
|
|t:|1641705923
|move|p2a: Starmie|Hydro Pump|p1a: Bronzong|[miss]
|-miss|p2a: Starmie|p1a: Bronzong
|move|p1a: Bronzong|Stealth Rock|p2a: Starmie
|-sidestart|p2: Firelord Term|move: Stealth Rock
|
|-heal|p1a: Bronzong|52/100|[from] item: Leftovers
|-fieldend|move: Psychic Terrain
|upkeep
|turn|15
|
|t:|1641705929
|move|p2a: Starmie|Hydro Pump|p1a: Bronzong|[miss]
|-miss|p2a: Starmie|p1a: Bronzong
|move|p1a: Bronzong|Body Press|p2a: Starmie
|-resisted|p2a: Starmie
|-damage|p2a: Starmie|0 fnt
|faint|p2a: Starmie
|
|-hint|Future Sight did not hit because the target is fainted.
|-heal|p1a: Bronzong|58/100|[from] item: Leftovers
|upkeep
|
|t:|1641705948
|switch|p2a: Obstagoon|Obstagoon, F|94/100 brn
|-damage|p2a: Obstagoon|82/100 brn|[from] Stealth Rock
|turn|16
|
|t:|1641705955
|move|p2a: Obstagoon|Knock Off|p1a: Bronzong
|-supereffective|p1a: Bronzong
|-damage|p1a: Bronzong|0 fnt
|-enditem|p1a: Bronzong|Leftovers|[from] move: Knock Off|[of] p2a: Obstagoon
|faint|p1a: Bronzong
|
|-damage|p2a: Obstagoon|76/100 brn|[from] brn
|upkeep
|
|t:|1641705961
|switch|p1a: Magnezone|Magnezone|100/100
|turn|17
|
|t:|1641705965
|move|p2a: Obstagoon|Close Combat|p1a: Magnezone
|-supereffective|p1a: Magnezone
|-damage|p1a: Magnezone|16/100
|-unboost|p2a: Obstagoon|def|1
|-unboost|p2a: Obstagoon|spd|1
|move|p1a: Magnezone|Body Press|p2a: Obstagoon
|-supereffective|p2a: Obstagoon
|-damage|p2a: Obstagoon|0 fnt
|faint|p2a: Obstagoon
|
|-heal|p1a: Magnezone|22/100|[from] item: Leftovers
|upkeep
|
|t:|1641705972
|switch|p2a: Zeraora|Zeraora|88/100
|turn|18
|
|t:|1641705980
|move|p2a: Zeraora|Close Combat|p1a: Magnezone
|-supereffective|p1a: Magnezone
|-damage|p1a: Magnezone|0 fnt
|-unboost|p2a: Zeraora|def|1
|-unboost|p2a: Zeraora|spd|1
|faint|p1a: Magnezone
|
|upkeep
|
|t:|1641705982
|switch|p1a: Garchomp|Garchomp, M|72/100
|turn|19
|
|t:|1641705989
|move|p2a: Zeraora|Close Combat|p1a: Garchomp
|-damage|p1a: Garchomp|35/100
|-unboost|p2a: Zeraora|def|1
|-unboost|p2a: Zeraora|spd|1
|-damage|p2a: Zeraora|76/100|[from] ability: Rough Skin|[of] p1a: Garchomp
|move|p1a: Garchomp|Swords Dance|p1a: Garchomp
|-boost|p1a: Garchomp|atk|2
|
|upkeep
|turn|20
|
|t:|1641705997
|move|p2a: Zeraora|Close Combat|p1a: Garchomp
|-damage|p1a: Garchomp|0 fnt
|-unboost|p2a: Zeraora|def|1
|-unboost|p2a: Zeraora|spd|1
|-damage|p2a: Zeraora|64/100|[from] ability: Rough Skin|[of] p1a: Garchomp
|faint|p1a: Garchomp
|
|upkeep
|
|t:|1641706001
|switch|p1a: Mandibuzz|Mandibuzz, F|83/100
|turn|21
|
|t:|1641706004
|move|p2a: Zeraora|Volt Switch|p1a: Mandibuzz
|-supereffective|p1a: Mandibuzz
|-damage|p1a: Mandibuzz|48/100
|
|t:|1641706010
|switch|p2a: Corviknight|Corviknight, M|100/100|[from]move: Volt Switch
|-damage|p2a: Corviknight|88/100|[from] Stealth Rock
|-ability|p2a: Corviknight|Pressure
|move|p1a: Mandibuzz|Foul Play|p2a: Corviknight
|-damage|p2a: Corviknight|70/100
|
|-heal|p2a: Corviknight|76/100|[from] item: Leftovers
|upkeep
|turn|22
|
|t:|1641706019
|switch|p1a: Dunsparce|Dunsparce, F|100/100
|move|p2a: Corviknight|Defog|p1a: Dunsparce
|-unboost|p1a: Dunsparce|evasion|1
|-sideend|p2: Firelord Term|Stealth Rock|[from] move: Defog|[of] p2a: Corviknight
|
|-heal|p2a: Corviknight|82/100|[from] item: Leftovers
|upkeep
|turn|23
|
|t:|1641706022
|move|p1a: Dunsparce|Coil|p1a: Dunsparce
|-boost|p1a: Dunsparce|atk|1
|-boost|p1a: Dunsparce|def|1
|-boost|p1a: Dunsparce|accuracy|1
|move|p2a: Corviknight|U-turn|p1a: Dunsparce
|-damage|p1a: Dunsparce|89/100
|
|t:|1641706026
|switch|p2a: Tapu Lele|Tapu Lele|100/100|[from]move: U-turn
|-fieldstart|move: Psychic Terrain|[from] ability: Psychic Surge|[of] p2a: Tapu Lele
|
|-heal|p1a: Dunsparce|95/100|[from] item: Leftovers
|upkeep
|turn|24
|
|t:|1641706028
|move|p2a: Tapu Lele|Focus Blast|p1a: Dunsparce
|-supereffective|p1a: Dunsparce
|-damage|p1a: Dunsparce|20/100
|move|p1a: Dunsparce|Body Slam|p2a: Tapu Lele
|-damage|p2a: Tapu Lele|50/100
|-status|p2a: Tapu Lele|par
|
|-heal|p1a: Dunsparce|26/100|[from] item: Leftovers
|upkeep
|turn|25
|
|t:|1641706035
|cant|p2a: Tapu Lele|par
|move|p1a: Dunsparce|Roost|p1a: Dunsparce
|-heal|p1a: Dunsparce|76/100
|-singleturn|p1a: Dunsparce|move: Roost
|
|-heal|p1a: Dunsparce|82/100|[from] item: Leftovers
|upkeep
|turn|26
|
|t:|1641706041
|cant|p2a: Tapu Lele|par
|move|p1a: Dunsparce|Body Slam|p2a: Tapu Lele
|-damage|p2a: Tapu Lele|0 fnt
|faint|p2a: Tapu Lele
|
|-heal|p1a: Dunsparce|88/100|[from] item: Leftovers
|upkeep
|
|t:|1641706051
|switch|p2a: Zeraora|Zeraora|64/100
|turn|27
|
|t:|1641706056
|move|p2a: Zeraora|Close Combat|p1a: Dunsparce
|-supereffective|p1a: Dunsparce
|-damage|p1a: Dunsparce|27/100
|-unboost|p2a: Zeraora|def|1
|-unboost|p2a: Zeraora|spd|1
|move|p1a: Dunsparce|Roost|p1a: Dunsparce
|-heal|p1a: Dunsparce|77/100
|-singleturn|p1a: Dunsparce|move: Roost
|
|-heal|p1a: Dunsparce|83/100|[from] item: Leftovers
|upkeep
|turn|28
|
|t:|1641706065
|move|p2a: Zeraora|Close Combat|p1a: Dunsparce
|-supereffective|p1a: Dunsparce
|-damage|p1a: Dunsparce|22/100
|-unboost|p2a: Zeraora|def|1
|-unboost|p2a: Zeraora|spd|1
|move|p1a: Dunsparce|Roost|p1a: Dunsparce
|-heal|p1a: Dunsparce|72/100
|-singleturn|p1a: Dunsparce|move: Roost
|
|-heal|p1a: Dunsparce|78/100|[from] item: Leftovers
|upkeep
|turn|29
|
|t:|1641706068
|move|p2a: Zeraora|Close Combat|p1a: Dunsparce
|-supereffective|p1a: Dunsparce
|-damage|p1a: Dunsparce|22/100
|-unboost|p2a: Zeraora|def|1
|-unboost|p2a: Zeraora|spd|1
|move|p1a: Dunsparce|Body Slam|p2a: Zeraora
|-crit|p2a: Zeraora
|-damage|p2a: Zeraora|0 fnt
|faint|p2a: Zeraora
|
|-heal|p1a: Dunsparce|28/100|[from] item: Leftovers
|upkeep
|
|t:|1641706069
|switch|p2a: Corviknight|Corviknight, M|82/100
|-ability|p2a: Corviknight|Pressure
|turn|30
|
|t:|1641706075
|move|p1a: Dunsparce|Roost|p1a: Dunsparce
|-heal|p1a: Dunsparce|78/100
|-singleturn|p1a: Dunsparce|move: Roost
|move|p2a: Corviknight|Brave Bird|p1a: Dunsparce
|-damage|p1a: Dunsparce|51/100
|-damage|p2a: Corviknight|73/100|[from] Recoil
|
|-heal|p1a: Dunsparce|57/100|[from] item: Leftovers
|-heal|p2a: Corviknight|79/100|[from] item: Leftovers
|-fieldend|move: Psychic Terrain
|upkeep
|turn|31
|
|t:|1641706079
|move|p1a: Dunsparce|Roost|p1a: Dunsparce
|-heal|p1a: Dunsparce|100/100
|-singleturn|p1a: Dunsparce|move: Roost
|move|p2a: Corviknight|Brave Bird|p1a: Dunsparce
|-damage|p1a: Dunsparce|72/100
|-damage|p2a: Corviknight|69/100|[from] Recoil
|
|-heal|p1a: Dunsparce|78/100|[from] item: Leftovers
|-heal|p2a: Corviknight|75/100|[from] item: Leftovers
|upkeep
|turn|32
|
|t:|1641706082
|move|p1a: Dunsparce|Coil|p1a: Dunsparce
|-boost|p1a: Dunsparce|atk|1
|-boost|p1a: Dunsparce|def|1
|-boost|p1a: Dunsparce|accuracy|1
|move|p2a: Corviknight|Roost|p2a: Corviknight
|-heal|p2a: Corviknight|100/100
|-singleturn|p2a: Corviknight|move: Roost
|
|-heal|p1a: Dunsparce|84/100|[from] item: Leftovers
|upkeep
|turn|33
|
|t:|1641706089
|move|p1a: Dunsparce|Coil|p1a: Dunsparce
|-boost|p1a: Dunsparce|atk|1
|-boost|p1a: Dunsparce|def|1
|-boost|p1a: Dunsparce|accuracy|1
|move|p2a: Corviknight|U-turn|p1a: Dunsparce
|-damage|p1a: Dunsparce|77/100
|
|-heal|p1a: Dunsparce|83/100|[from] item: Leftovers
|upkeep
|turn|34
|
|t:|1641706094
|move|p1a: Dunsparce|Coil|p1a: Dunsparce
|-boost|p1a: Dunsparce|atk|1
|-boost|p1a: Dunsparce|def|1
|-boost|p1a: Dunsparce|accuracy|1
|move|p2a: Corviknight|Defog|p1a: Dunsparce
|-unboost|p1a: Dunsparce|evasion|1
|
|-heal|p1a: Dunsparce|90/100|[from] item: Leftovers
|upkeep
|turn|35
|
|t:|1641706096
|move|p1a: Dunsparce|Coil|p1a: Dunsparce
|-boost|p1a: Dunsparce|atk|1
|-boost|p1a: Dunsparce|def|1
|-boost|p1a: Dunsparce|accuracy|1
|move|p2a: Corviknight|Defog|p1a: Dunsparce
|-unboost|p1a: Dunsparce|evasion|1
|
|-heal|p1a: Dunsparce|96/100|[from] item: Leftovers
|upkeep
|turn|36
|
|t:|1641706097
|move|p1a: Dunsparce|Body Slam|p2a: Corviknight
|-resisted|p2a: Corviknight
|-crit|p2a: Corviknight
|-damage|p2a: Corviknight|61/100
|move|p2a: Corviknight|Roost|p2a: Corviknight
|-heal|p2a: Corviknight|100/100
|-singleturn|p2a: Corviknight|move: Roost
|
|-heal|p1a: Dunsparce|100/100|[from] item: Leftovers
|upkeep
|turn|37
|
|t:|1641706104
|move|p1a: Dunsparce|Body Slam|p2a: Corviknight
|-resisted|p2a: Corviknight
|-damage|p2a: Corviknight|76/100
|-status|p2a: Corviknight|par
|cant|p2a: Corviknight|par
|
|-heal|p2a: Corviknight|82/100 par|[from] item: Leftovers
|upkeep
|turn|38
|
|t:|1641706107
|move|p1a: Dunsparce|Coil|p1a: Dunsparce
|-boost|p1a: Dunsparce|atk|1
|-boost|p1a: Dunsparce|def|1
|-boost|p1a: Dunsparce|accuracy|1
|move|p2a: Corviknight|Roost|p2a: Corviknight
|-heal|p2a: Corviknight|100/100 par
|-singleturn|p2a: Corviknight|move: Roost
|
|upkeep
|turn|39
|
|t:|1641706110
|move|p1a: Dunsparce|Rock Slide|p2a: Corviknight
|-damage|p2a: Corviknight|68/100 par
|cant|p2a: Corviknight|flinch
|
|-heal|p2a: Corviknight|74/100 par|[from] item: Leftovers
|upkeep
|turn|40
|
|t:|1641706112
|move|p1a: Dunsparce|Rock Slide|p2a: Corviknight
|-damage|p2a: Corviknight|42/100 par
|cant|p2a: Corviknight|flinch
|
|-heal|p2a: Corviknight|48/100 par|[from] item: Leftovers
|upkeep
|turn|41
|
|t:|1641706118
|move|p1a: Dunsparce|Rock Slide|p2a: Corviknight
|-damage|p2a: Corviknight|15/100 par
|cant|p2a: Corviknight|flinch
|
|-heal|p2a: Corviknight|21/100 par|[from] item: Leftovers
|upkeep
|turn|42
|
|t:|1641706128
|move|p1a: Dunsparce|Rock Slide|p2a: Corviknight
|-damage|p2a: Corviknight|0 fnt
|faint|p2a: Corviknight
|
|win|UnstoppableUg
|c|☆Firelord Term|YOU HAXED ME
