|j|☆V3rstappen
|j|☆raxander
|t:|1641884888
|gametype|singles
|player|p1|V3rstappen|ninjaboy|1393
|player|p2|raxander|266|1424
|teamsize|p1|6
|teamsize|p2|6
|gen|8
|tier|[Gen 8] OU
|rated|
|rule|Sleep Clause Mod: Limit one foe put to sleep
|rule|Species Clause: Limit one of each Pokémon
|rule|OHKO Clause: OHKO moves are banned
|rule|Evasion Moves Clause: Evasion moves are banned
|rule|Endless Battle Clause: Forcing endless battles is banned
|rule|HP Percentage Mod: HP is shown in percentages
|rule|Dynamax Clause: You cannot dynamax
|clearpoke
|poke|p1|Corviknight, M|
|poke|p1|Slowking-Galar, F|
|poke|p1|Blissey, F|
|poke|p1|Blacephalon|
|poke|p1|Urshifu-*, M|
|poke|p1|Landorus-Therian, M|
|poke|p2|Torkoal, F|
|poke|p2|Entei|
|poke|p2|Venusaur, M|
|poke|p2|Zapdos|
|poke|p2|Blissey, F|
|poke|p2|Landorus-Therian, M|
|teampreview
|inactive|Battle timer is ON: inactive players will automatically lose when time's up. (requested by V3rstappen)
|inactive|V3rstappen has 120 seconds left.
|inactive|V3rstappen has 90 seconds left.
|
|t:|1641884956
|start
|switch|p1a: Urshifu|Urshifu-Rapid-Strike, M|100/100
|switch|p2a: Zapdos|Zapdos|100/100
|turn|1
|
|t:|1641884967
|move|p1a: Urshifu|U-turn|p2a: Zapdos
|-resisted|p2a: Zapdos
|-damage|p2a: Zapdos|92/100
|c|☆V3rstappen|rank
|
|t:|1641884973
|switch|p1a: Blissey|Blissey, F|100/100|[from]move: U-turn
|move|p2a: Zapdos|Roost|p2a: Zapdos
|-heal|p2a: Zapdos|100/100
|-singleturn|p2a: Zapdos|move: Roost
|
|upkeep
|turn|2
|
|t:|1641884984
|switch|p2a: Torkoal|Torkoal, F|100/100
|-weather|SunnyDay|[from] ability: Drought|[of] p2a: Torkoal
|move|p1a: Blissey|Toxic|p2a: Torkoal
|-status|p2a: Torkoal|tox
|
|-weather|SunnyDay|[upkeep]
|-damage|p2a: Torkoal|94/100 tox|[from] psn
|upkeep
|turn|3
|
|t:|1641884996
|move|p2a: Torkoal|Stealth Rock|p1a: Blissey
|-sidestart|p1: V3rstappen|move: Stealth Rock
|move|p1a: Blissey|Teleport|p1a: Blissey
|
|t:|1641885001
|switch|p1a: Landorus|Landorus-Therian, M|100/100|[from]move: Teleport
|-damage|p1a: Landorus|88/100|[from] Stealth Rock
|-ability|p1a: Landorus|Intimidate|boost
|-unboost|p2a: Torkoal|atk|1
|
|-weather|SunnyDay|[upkeep]
|-heal|p1a: Landorus|94/100|[from] item: Leftovers
|-damage|p2a: Torkoal|82/100 tox|[from] psn
|upkeep
|turn|4
|
|t:|1641885011
|switch|p2a: Landorus|Landorus-Therian, M|100/100
|-ability|p2a: Landorus|Intimidate|boost
|-unboost|p1a: Landorus|atk|1
|move|p1a: Landorus|Earthquake|p2a: Landorus
|-immune|p2a: Landorus
|
|-weather|SunnyDay|[upkeep]
|-heal|p1a: Landorus|99/100|[from] item: Leftovers
|upkeep
|turn|5
|
|t:|1641885022
|move|p1a: Landorus|Toxic|p2a: Landorus
|-status|p2a: Landorus|tox
|move|p2a: Landorus|U-turn|p1a: Landorus
|-resisted|p1a: Landorus
|-damage|p1a: Landorus|93/100
|
|t:|1641885028
|switch|p2a: Entei|Entei|100/100|[from]move: U-turn
|
|-weather|SunnyDay|[upkeep]
|-heal|p1a: Landorus|99/100|[from] item: Leftovers
|upkeep
|turn|6
|
|t:|1641885038
|move|p2a: Entei|Eruption|p1a: Landorus
|-damage|p1a: Landorus|0 fnt
|faint|p1a: Landorus
|
|-weather|SunnyDay|[upkeep]
|upkeep
|
|t:|1641885045
|switch|p1a: Slowking|Slowking-Galar, F|100/100
|-damage|p1a: Slowking|88/100|[from] Stealth Rock
|turn|7
|
|t:|1641885050
|move|p2a: Entei|Eruption|p1a: Slowking
|-damage|p1a: Slowking|32/100
|move|p1a: Slowking|Future Sight|p2a: Entei
|-start|p1a: Slowking|move: Future Sight
|
|-weather|SunnyDay|[upkeep]
|upkeep
|turn|8
|
|t:|1641885057
|switch|p1a: Blissey|Blissey, F|100/100
|move|p2a: Entei|Eruption|p1a: Blissey
|-damage|p1a: Blissey|54/100
|
|-weather|SunnyDay|[upkeep]
|upkeep
|turn|9
|
|t:|1641885070
|switch|p2a: Blissey|Blissey, F|100/100
|move|p1a: Blissey|Soft-Boiled|p1a: Blissey
|-heal|p1a: Blissey|100/100
|
|-weather|none
|-end|p2a: Blissey|move: Future Sight
|-damage|p2a: Blissey|81/100
|-heal|p2a: Blissey|87/100|[from] item: Leftovers
|upkeep
|turn|10
|
|t:|1641885081
|switch|p1a: Urshifu|Urshifu-Rapid-Strike, M|100/100
|-damage|p1a: Urshifu|94/100|[from] Stealth Rock
|move|p2a: Blissey|Teleport|p2a: Blissey
|
|t:|1641885087
|switch|p2a: Zapdos|Zapdos|100/100|[from]move: Teleport
|
|upkeep
|turn|11
|
|t:|1641885093
|switch|p2a: Torkoal|Torkoal, F|82/100 tox
|-weather|SunnyDay|[from] ability: Drought|[of] p2a: Torkoal
|move|p1a: Urshifu|Surging Strikes|p2a: Torkoal
|-supereffective|p2a: Torkoal
|-crit|p2a: Torkoal
|-damage|p2a: Torkoal|71/100 tox
|-supereffective|p2a: Torkoal
|-crit|p2a: Torkoal
|-damage|p2a: Torkoal|58/100 tox
|-supereffective|p2a: Torkoal
|-crit|p2a: Torkoal
|-damage|p2a: Torkoal|48/100 tox
|-hitcount|p2a: Torkoal|3
|
|-weather|SunnyDay|[upkeep]
|-damage|p2a: Torkoal|42/100 tox|[from] psn
|upkeep
|turn|12
|
|t:|1641885109
|switch|p1a: Blissey|Blissey, F|100/100
|switch|p2a: Venusaur|Venusaur, M|100/100
|
|-weather|SunnyDay|[upkeep]
|upkeep
|turn|13
|
|t:|1641885116
|switch|p1a: Slowking|Slowking-Galar, F|65/100
|-damage|p1a: Slowking|53/100|[from] Stealth Rock
|move|p2a: Venusaur|Growth|p2a: Venusaur
|-boost|p2a: Venusaur|atk|2
|-boost|p2a: Venusaur|spa|2
|
|-weather|SunnyDay|[upkeep]
|upkeep
|turn|14
|
|t:|1641885126
|move|p2a: Venusaur|Earth Power|p1a: Slowking
|-supereffective|p1a: Slowking
|-damage|p1a: Slowking|0 fnt
|faint|p1a: Slowking
|-damage|p2a: Venusaur|91/100|[from] item: Life Orb
|
|-weather|SunnyDay|[upkeep]
|upkeep
|l|☆V3rstappen
|inactive|V3rstappen disconnected and has a minute to reconnect!
|player|p1|
|inactive|V3rstappen has 30 seconds to reconnect!
|inactive|V3rstappen has 20 seconds to reconnect!
|inactive|V3rstappen has 15 seconds to reconnect!
|inactive|V3rstappen has 10 seconds to reconnect!
|inactive|V3rstappen has 5 seconds to reconnect!
|-message|V3rstappen lost due to inactivity.
|
|win|raxander
|raw|V3rstappen's rating: 1376 &rarr; <strong>1359</strong><br />(-17 for losing)
|raw|raxander's rating: 1424 &rarr; <strong>1441</strong><br />(+17 for winning)
