|j|☆saz 0619
|j|☆Uchiwahero
|t:|1641752664
|gametype|singles
|player|p1|saz 0619|steven|1270
|player|p2|Uchiwahero|ethan|1255
|teamsize|p1|6
|teamsize|p2|6
|gen|8
|tier|[Gen 8] OU
|rated|
|rule|Sleep Clause Mod: Limit one foe put to sleep
|rule|Species Clause: Limit one of each Pokémon
|rule|OHKO Clause: OHKO moves are banned
|rule|Evasion Moves Clause: Evasion moves are banned
|rule|Endless Battle Clause: Forcing endless battles is banned
|rule|HP Percentage Mod: HP is shown in percentages
|rule|Dynamax Clause: You cannot dynamax
|clearpoke
|poke|p1|Kartana|
|poke|p1|Landorus-Therian, M|
|poke|p1|Chandelure, M|
|poke|p1|Regieleki|
|poke|p1|Rillaboom, M|
|poke|p1|Latios, M|
|poke|p2|Landorus-Therian, M|
|poke|p2|Ferrothorn, F|
|poke|p2|Dragapult, M|
|poke|p2|Heatran, M|
|poke|p2|Corviknight, M|
|poke|p2|Garchomp, M|
|teampreview
|inactive|Battle timer is ON: inactive players will automatically lose when time's up. (requested by Uchiwahero)
|
|t:|1641752676
|start
|switch|p1a: Chandelure|Chandelure, M, shiny|100/100
|switch|p2a: Landorus|Landorus-Therian, M|100/100
|-ability|p2a: Landorus|Intimidate|boost
|-unboost|p1a: Chandelure|atk|1
|turn|1
|
|t:|1641752701
|switch|p1a: Landorus|Landorus-Therian, M|100/100
|-ability|p1a: Landorus|Intimidate|boost
|-unboost|p2a: Landorus|atk|1
|move|p2a: Landorus|Earthquake|p1a: Landorus
|-immune|p1a: Landorus
|
|upkeep
|turn|2
|
|t:|1641752709
|move|p2a: Landorus|Stealth Rock|p1a: Landorus
|-sidestart|p1: saz 0619|move: Stealth Rock
|move|p1a: Landorus|U-turn|p2a: Landorus
|-resisted|p2a: Landorus
|-damage|p2a: Landorus|82/100
|
|t:|1641752714
|switch|p1a: Latios|Latios, M|100/100|[from]move: U-turn
|-damage|p1a: Latios|88/100|[from] Stealth Rock
|
|-heal|p2a: Landorus|88/100|[from] item: Leftovers
|upkeep
|turn|3
|
|t:|1641752733
|move|p1a: Latios|Surf|p2a: Landorus
|-supereffective|p2a: Landorus
|-damage|p2a: Landorus|5/100
|move|p2a: Landorus|U-turn|p1a: Latios
|-supereffective|p1a: Latios
|-damage|p1a: Latios|43/100
|
|t:|1641752744
|switch|p2a: Ferrothorn|Ferrothorn, F|100/100|[from]move: U-turn
|
|upkeep
|turn|4
|
|t:|1641752749
|move|p1a: Latios|Mystical Fire|p2a: Ferrothorn
|-supereffective|p2a: Ferrothorn
|-damage|p2a: Ferrothorn|15/100
|-unboost|p2a: Ferrothorn|spa|1
|move|p2a: Ferrothorn|Spikes|p1a: Latios
|-sidestart|p1: saz 0619|Spikes
|
|upkeep
|turn|5
|
|t:|1641752763
|switch|p2a: Dragapult|Dragapult, M|100/100
|move|p1a: Latios|Psyshock|p2a: Dragapult
|-damage|p2a: Dragapult|32/100
|
|upkeep
|turn|6
|
|t:|1641752771
|move|p2a: Dragapult|U-turn|p1a: Latios
|-supereffective|p1a: Latios
|-damage|p1a: Latios|0 fnt
|faint|p1a: Latios
|inactive|Uchiwahero has 120 seconds left.
|
|t:|1641752803
|switch|p2a: Ferrothorn|Ferrothorn, F|15/100|[from]move: U-turn
|
|upkeep
|
|t:|1641752809
|switch|p1a: Landorus|Landorus-Therian, M|100/100
|-damage|p1a: Landorus|88/100|[from] Stealth Rock
|-ability|p1a: Landorus|Intimidate|boost
|-unboost|p2a: Ferrothorn|atk|1
|turn|7
|inactive|Uchiwahero has 120 seconds left.
|
|t:|1641752825
|switch|p2a: Landorus|Landorus-Therian, M|5/100
|-ability|p2a: Landorus|Intimidate|boost
|-unboost|p1a: Landorus|atk|1
|move|p1a: Landorus|Defog|p2a: Landorus
|-unboost|p2a: Landorus|evasion|1
|-sideend|p1: saz 0619|Spikes|[from] move: Defog|[of] p1a: Landorus
|-sideend|p1: saz 0619|Stealth Rock|[from] move: Defog|[of] p1a: Landorus
|
|-heal|p2a: Landorus|11/100|[from] item: Leftovers
|-heal|p1a: Landorus|94/100|[from] item: Leftovers
|upkeep
|turn|8
|
|t:|1641752830
|move|p2a: Landorus|Toxic|p1a: Landorus
|-status|p1a: Landorus|tox
|move|p1a: Landorus|Knock Off|p2a: Landorus
|-crit|p2a: Landorus
|-damage|p2a: Landorus|0 fnt
|-enditem|p2a: Landorus|Leftovers|[from] move: Knock Off|[of] p1a: Landorus
|faint|p2a: Landorus
|
|-heal|p1a: Landorus|99/100 tox|[from] item: Leftovers
|-damage|p1a: Landorus|94/100 tox|[from] psn
|upkeep
|
|t:|1641752839
|switch|p2a: Dragapult|Dragapult, M|32/100
|turn|9
|
|t:|1641752848
|move|p2a: Dragapult|U-turn|p1a: Landorus
|-resisted|p1a: Landorus
|-damage|p1a: Landorus|87/100 tox
|
|t:|1641752865
|switch|p2a: Corviknight|Corviknight, M|100/100|[from]move: U-turn
|-ability|p2a: Corviknight|Pressure
|move|p1a: Landorus|Knock Off|p2a: Corviknight
|-damage|p2a: Corviknight|85/100
|-damage|p1a: Landorus|70/100 tox|[from] item: Rocky Helmet|[of] p2a: Corviknight
|-enditem|p2a: Corviknight|Rocky Helmet|[from] move: Knock Off|[of] p1a: Landorus
|
|-heal|p1a: Landorus|76/100 tox|[from] item: Leftovers
|-damage|p1a: Landorus|64/100 tox|[from] psn
|upkeep
|turn|10
|
|t:|1641752869
|move|p1a: Landorus|U-turn|p2a: Corviknight
|-resisted|p2a: Corviknight
|-damage|p2a: Corviknight|83/100
|
|t:|1641752874
|switch|p1a: Chandelure|Chandelure, M, shiny|100/100|[from]move: U-turn
|move|p2a: Corviknight|U-turn|p1a: Chandelure
|-resisted|p1a: Chandelure
|-damage|p1a: Chandelure|96/100
|
|t:|1641752892
|switch|p2a: Dragapult|Dragapult, M|32/100|[from]move: U-turn
|
|upkeep
|turn|11
|
|t:|1641752896
|move|p1a: Chandelure|Shadow Ball|p2a: Dragapult
|-supereffective|p2a: Dragapult
|-damage|p2a: Dragapult|0 fnt
|faint|p2a: Dragapult
|
|upkeep
|
|t:|1641752905
|switch|p2a: Heatran|Heatran, M|100/100
|turn|12
|
|t:|1641752914
|switch|p2a: Corviknight|Corviknight, M|83/100
|-ability|p2a: Corviknight|Pressure
|move|p1a: Chandelure|Shadow Ball|p2a: Corviknight
|-crit|p2a: Corviknight
|-damage|p2a: Corviknight|13/100
|
|upkeep
|turn|13
|
|t:|1641752944
|switch|p2a: Ferrothorn|Ferrothorn, F|15/100
|move|p1a: Chandelure|Shadow Ball|p2a: Ferrothorn
|-damage|p2a: Ferrothorn|0 fnt
|faint|p2a: Ferrothorn
|
|upkeep
|
|t:|1641752948
|switch|p2a: Garchomp|Garchomp, M|100/100
|turn|14
|
|t:|1641752953
|switch|p1a: Landorus|Landorus-Therian, M|64/100 tox
|-ability|p1a: Landorus|Intimidate|boost
|-unboost|p2a: Garchomp|atk|1
|move|p2a: Garchomp|Swords Dance|p2a: Garchomp
|-boost|p2a: Garchomp|atk|2
|
|-heal|p1a: Landorus|70/100 tox|[from] item: Leftovers
|-damage|p1a: Landorus|64/100 tox|[from] psn
|upkeep
|turn|15
|
|t:|1641752977
|move|p2a: Garchomp|Scale Shot|p1a: Landorus
|-damage|p1a: Landorus|39/100 tox
|-damage|p1a: Landorus|15/100 tox
|-damage|p1a: Landorus|0 fnt
|faint|p1a: Landorus
|-hitcount|p1: Landorus|3
|-unboost|p2a: Garchomp|def|1
|-boost|p2a: Garchomp|spe|1
|-damage|p2a: Garchomp|91/100|[from] item: Life Orb
|
|upkeep
|
|t:|1641752985
|switch|p1a: Rillaboom|Rillaboom, M, shiny|100/100
|-fieldstart|move: Grassy Terrain|[from] ability: Grassy Surge|[of] p1a: Rillaboom
|turn|16
|inactive|Uchiwahero has 120 seconds left.
|inactive|Uchiwahero has 90 seconds left.
|
|t:|1641753048
|move|p1a: Rillaboom|Grassy Glide|p2a: Garchomp
|-damage|p2a: Garchomp|16/100
|-damage|p1a: Rillaboom|88/100|[from] ability: Rough Skin|[of] p2a: Garchomp
|move|p2a: Garchomp|Scale Shot|p1a: Rillaboom
|-damage|p1a: Rillaboom|60/100
|-damage|p1a: Rillaboom|32/100
|-damage|p1a: Rillaboom|5/100
|-hitcount|p1a: Rillaboom|3
|-unboost|p2a: Garchomp|def|1
|-boost|p2a: Garchomp|spe|1
|-damage|p2a: Garchomp|6/100|[from] item: Life Orb
|
|-heal|p2a: Garchomp|12/100|[from] Grassy Terrain
|-heal|p1a: Rillaboom|12/100|[from] Grassy Terrain
|upkeep
|turn|17
|inactive|Uchiwahero has 90 seconds left.
|inactive|Uchiwahero has 60 seconds left.
|
|t:|1641753100
|switch|p2a: Corviknight|Corviknight, M|13/100
|-ability|p2a: Corviknight|Pressure
|move|p1a: Rillaboom|Grassy Glide|p2a: Corviknight
|-resisted|p2a: Corviknight
|-damage|p2a: Corviknight|6/100
|
|-heal|p1a: Rillaboom|18/100|[from] Grassy Terrain
|upkeep
|turn|18
|
|t:|1641753107
|move|p1a: Rillaboom|Drain Punch|p2a: Corviknight
|-damage|p2a: Corviknight|0 fnt
|-heal|p1a: Rillaboom|21/100|[from] drain|[of] p2a: Corviknight
|faint|p2a: Corviknight
|
|-heal|p1a: Rillaboom|27/100|[from] Grassy Terrain
|upkeep
|
|t:|1641753120
|switch|p2a: Heatran|Heatran, M|100/100
|turn|19
|
|t:|1641753127
|move|p2a: Heatran|Earth Power|p1a: Rillaboom
|-resisted|p1a: Rillaboom
|-damage|p1a: Rillaboom|14/100
|move|p1a: Rillaboom|High Horsepower|p2a: Heatran
|-supereffective|p2a: Heatran
|-damage|p2a: Heatran|0 fnt
|faint|p2a: Heatran
|
|-heal|p1a: Rillaboom|20/100|[from] Grassy Terrain
|upkeep
|c|☆saz 0619|ggs
|-message|Uchiwahero forfeited.
|
|win|saz 0619
|raw|saz 0619's rating: 1270 &rarr; <strong>1292</strong><br />(+22 for winning)
|raw|Uchiwahero's rating: 1229 &rarr; <strong>1207</strong><br />(-22 for losing)
|l|☆Uchiwahero
|l|☆saz 0619
|j|☆saz 0619
|player|p1|saz 0619|steven
||Ladder isn't responding, score probably updated but might not have (Request timeout).
