|j|☆ghjklq
|j|☆Yetagross
|t:|1641798741
|gametype|singles
|player|p1|ghjklq|101|1393
|player|p2|Yetagross|2|1317
|teamsize|p1|6
|teamsize|p2|6
|gen|8
|tier|[Gen 8] OU
|rated|
|rule|Sleep Clause Mod: Limit one foe put to sleep
|rule|Species Clause: Limit one of each Pokémon
|rule|OHKO Clause: OHKO moves are banned
|rule|Evasion Moves Clause: Evasion moves are banned
|rule|Endless Battle Clause: Forcing endless battles is banned
|rule|HP Percentage Mod: HP is shown in percentages
|rule|Dynamax Clause: You cannot dynamax
|clearpoke
|poke|p1|Swampert, F|
|poke|p1|Marowak, M|
|poke|p1|Bronzong|
|poke|p1|Reuniclus, F|
|poke|p1|Heatran, M|
|poke|p1|Steelix, F|
|poke|p2|Golurk|
|poke|p2|Dhelmise|
|poke|p2|Mimikyu, F|
|poke|p2|Cofagrigus, F|
|poke|p2|Chandelure, M|
|poke|p2|Dragapult, M|
|teampreview
|inactive|Battle timer is ON: inactive players will automatically lose when time's up. (requested by Yetagross)
|inactive|ghjklq has 120 seconds left.
|inactive|Yetagross has 120 seconds left.
|
|t:|1641798802
|start
|switch|p1a: Bronzong|Bronzong|100/100
|switch|p2a: Chandelure|Chandelure, M|100/100
|turn|1
|
|t:|1641798805
|move|p2a: Chandelure|Overheat|p1a: Bronzong
|-supereffective|p1a: Bronzong
|-damage|p1a: Bronzong|0 fnt
|-unboost|p2a: Chandelure|spa|2
|-enditem|p2a: Chandelure|Eject Pack
|faint|p1a: Bronzong
|
|t:|1641798819
|switch|p2a: Golurk|Golurk|100/100
|
|upkeep
|
|t:|1641798824
|switch|p1a: Swampert|Swampert, F|100/100
|turn|2
|
|t:|1641798840
|move|p1a: Swampert|Liquidation|p2a: Golurk
|-supereffective|p2a: Golurk
|-damage|p2a: Golurk|5/100
|move|p2a: Golurk|Poltergeist|p1a: Swampert
|-activate|p1a: Swampert|move: Poltergeist|Assault Vest
|-damage|p1a: Swampert|14/100
|
|upkeep
|turn|3
|
|t:|1641798857
|move|p1a: Swampert|Flip Turn|p2a: Golurk
|-supereffective|p2a: Golurk
|-damage|p2a: Golurk|0 fnt
|faint|p2a: Golurk
|
|t:|1641798877
|switch|p1a: Marowak|Marowak, M|100/100|[from]move: Flip Turn
|
|upkeep
|
|t:|1641798895
|switch|p2a: Dhelmise|Dhelmise|100/100
|turn|4
|
|t:|1641798898
|move|p1a: Marowak|Fire Punch|p2a: Dhelmise
|-supereffective|p2a: Dhelmise
|-damage|p2a: Dhelmise|15/100
|move|p2a: Dhelmise|Power Whip|p1a: Marowak|[miss]
|-miss|p2a: Dhelmise|p1a: Marowak
|
|upkeep
|turn|5
|
|t:|1641798911
|move|p1a: Marowak|Earthquake|p2a: Dhelmise
|-resisted|p2a: Dhelmise
|-damage|p2a: Dhelmise|0 fnt
|faint|p2a: Dhelmise
|
|upkeep
|inactive|Yetagross has 120 seconds left.
|
|t:|1641798933
|switch|p2a: Dragapult|Dragapult, M|100/100
|turn|6
|
|t:|1641798940
|switch|p1a: Steelix|Steelix, F|100/100
|move|p2a: Dragapult|Draco Meteor|p1a: Steelix
|-resisted|p1a: Steelix
|-damage|p1a: Steelix|45/100
|-unboost|p2a: Dragapult|spa|2
|
|-heal|p1a: Steelix|52/100|[from] item: Leftovers
|upkeep
|turn|7
|
|t:|1641798948
|switch|p2a: Chandelure|Chandelure, M|100/100
|move|p1a: Steelix|Stealth Rock|p2a: Chandelure
|-sidestart|p2: Yetagross|move: Stealth Rock
|
|-heal|p1a: Steelix|58/100|[from] item: Leftovers
|upkeep
|turn|8
|
|t:|1641798951
|switch|p1a: Heatran|Heatran, M|100/100
|move|p2a: Chandelure|Overheat|p1a: Heatran
|-start|p1a: Heatran|ability: Flash Fire
|
|upkeep
|turn|9
|
|t:|1641798961
|move|p2a: Chandelure|Hex|p1a: Heatran
|-damage|p1a: Heatran|68/100
|move|p1a: Heatran|Earth Power|p2a: Chandelure
|-supereffective|p2a: Chandelure
|-damage|p2a: Chandelure|0 fnt
|faint|p2a: Chandelure
|
|upkeep
|
|t:|1641798966
|switch|p2a: Dragapult|Dragapult, M|100/100
|-damage|p2a: Dragapult|88/100|[from] Stealth Rock
|turn|10
|
|t:|1641798986
|move|p2a: Dragapult|Hex|p1a: Heatran
|-crit|p1a: Heatran
|-damage|p1a: Heatran|13/100
|move|p1a: Heatran|Earth Power|p2a: Dragapult
|-damage|p2a: Dragapult|22/100
|
|upkeep
|turn|11
|
|t:|1641798991
|move|p2a: Dragapult|Hex|p1a: Heatran
|-damage|p1a: Heatran|0 fnt
|faint|p1a: Heatran
|
|upkeep
|
|t:|1641799003
|switch|p1a: Steelix|Steelix, F|58/100
|turn|12
|
|t:|1641799006
|switch|p2a: Cofagrigus|Cofagrigus, F|100/100
|-damage|p2a: Cofagrigus|88/100|[from] Stealth Rock
|move|p1a: Steelix|Earthquake|p2a: Cofagrigus
|-damage|p2a: Cofagrigus|62/100
|
|-heal|p1a: Steelix|64/100|[from] item: Leftovers
|-heal|p2a: Cofagrigus|68/100|[from] item: Leftovers
|upkeep
|turn|13
|
|t:|1641799016
|switch|p1a: Swampert|Swampert, F|14/100
|move|p2a: Cofagrigus|Toxic Spikes|p1a: Swampert
|-sidestart|p1: ghjklq|move: Toxic Spikes
|
|-heal|p2a: Cofagrigus|74/100|[from] item: Leftovers
|upkeep
|turn|14
|
|t:|1641799024
|move|p1a: Swampert|Earthquake|p2a: Cofagrigus
|-damage|p2a: Cofagrigus|45/100
|move|p2a: Cofagrigus|Toxic|p1a: Swampert
|-status|p1a: Swampert|tox
|
|-heal|p2a: Cofagrigus|51/100|[from] item: Leftovers
|-damage|p1a: Swampert|8/100 tox|[from] psn
|upkeep
|turn|15
|
|t:|1641799037
|move|p1a: Swampert|Liquidation|p2a: Cofagrigus
|-damage|p2a: Cofagrigus|11/100
|-unboost|p2a: Cofagrigus|def|1
|-activate|p2a: Cofagrigus|ability: Mummy|Torrent|[of] p1a: Swampert
|move|p2a: Cofagrigus|Toxic Spikes|p1a: Swampert
|-sidestart|p1: ghjklq|move: Toxic Spikes
|
|-heal|p2a: Cofagrigus|18/100|[from] item: Leftovers
|-damage|p1a: Swampert|0 fnt|[from] psn
|faint|p1a: Swampert
|upkeep
|
|t:|1641799044
|switch|p1a: Marowak|Marowak, M|100/100
|-status|p1a: Marowak|tox
|turn|16
|
|t:|1641799055
|move|p1a: Marowak|Earthquake|p2a: Cofagrigus
|-damage|p2a: Cofagrigus|0 fnt
|faint|p2a: Cofagrigus
|
|-damage|p1a: Marowak|94/100 tox|[from] psn
|upkeep
|
|t:|1641799060
|switch|p2a: Dragapult|Dragapult, M|22/100
|-damage|p2a: Dragapult|9/100|[from] Stealth Rock
|turn|17
|
|t:|1641799069
|move|p2a: Dragapult|Hex|p1a: Marowak
|-damage|p1a: Marowak|0 fnt
|faint|p1a: Marowak
|
|upkeep
|
|t:|1641799074
|switch|p1a: Steelix|Steelix, F|64/100
|turn|18
|
|t:|1641799079
|move|p2a: Dragapult|Hex|p1a: Steelix
|-damage|p1a: Steelix|5/100
|move|p1a: Steelix|Iron Head|p2a: Dragapult
|-damage|p2a: Dragapult|0 fnt
|faint|p2a: Dragapult
|
|-heal|p1a: Steelix|11/100|[from] item: Leftovers
|upkeep
|
|t:|1641799081
|switch|p2a: Mimikyu|Mimikyu, F|100/100
|-damage|p2a: Mimikyu|88/100|[from] Stealth Rock
|turn|19
|
|t:|1641799084
|move|p2a: Mimikyu|Swords Dance|p2a: Mimikyu
|-boost|p2a: Mimikyu|atk|2
|move|p1a: Steelix|Iron Head|p2a: Mimikyu
|-activate|p2a: Mimikyu|ability: Disguise
|-damage|p2a: Mimikyu|88/100
|detailschange|p2a: Mimikyu|Mimikyu-Busted, F
|-damage|p2a: Mimikyu|76/100|[from] pokemon: Mimikyu-Busted
|
|-heal|p1a: Steelix|17/100|[from] item: Leftovers
|upkeep
|turn|20
|
|t:|1641799091
|move|p2a: Mimikyu|Shadow Claw|p1a: Steelix
|-damage|p1a: Steelix|0 fnt
|faint|p1a: Steelix
|-damage|p2a: Mimikyu|66/100|[from] item: Life Orb
|
|upkeep
|
|t:|1641799093
|switch|p1a: Reuniclus|Reuniclus, F|100/100
|-status|p1a: Reuniclus|tox
|turn|21
|
|t:|1641799096
|move|p2a: Mimikyu|Shadow Claw|p1a: Reuniclus
|-supereffective|p1a: Reuniclus
|-damage|p1a: Reuniclus|0 fnt
|faint|p1a: Reuniclus
|-damage|p2a: Mimikyu|56/100|[from] item: Life Orb
|
|win|Yetagross
|raw|ghjklq's rating: 1393 &rarr; <strong>1369</strong><br />(-24 for losing)
|raw|Yetagross's rating: 1317 &rarr; <strong>1341</strong><br />(+24 for winning)
|l|☆ghjklq
