|j|☆TheArnazingMirror
|j|☆SoleSurvivorVGC
|t:|1641743848
|gametype|singles
|player|p1|TheArnazingMirror|hilbert|
|player|p2|SoleSurvivorVGC|hilbert|
|teamsize|p1|6
|teamsize|p2|6
|gen|8
|tier|[Gen 8] OU
|rule|Sleep Clause Mod: Limit one foe put to sleep
|rule|Species Clause: Limit one of each Pokémon
|rule|OHKO Clause: OHKO moves are banned
|rule|Evasion Moves Clause: Evasion moves are banned
|rule|Endless Battle Clause: Forcing endless battles is banned
|rule|HP Percentage Mod: HP is shown in percentages
|rule|Dynamax Clause: You cannot dynamax
|clearpoke
|poke|p1|Slowking-Galar, M|
|poke|p1|Weavile, F|
|poke|p1|Magnezone|
|poke|p1|Garchomp, F|
|poke|p1|Corviknight, F|
|poke|p1|Urshifu-*, M|
|poke|p2|Volcarona, M|
|poke|p2|Landorus-Therian, M|
|poke|p2|Magnezone|
|poke|p2|Kartana|
|poke|p2|Weavile, M|
|poke|p2|Tapu Fini|
|teampreview
|inactive|Battle timer is ON: inactive players will automatically lose when time's up. (requested by TheArnazingMirror)
|c|☆SoleSurvivorVGC|glhf
|c|☆TheArnazingMirror|u2
|c|☆SoleSurvivorVGC|ty
|inactive|SoleSurvivorVGC has 270 seconds left.
|
|t:|1641743884
|start
|switch|p1a: Magnezone|Magnezone|100/100
|switch|p2a: Pangea|Landorus-Therian, M|100/100
|-ability|p2a: Pangea|Intimidate|boost
|-unboost|p1a: Magnezone|atk|1
|turn|1
|
|t:|1641743894
|switch|p1a: Corviknight|Corviknight, F, shiny|100/100
|-ability|p1a: Corviknight|Pressure
|move|p2a: Pangea|Stealth Rock|p1a: Corviknight
|-sidestart|p1: TheArnazingMirror|move: Stealth Rock
|
|upkeep
|turn|2
|
|t:|1641743901
|move|p2a: Pangea|U-turn|p1a: Corviknight
|-resisted|p1a: Corviknight
|-damage|p1a: Corviknight|97/100
|-damage|p2a: Pangea|84/100|[from] item: Rocky Helmet|[of] p1a: Corviknight
|
|t:|1641743903
|switch|p2a: Mothra|Volcarona, M, shiny|100/100|[from]move: U-turn
|move|p1a: Corviknight|Defog|p2a: Mothra
|-unboost|p2a: Mothra|evasion|1
|-sideend|p1: TheArnazingMirror|Stealth Rock|[from] move: Defog|[of] p1a: Corviknight
|
|upkeep
|turn|3
|
|t:|1641743914
|switch|p2a: Pangea|Landorus-Therian, M|84/100
|-ability|p2a: Pangea|Intimidate|boost
|-unboost|p1a: Corviknight|atk|1
|move|p1a: Corviknight|Brave Bird|p2a: Pangea
|-damage|p2a: Pangea|66/100
|-damage|p1a: Corviknight|81/100|[from] item: Rocky Helmet|[of] p2a: Pangea
|-damage|p1a: Corviknight|75/100|[from] Recoil
|
|upkeep
|turn|4
|
|t:|1641743922
|move|p2a: Pangea|U-turn|p1a: Corviknight
|-resisted|p1a: Corviknight
|-crit|p1a: Corviknight
|-damage|p1a: Corviknight|70/100
|-damage|p2a: Pangea|49/100|[from] item: Rocky Helmet|[of] p1a: Corviknight
|
|t:|1641743926
|switch|p2a: Not Choice Scarf|Magnezone|100/100|[from]move: U-turn
|move|p1a: Corviknight|U-turn|p2a: Not Choice Scarf
|-resisted|p2a: Not Choice Scarf
|-damage|p2a: Not Choice Scarf|96/100
|
|t:|1641743931
|switch|p1a: Garchomp|Garchomp, F, shiny|100/100|[from]move: U-turn
|
|upkeep
|turn|5
|
|t:|1641743940
|move|p1a: Garchomp|Stealth Rock|p2a: Not Choice Scarf
|-sidestart|p2: SoleSurvivorVGC|move: Stealth Rock
|move|p2a: Not Choice Scarf|Flash Cannon|p1a: Garchomp
|-damage|p1a: Garchomp|62/100
|
|-heal|p1a: Garchomp|68/100|[from] item: Leftovers
|upkeep
|turn|6
|
|t:|1641743949
|switch|p2a: Pangea|Landorus-Therian, M|49/100
|-damage|p2a: Pangea|37/100|[from] Stealth Rock
|-ability|p2a: Pangea|Intimidate|boost
|-unboost|p1a: Garchomp|atk|1
|move|p1a: Garchomp|Toxic|p2a: Pangea
|-status|p2a: Pangea|tox
|
|-heal|p1a: Garchomp|74/100|[from] item: Leftovers
|-damage|p2a: Pangea|31/100 tox|[from] psn
|upkeep
|turn|7
|
|t:|1641743953
|move|p1a: Garchomp|Protect|p1a: Garchomp
|-singleturn|p1a: Garchomp|Protect
|move|p2a: Pangea|Stealth Rock|p1a: Garchomp
|-sidestart|p1: TheArnazingMirror|move: Stealth Rock
|
|-heal|p1a: Garchomp|80/100|[from] item: Leftovers
|-damage|p2a: Pangea|19/100 tox|[from] psn
|upkeep
|turn|8
|
|t:|1641743959
|switch|p1a: Corviknight|Corviknight, F, shiny|70/100
|-damage|p1a: Corviknight|57/100|[from] Stealth Rock
|-ability|p1a: Corviknight|Pressure
|move|p2a: Pangea|Toxic|p1a: Corviknight
|-immune|p1a: Corviknight
|
|-damage|p2a: Pangea|1/100 tox|[from] psn
|upkeep
|turn|9
|
|t:|1641743967
|move|p2a: Pangea|U-turn|p1a: Corviknight
|-resisted|p1a: Corviknight
|-damage|p1a: Corviknight|54/100
|-damage|p2a: Pangea|0 fnt|[from] item: Rocky Helmet|[of] p1a: Corviknight
|faint|p2a: Pangea
|move|p1a: Corviknight|U-turn|p2: Pangea|[notarget]
|-fail|p1a: Corviknight
|
|upkeep
|
|t:|1641743977
|switch|p2a: Not Choice Scarf|Magnezone|96/100
|-damage|p2a: Not Choice Scarf|90/100|[from] Stealth Rock
|turn|10
|
|t:|1641743990
|move|p2a: Not Choice Scarf|Thunderbolt|p1a: Corviknight
|-supereffective|p1a: Corviknight
|-damage|p1a: Corviknight|0 fnt
|faint|p1a: Corviknight
|
|upkeep
|
|t:|1641743996
|switch|p1a: Garchomp|Garchomp, F, shiny|80/100
|-damage|p1a: Garchomp|74/100|[from] Stealth Rock
|turn|11
|
|t:|1641744001
|move|p1a: Garchomp|Earthquake|p2a: Not Choice Scarf
|-supereffective|p2a: Not Choice Scarf
|-damage|p2a: Not Choice Scarf|0 fnt
|faint|p2a: Not Choice Scarf
|
|-heal|p1a: Garchomp|80/100|[from] item: Leftovers
|upkeep
|
|t:|1641744015
|switch|p2a: Subzero|Weavile, M|100/100
|-ability|p2a: Subzero|Pressure
|turn|12
|
|t:|1641744025
|switch|p1a: Urshifu|Urshifu-Rapid-Strike, M|100/100
|-damage|p1a: Urshifu|94/100|[from] Stealth Rock
|move|p2a: Subzero|Knock Off|p1a: Urshifu
|-resisted|p1a: Urshifu
|-damage|p1a: Urshifu|68/100
|-enditem|p1a: Urshifu|Choice Band|[from] move: Knock Off|[of] p2a: Subzero
|
|upkeep
|turn|13
|
|t:|1641744035
|switch|p2a: Ariel|Tapu Fini, shiny|100/100
|-damage|p2a: Ariel|88/100|[from] Stealth Rock
|-fieldstart|move: Misty Terrain|[from] ability: Misty Surge|[of] p2a: Ariel
|move|p1a: Urshifu|Close Combat|p2a: Ariel
|-resisted|p2a: Ariel
|-damage|p2a: Ariel|60/100
|-unboost|p1a: Urshifu|def|1
|-unboost|p1a: Urshifu|spd|1
|
|-heal|p2a: Ariel|66/100|[from] item: Leftovers
|upkeep
|turn|14
|
|t:|1641744043
|switch|p2a: Subzero|Weavile, M|100/100
|-ability|p2a: Subzero|Pressure
|move|p1a: Urshifu|U-turn|p2a: Subzero
|-supereffective|p2a: Subzero
|-damage|p2a: Subzero|17/100
|inactive|TheArnazingMirror has 270 seconds left.
|
|t:|1641744080
|switch|p1a: Slowking|Slowking-Galar, M, shiny|100/100|[from]move: U-turn
|-damage|p1a: Slowking|88/100|[from] Stealth Rock
|
|upkeep
|turn|15
|
|t:|1641744085
|move|p2a: Subzero|Knock Off|p1a: Slowking
|-supereffective|p1a: Slowking
|-damage|p1a: Slowking|0 fnt
|-enditem|p1a: Slowking|Assault Vest|[from] move: Knock Off|[of] p2a: Subzero
|faint|p1a: Slowking
|
|upkeep
|
|t:|1641744089
|switch|p1a: Weavile|Weavile, F|100/100
|-ability|p1a: Weavile|Pressure
|turn|16
|
|t:|1641744107
|switch|p2a: Mothra|Volcarona, M, shiny|100/100
|move|p1a: Weavile|Ice Shard|p2a: Mothra
|-resisted|p2a: Mothra
|-damage|p2a: Mothra|90/100
|
|upkeep
|turn|17
|
|t:|1641744119
|switch|p1a: Urshifu|Urshifu-Rapid-Strike, M|68/100
|-damage|p1a: Urshifu|62/100|[from] Stealth Rock
|move|p2a: Mothra|Quiver Dance|p2a: Mothra
|-boost|p2a: Mothra|spa|1
|-boost|p2a: Mothra|spd|1
|-boost|p2a: Mothra|spe|1
|
|-fieldend|Misty Terrain
|upkeep
|turn|18
|
|t:|1641744123
|move|p2a: Mothra|Psychic|p1a: Urshifu
|-supereffective|p1a: Urshifu
|-damage|p1a: Urshifu|0 fnt
|faint|p1a: Urshifu
|
|upkeep
|
|t:|1641744130
|switch|p1a: Garchomp|Garchomp, F, shiny|80/100
|-damage|p1a: Garchomp|74/100|[from] Stealth Rock
|turn|19
|
|t:|1641744136
|move|p2a: Mothra|Psychic|p1a: Garchomp
|-damage|p1a: Garchomp|39/100
|move|p1a: Garchomp|Earthquake|p2a: Mothra
|-damage|p2a: Mothra|53/100
|
|-heal|p1a: Garchomp|45/100|[from] item: Leftovers
|upkeep
|turn|20
|
|t:|1641744145
|move|p1a: Garchomp|Protect|p1a: Garchomp
|-singleturn|p1a: Garchomp|Protect
|move|p2a: Mothra|Quiver Dance|p2a: Mothra
|-boost|p2a: Mothra|spa|1
|-boost|p2a: Mothra|spd|1
|-boost|p2a: Mothra|spe|1
|
|-heal|p1a: Garchomp|51/100|[from] item: Leftovers
|upkeep
|turn|21
|
|t:|1641744150
|move|p1a: Garchomp|Protect|p1a: Garchomp
|-singleturn|p1a: Garchomp|Protect
|move|p2a: Mothra|Psychic|p1a: Garchomp
|-activate|p1a: Garchomp|move: Protect
|
|-heal|p1a: Garchomp|57/100|[from] item: Leftovers
|upkeep
|turn|22
|
|t:|1641744156
|move|p2a: Mothra|Psychic|p1a: Garchomp
|-damage|p1a: Garchomp|8/100
|move|p1a: Garchomp|Toxic|p2a: Mothra
|-status|p2a: Mothra|tox
|
|-heal|p1a: Garchomp|15/100|[from] item: Leftovers
|-damage|p2a: Mothra|47/100 tox|[from] psn
|upkeep
|turn|23
|
|t:|1641744162
|move|p1a: Garchomp|Protect|p1a: Garchomp
|-singleturn|p1a: Garchomp|Protect
|move|p2a: Mothra|Roost|p2a: Mothra
|-heal|p2a: Mothra|97/100 tox
|-singleturn|p2a: Mothra|move: Roost
|
|-heal|p1a: Garchomp|21/100|[from] item: Leftovers
|-damage|p2a: Mothra|84/100 tox|[from] psn
|upkeep
|turn|24
|
|t:|1641744169
|move|p1a: Garchomp|Protect|p1a: Garchomp
|-singleturn|p1a: Garchomp|Protect
|move|p2a: Mothra|Psychic|p1a: Garchomp
|-activate|p1a: Garchomp|move: Protect
|
|-heal|p1a: Garchomp|27/100|[from] item: Leftovers
|-damage|p2a: Mothra|66/100 tox|[from] psn
|upkeep
|turn|25
|
|t:|1641744177
|move|p1a: Garchomp|Protect||[still]
|-fail|p1a: Garchomp
|move|p2a: Mothra|Psychic|p1a: Garchomp
|-damage|p1a: Garchomp|0 fnt
|faint|p1a: Garchomp
|
|-damage|p2a: Mothra|41/100 tox|[from] psn
|upkeep
|
|t:|1641744183
|switch|p1a: Magnezone|Magnezone|100/100
|-damage|p1a: Magnezone|94/100|[from] Stealth Rock
|turn|26
|
|t:|1641744187
|move|p2a: Mothra|Flamethrower|p1a: Magnezone
|-supereffective|p1a: Magnezone
|-damage|p1a: Magnezone|0 fnt
|faint|p1a: Magnezone
|
|-damage|p2a: Mothra|11/100 tox|[from] psn
|upkeep
|
|t:|1641744195
|switch|p1a: Weavile|Weavile, F|100/100
|-ability|p1a: Weavile|Pressure
|turn|27
|
|t:|1641744205
|move|p2a: Mothra|Flamethrower|p1a: Weavile
|-supereffective|p1a: Weavile
|-damage|p1a: Weavile|0 fnt
|faint|p1a: Weavile
|
|win|SoleSurvivorVGC
|c|☆TheArnazingMirror|gg
|l|☆TheArnazingMirror
|c|☆SoleSurvivorVGC|gg
