|j|☆reclamation_sage
|j|☆hanserzsh2001
|t:|1641811851
|gametype|singles
|player|p1|reclamation_sage|170|1359
|player|p2|hanserzsh2001|dawn|1350
|teamsize|p1|6
|teamsize|p2|6
|gen|8
|tier|[Gen 8] OU
|rated|
|rule|Sleep Clause Mod: Limit one foe put to sleep
|rule|Species Clause: Limit one of each Pokémon
|rule|OHKO Clause: OHKO moves are banned
|rule|Evasion Moves Clause: Evasion moves are banned
|rule|Endless Battle Clause: Forcing endless battles is banned
|rule|HP Percentage Mod: HP is shown in percentages
|rule|Dynamax Clause: You cannot dynamax
|clearpoke
|poke|p1|Tangrowth, M|
|poke|p1|Audino, F|
|poke|p1|Garchomp, F|
|poke|p1|Gastrodon, M|
|poke|p1|Landorus-Therian, M|
|poke|p1|Metagross|
|poke|p2|Pelipper, M|
|poke|p2|Volcanion|
|poke|p2|Thundurus-Therian, M|
|poke|p2|Ferrothorn, M|
|poke|p2|Barraskewda, M|
|poke|p2|Blastoise, M|
|teampreview
|inactive|Battle timer is ON: inactive players will automatically lose when time's up. (requested by hanserzsh2001)
|
|t:|1641811858
|start
|switch|p1a: Gastrodon|Gastrodon, M|100/100
|switch|p2a: Pelipper|Pelipper, M|100/100
|-weather|RainDance|[from] ability: Drizzle|[of] p2a: Pelipper
|turn|1
|
|t:|1641811862
|move|p2a: Pelipper|U-turn|p1a: Gastrodon
|-damage|p1a: Gastrodon|92/100
|
|t:|1641811865
|switch|p2a: Ferrothorn|Ferrothorn, M|100/100|[from]move: U-turn
|move|p1a: Gastrodon|Scald|p2a: Ferrothorn
|-resisted|p2a: Ferrothorn
|-damage|p2a: Ferrothorn|88/100
|
|-weather|RainDance|[upkeep]
|-heal|p1a: Gastrodon|98/100|[from] item: Leftovers
|-heal|p2a: Ferrothorn|95/100|[from] item: Leftovers
|upkeep
|turn|2
|
|t:|1641811870
|switch|p1a: Metagross|Metagross|100/100
|move|p2a: Ferrothorn|Stealth Rock|p1a: Metagross
|-sidestart|p1: reclamation_sage|move: Stealth Rock
|
|-weather|RainDance|[upkeep]
|-heal|p2a: Ferrothorn|100/100|[from] item: Leftovers
|upkeep
|turn|3
|
|t:|1641811876
|switch|p2a: Volcanion|Volcanion|100/100
|move|p1a: Metagross|Trick|p2a: Volcanion
|-activate|p1a: Metagross|move: Trick|[of] p2a: Volcanion
|-item|p2a: Volcanion|Choice Scarf|[from] move: Trick
|-item|p1a: Metagross|Choice Specs|[from] move: Trick
|
|-weather|RainDance|[upkeep]
|upkeep
|turn|4
|
|t:|1641811885
|switch|p1a: Gastrodon|Gastrodon, M|98/100
|-damage|p1a: Gastrodon|92/100|[from] Stealth Rock
|move|p2a: Volcanion|Steam Eruption|p1a: Gastrodon
|-ability|p1a: Gastrodon|Storm Drain|boost
|-boost|p1a: Gastrodon|spa|1
|
|-weather|RainDance|[upkeep]
|-heal|p1a: Gastrodon|98/100|[from] item: Leftovers
|upkeep
|turn|5
|
|t:|1641811895
|switch|p2a: Ferrothorn|Ferrothorn, M|100/100
|move|p1a: Gastrodon|Scald|p2a: Ferrothorn
|-resisted|p2a: Ferrothorn
|-damage|p2a: Ferrothorn|80/100
|
|-weather|RainDance|[upkeep]
|-heal|p1a: Gastrodon|100/100|[from] item: Leftovers
|-heal|p2a: Ferrothorn|86/100|[from] item: Leftovers
|upkeep
|turn|6
|
|t:|1641811901
|switch|p1a: Landorus|Landorus-Therian, M|100/100
|-ability|p1a: Landorus|Intimidate|boost
|-unboost|p2a: Ferrothorn|atk|1
|move|p2a: Ferrothorn|Leech Seed|p1a: Landorus
|-start|p1a: Landorus|move: Leech Seed
|
|-weather|RainDance|[upkeep]
|-heal|p2a: Ferrothorn|93/100|[from] item: Leftovers
|-damage|p1a: Landorus|88/100|[from] Leech Seed|[of] p2a: Ferrothorn
|-heal|p2a: Ferrothorn|100/100|[silent]
|upkeep
|turn|7
|
|t:|1641811908
|move|p1a: Landorus|Defog|p2a: Ferrothorn
|-unboost|p2a: Ferrothorn|evasion|1
|-sideend|p1: reclamation_sage|Stealth Rock|[from] move: Defog|[of] p1a: Landorus
|move|p2a: Ferrothorn|Knock Off|p1a: Landorus
|-damage|p1a: Landorus|78/100
|-enditem|p1a: Landorus|Heavy-Duty Boots|[from] move: Knock Off|[of] p2a: Ferrothorn
|
|-weather|RainDance|[upkeep]
|-damage|p1a: Landorus|66/100|[from] Leech Seed|[of] p2a: Ferrothorn
|upkeep
|turn|8
|
|t:|1641811912
|move|p1a: Landorus|Stealth Rock|p2a: Ferrothorn
|-sidestart|p2: hanserzsh2001|move: Stealth Rock
|move|p2a: Ferrothorn|Stealth Rock|p1a: Landorus
|-sidestart|p1: reclamation_sage|move: Stealth Rock
|
|-weather|none
|-damage|p1a: Landorus|54/100|[from] Leech Seed|[of] p2a: Ferrothorn
|upkeep
|turn|9
|
|t:|1641811922
|switch|p1a: Tangrowth|Tangrowth, M|100/100
|-damage|p1a: Tangrowth|88/100|[from] Stealth Rock
|move|p2a: Ferrothorn|Knock Off|p1a: Tangrowth
|-damage|p1a: Tangrowth|80/100
|-damage|p2a: Ferrothorn|84/100|[from] item: Rocky Helmet|[of] p1a: Tangrowth
|-enditem|p1a: Tangrowth|Rocky Helmet|[from] move: Knock Off|[of] p2a: Ferrothorn
|
|-heal|p2a: Ferrothorn|90/100|[from] item: Leftovers
|upkeep
|turn|10
|
|t:|1641811937
|switch|p2a: Pelipper|Pelipper, M|100/100
|-damage|p2a: Pelipper|75/100|[from] Stealth Rock
|-weather|RainDance|[from] ability: Drizzle|[of] p2a: Pelipper
|move|p1a: Tangrowth|Leech Seed|p2a: Pelipper
|-start|p2a: Pelipper|move: Leech Seed
|
|-weather|RainDance|[upkeep]
|-damage|p2a: Pelipper|63/100|[from] Leech Seed|[of] p1a: Tangrowth
|-heal|p1a: Tangrowth|90/100|[silent]
|upkeep
|turn|11
|
|t:|1641811943
|switch|p1a: Audino|Audino, F|100/100
|-damage|p1a: Audino|88/100|[from] Stealth Rock
|move|p2a: Pelipper|U-turn|p1a: Audino
|-damage|p1a: Audino|80/100
|
|t:|1641811952
|switch|p2a: Barraskewda|Barraskewda, M|100/100|[from]move: U-turn
|-damage|p2a: Barraskewda|88/100|[from] Stealth Rock
|
|-weather|RainDance|[upkeep]
|-heal|p1a: Audino|86/100|[from] item: Leftovers
|upkeep
|turn|12
|
|t:|1641811957
|switch|p1a: Tangrowth|Tangrowth, M|100/100
|-damage|p1a: Tangrowth|88/100|[from] Stealth Rock
|move|p2a: Barraskewda|Flip Turn|p1a: Tangrowth
|-resisted|p1a: Tangrowth
|-damage|p1a: Tangrowth|75/100
|
|t:|1641811967
|switch|p2a: Blastoise|Blastoise, M|100/100|[from]move: Flip Turn
|-damage|p2a: Blastoise|88/100|[from] Stealth Rock
|
|-weather|RainDance|[upkeep]
|-heal|p2a: Blastoise|94/100|[from] ability: Rain Dish
|upkeep
|turn|13
|
|t:|1641811970
|switch|p1a: Gastrodon|Gastrodon, M|100/100
|-damage|p1a: Gastrodon|94/100|[from] Stealth Rock
|move|p2a: Blastoise|Shell Smash|p2a: Blastoise
|-unboost|p2a: Blastoise|def|1
|-unboost|p2a: Blastoise|spd|1
|-boost|p2a: Blastoise|atk|2
|-boost|p2a: Blastoise|spa|2
|-boost|p2a: Blastoise|spe|2
|-enditem|p2a: Blastoise|White Herb
|-clearnegativeboost|p2a: Blastoise|[silent]
|
|-weather|RainDance|[upkeep]
|-heal|p2a: Blastoise|99/100|[from] ability: Rain Dish
|-heal|p1a: Gastrodon|100/100|[from] item: Leftovers
|upkeep
|turn|14
|
|t:|1641811975
|move|p2a: Blastoise|Ice Beam|p1a: Gastrodon
|-damage|p1a: Gastrodon|66/100
|move|p1a: Gastrodon|Scald|p2a: Blastoise
|-resisted|p2a: Blastoise
|-damage|p2a: Blastoise|79/100
|
|-weather|RainDance|[upkeep]
|-heal|p2a: Blastoise|85/100|[from] ability: Rain Dish
|-heal|p1a: Gastrodon|72/100|[from] item: Leftovers
|upkeep
|turn|15
|
|t:|1641811985
|move|p2a: Blastoise|Earthquake|p1a: Gastrodon
|-damage|p1a: Gastrodon|29/100
|move|p1a: Gastrodon|Scald|p2a: Blastoise
|-resisted|p2a: Blastoise
|-damage|p2a: Blastoise|65/100
|
|-weather|RainDance|[upkeep]
|-heal|p2a: Blastoise|71/100|[from] ability: Rain Dish
|-heal|p1a: Gastrodon|35/100|[from] item: Leftovers
|upkeep
|turn|16
|
|t:|1641811998
|switch|p1a: Audino|Audino, F|100/100
|-damage|p1a: Audino|88/100|[from] Stealth Rock
|move|p2a: Blastoise|Earthquake|p1a: Audino
|-damage|p1a: Audino|50/100
|
|-weather|RainDance|[upkeep]
|-heal|p2a: Blastoise|77/100|[from] ability: Rain Dish
|-heal|p1a: Audino|56/100|[from] item: Leftovers
|upkeep
|turn|17
|
|t:|1641812004
|move|p1a: Audino|Protect|p1a: Audino
|-singleturn|p1a: Audino|Protect
|move|p2a: Blastoise|Surf|p1a: Audino
|-activate|p1a: Audino|move: Protect
|
|-weather|none
|-heal|p1a: Audino|62/100|[from] item: Leftovers
|upkeep
|turn|18
|
|t:|1641812013
|move|p2a: Blastoise|Ice Beam|p1a: Audino
|-damage|p1a: Audino|28/100
|move|p1a: Audino|Wish|p1a: Audino
|
|-heal|p1a: Audino|34/100|[from] item: Leftovers
|upkeep
|turn|19
|
|t:|1641812032
|move|p1a: Audino|Protect|p1a: Audino
|-singleturn|p1a: Audino|Protect
|move|p2a: Blastoise|Shell Smash|p2a: Blastoise
|-unboost|p2a: Blastoise|def|1
|-unboost|p2a: Blastoise|spd|1
|-boost|p2a: Blastoise|atk|2
|-boost|p2a: Blastoise|spa|2
|-boost|p2a: Blastoise|spe|2
|
|-heal|p1a: Audino|84/100|[from] move: Wish|[wisher] Audino
|-heal|p1a: Audino|90/100|[from] item: Leftovers
|upkeep
|turn|20
|
|t:|1641812040
|move|p2a: Blastoise|Ice Beam|p1a: Audino
|-damage|p1a: Audino|41/100
|move|p1a: Audino|Body Slam|p2a: Blastoise
|-damage|p2a: Blastoise|38/100
|
|-heal|p1a: Audino|47/100|[from] item: Leftovers
|upkeep
|turn|21
|
|t:|1641812050
|move|p1a: Audino|Protect|p1a: Audino
|-singleturn|p1a: Audino|Protect
|move|p2a: Blastoise|Surf|p1a: Audino
|-activate|p1a: Audino|move: Protect
|
|-heal|p1a: Audino|53/100|[from] item: Leftovers
|upkeep
|turn|22
|
|t:|1641812055
|move|p2a: Blastoise|Surf|p1a: Audino
|-damage|p1a: Audino|0 fnt
|faint|p1a: Audino
|
|upkeep
|
|t:|1641812072
|switch|p1a: Garchomp|Garchomp, F|100/100
|-damage|p1a: Garchomp|94/100|[from] Stealth Rock
|turn|23
|
|t:|1641812075
|move|p2a: Blastoise|Ice Beam|p1a: Garchomp
|-supereffective|p1a: Garchomp
|-damage|p1a: Garchomp|0 fnt
|faint|p1a: Garchomp
|
|upkeep
|-message|reclamation_sage forfeited.
|
|win|hanserzsh2001
|raw|reclamation_sage's rating: 1359 &rarr; <strong>1338</strong><br />(-21 for losing)
|raw|hanserzsh2001's rating: 1350 &rarr; <strong>1371</strong><br />(+21 for winning)
|l|☆reclamation_sage
