|j|☆ThatDamnPipsqueak
|j|☆weloveeevee
|t:|1641844267
|gametype|singles
|player|p1|ThatDamnPipsqueak|cynthia-gen4|1292
|player|p2|weloveeevee|brawly|1308
|teamsize|p1|6
|teamsize|p2|6
|gen|8
|tier|[Gen 8] OU
|rated|
|rule|Sleep Clause Mod: Limit one foe put to sleep
|rule|Species Clause: Limit one of each Pokémon
|rule|OHKO Clause: OHKO moves are banned
|rule|Evasion Moves Clause: Evasion moves are banned
|rule|Endless Battle Clause: Forcing endless battles is banned
|rule|HP Percentage Mod: HP is shown in percentages
|rule|Dynamax Clause: You cannot dynamax
|clearpoke
|poke|p1|Tapu Lele|
|poke|p1|Urshifu-*, M|
|poke|p1|Corviknight, M|
|poke|p1|Landorus-Therian, M|
|poke|p1|Magnezone|
|poke|p1|Clefable, F|
|poke|p2|Slowbro, M|
|poke|p2|Blissey, F|
|poke|p2|Ditto|
|poke|p2|Rillaboom, F|
|poke|p2|Dragapult, M|
|poke|p2|Toxapex, F|
|teampreview
|
|t:|1641844278
|start
|switch|p1a: Diana|Clefable, F, shiny|100/100
|switch|p2a: Dragapult|Dragapult, M|100/100
|turn|1
|inactive|Battle timer is ON: inactive players will automatically lose when time's up. (requested by ThatDamnPipsqueak)
|
|t:|1641844288
|switch|p2a: Blissey|Blissey, F|100/100
|move|p1a: Diana|Moonblast|p2a: Blissey
|-damage|p2a: Blissey|87/100
|
|-heal|p2a: Blissey|93/100|[from] item: Leftovers
|upkeep
|turn|2
|
|t:|1641844296
|switch|p1a: Murder|Corviknight, M, shiny|100/100
|-ability|p1a: Murder|Pressure
|move|p2a: Blissey|Stealth Rock|p1a: Murder
|-sidestart|p1: ThatDamnPipsqueak|move: Stealth Rock
|
|-heal|p2a: Blissey|99/100|[from] item: Leftovers
|upkeep
|turn|3
|
|t:|1641844308
|switch|p2a: Slowbro|Slowbro, M|100/100
|move|p1a: Murder|Defog|p2a: Slowbro
|-unboost|p2a: Slowbro|evasion|1
|-sideend|p1: ThatDamnPipsqueak|Stealth Rock|[from] move: Defog|[of] p1a: Murder
|
|upkeep
|turn|4
|
|t:|1641844329
|move|p1a: Murder|U-turn|p2a: Slowbro
|-supereffective|p2a: Slowbro
|-damage|p2a: Slowbro|82/100
|
|t:|1641844332
|switch|p1a: Unbearable|Urshifu-Rapid-Strike, M|100/100|[from]move: U-turn
|move|p2a: Slowbro|Whirlpool|p1a: Unbearable
|-resisted|p1a: Unbearable
|-damage|p1a: Unbearable|92/100
|-activate|p1a: Unbearable|move: Whirlpool|[of] p2a: Slowbro
|
|-damage|p1a: Unbearable|79/100|[from] move: Whirlpool|[partiallytrapped]
|upkeep
|turn|5
|
|t:|1641844343
|move|p1a: Unbearable|U-turn|p2a: Slowbro
|-supereffective|p2a: Slowbro
|-damage|p2a: Slowbro|54/100
|
|t:|1641844352
|switch|p1a: Get In The Zone|Magnezone, shiny|100/100|[from]move: U-turn
|move|p2a: Slowbro|Scald|p1a: Get In The Zone
|-damage|p1a: Get In The Zone|64/100
|
|upkeep
|turn|6
|
|t:|1641844376
|switch|p2a: Blissey|Blissey, F|99/100
|move|p1a: Get In The Zone|Volt Switch|p2a: Blissey
|-damage|p2a: Blissey|78/100
|
|t:|1641844382
|switch|p1a: Unbearable|Urshifu-Rapid-Strike, M|79/100|[from]move: Volt Switch
|
|-heal|p2a: Blissey|85/100|[from] item: Leftovers
|upkeep
|turn|7
|
|t:|1641844403
|switch|p2a: Toxapex|Toxapex, F|100/100
|move|p1a: Unbearable|Surging Strikes|p2a: Toxapex
|-resisted|p2a: Toxapex
|-crit|p2a: Toxapex
|-damage|p2a: Toxapex|94/100
|-resisted|p2a: Toxapex
|-crit|p2a: Toxapex
|-damage|p2a: Toxapex|88/100
|-resisted|p2a: Toxapex
|-crit|p2a: Toxapex
|-damage|p2a: Toxapex|82/100
|-hitcount|p2a: Toxapex|3
|
|upkeep
|turn|8
|inactive|ThatDamnPipsqueak has 120 seconds left.
|
|t:|1641844425
|move|p1a: Unbearable|U-turn|p2a: Toxapex
|-resisted|p2a: Toxapex
|-damage|p2a: Toxapex|74/100
|
|t:|1641844428
|switch|p1a: Tapu Wash|Tapu Lele, shiny|100/100|[from]move: U-turn
|-fieldstart|move: Psychic Terrain|[from] ability: Psychic Surge|[of] p1a: Tapu Wash
|move|p2a: Toxapex|Knock Off|p1a: Tapu Wash
|-damage|p1a: Tapu Wash|76/100
|-enditem|p1a: Tapu Wash|Choice Scarf|[from] move: Knock Off|[of] p2a: Toxapex
|
|upkeep
|turn|9
|
|t:|1641844438
|switch|p2a: Slowbro|Slowbro, M|87/100
|move|p1a: Tapu Wash|Psyshock|p2a: Slowbro
|-resisted|p2a: Slowbro
|-damage|p2a: Slowbro|68/100
|
|upkeep
|turn|10
|
|t:|1641844446
|switch|p1a: Get In The Zone|Magnezone, shiny|64/100
|move|p2a: Slowbro|Whirlpool|p1a: Get In The Zone
|-damage|p1a: Get In The Zone|49/100
|-activate|p1a: Get In The Zone|move: Whirlpool|[of] p2a: Slowbro
|
|-damage|p1a: Get In The Zone|36/100|[from] move: Whirlpool|[partiallytrapped]
|upkeep
|turn|11
|c|☆weloveeevee|autozone
|c|☆ThatDamnPipsqueak|:D
|
|t:|1641844463
|switch|p2a: Blissey|Blissey, F|85/100
|move|p1a: Get In The Zone|Volt Switch|p2a: Blissey
|-damage|p2a: Blissey|62/100
|c|☆weloveeevee|I like it lol
|
|t:|1641844469
|switch|p1a: Unbearable|Urshifu-Rapid-Strike, M|79/100|[from]move: Volt Switch
|
|-heal|p2a: Blissey|68/100|[from] item: Leftovers
|upkeep
|turn|12
|
|t:|1641844478
|switch|p2a: Toxapex|Toxapex, F|100/100
|move|p1a: Unbearable|Close Combat|p2a: Toxapex
|-resisted|p2a: Toxapex
|-damage|p2a: Toxapex|81/100
|-unboost|p1a: Unbearable|def|1
|-unboost|p1a: Unbearable|spd|1
|
|-fieldend|move: Psychic Terrain
|upkeep
|turn|13
|
|t:|1641844488
|move|p1a: Unbearable|U-turn|p2a: Toxapex
|-resisted|p2a: Toxapex
|-damage|p2a: Toxapex|74/100
|
|t:|1641844491
|switch|p1a: Diana|Clefable, F, shiny|100/100|[from]move: U-turn
|move|p2a: Toxapex|Knock Off|p1a: Diana
|-resisted|p1a: Diana
|-damage|p1a: Diana|93/100
|-enditem|p1a: Diana|Leftovers|[from] move: Knock Off|[of] p2a: Toxapex
|
|upkeep
|turn|14
|
|t:|1641844503
|switch|p2a: Blissey|Blissey, F|68/100
|move|p1a: Diana|Stealth Rock|p2a: Blissey
|-sidestart|p2: weloveeevee|move: Stealth Rock
|
|-heal|p2a: Blissey|74/100|[from] item: Leftovers
|upkeep
|turn|15
|
|t:|1641844510
|move|p1a: Diana|Wish|p1a: Diana
|move|p2a: Blissey|Stealth Rock|p1a: Diana
|-sidestart|p1: ThatDamnPipsqueak|move: Stealth Rock
|
|-heal|p2a: Blissey|80/100|[from] item: Leftovers
|upkeep
|turn|16
|
|t:|1641844520
|switch|p2a: Rillaboom|Rillaboom, F|100/100
|-damage|p2a: Rillaboom|88/100|[from] Stealth Rock
|-fieldstart|move: Grassy Terrain|[from] ability: Grassy Surge|[of] p2a: Rillaboom
|move|p1a: Diana|Teleport|p1a: Diana
|
|t:|1641844542
|switch|p1a: Get In The Zone|Magnezone, shiny|36/100|[from]move: Teleport
|-damage|p1a: Get In The Zone|30/100|[from] Stealth Rock
|
|-heal|p1a: Get In The Zone|100/100|[from] move: Wish|[wisher] Diana
|-heal|p2a: Rillaboom|94/100|[from] Grassy Terrain
|upkeep
|turn|17
|inactive|ThatDamnPipsqueak has 120 seconds left.
|
|t:|1641844590
|move|p1a: Get In The Zone|Volt Switch|p2a: Rillaboom
|-resisted|p2a: Rillaboom
|-damage|p2a: Rillaboom|57/100
|
|t:|1641844597
|switch|p1a: Childish G|Landorus-Therian, M, shiny|100/100|[from]move: Volt Switch
|-damage|p1a: Childish G|88/100|[from] Stealth Rock
|-ability|p1a: Childish G|Intimidate|boost
|-unboost|p2a: Rillaboom|atk|1
|move|p2a: Rillaboom|Superpower|p1a: Childish G
|-resisted|p1a: Childish G
|-damage|p1a: Childish G|66/100
|-unboost|p2a: Rillaboom|atk|1
|-unboost|p2a: Rillaboom|def|1
|
|-heal|p1a: Childish G|72/100|[from] item: Leftovers
|-heal|p2a: Rillaboom|64/100|[from] Grassy Terrain
|upkeep
|turn|18
|
|t:|1641844610
|switch|p2a: Slowbro|Slowbro, M|100/100
|-damage|p2a: Slowbro|88/100|[from] Stealth Rock
|move|p1a: Childish G|Toxic|p2a: Slowbro
|-status|p2a: Slowbro|tox
|
|-heal|p1a: Childish G|78/100|[from] item: Leftovers
|-heal|p2a: Slowbro|94/100 tox|[from] Grassy Terrain
|-damage|p2a: Slowbro|88/100 tox|[from] psn
|upkeep
|turn|19
|
|t:|1641844620
|move|p1a: Childish G|U-turn|p2a: Slowbro
|-supereffective|p2a: Slowbro
|-damage|p2a: Slowbro|59/100 tox
|
|t:|1641844623
|switch|p1a: Diana|Clefable, F, shiny|93/100|[from]move: U-turn
|move|p2a: Slowbro|Body Press|p1a: Diana
|-resisted|p1a: Diana
|-damage|p1a: Diana|79/100
|
|-heal|p1a: Diana|85/100|[from] Grassy Terrain
|-heal|p2a: Slowbro|66/100 tox|[from] Grassy Terrain
|-damage|p2a: Slowbro|53/100 tox|[from] psn
|upkeep
|turn|20
|
|t:|1641844638
|switch|p2a: Rillaboom|Rillaboom, F|64/100
|-damage|p2a: Rillaboom|51/100|[from] Stealth Rock
|move|p1a: Diana|Wish|p1a: Diana
|
|-heal|p2a: Rillaboom|57/100|[from] Grassy Terrain
|-heal|p1a: Diana|91/100|[from] Grassy Terrain
|-fieldend|move: Grassy Terrain
|upkeep
|turn|21
|
|t:|1641844653
|switch|p1a: Tapu Wash|Tapu Lele, shiny|76/100
|-damage|p1a: Tapu Wash|63/100|[from] Stealth Rock
|-fieldstart|move: Psychic Terrain|[from] ability: Psychic Surge|[of] p1a: Tapu Wash
|move|p2a: Rillaboom|Knock Off|p1a: Tapu Wash
|-damage|p1a: Tapu Wash|11/100
|
|-heal|p1a: Tapu Wash|81/100|[from] move: Wish|[wisher] Diana
|upkeep
|turn|22
|inactive|ThatDamnPipsqueak has 90 seconds left.
|
|t:|1641844669
|switch|p2a: Slowbro|Slowbro, M|86/100 tox
|-damage|p2a: Slowbro|74/100 tox|[from] Stealth Rock
|move|p1a: Tapu Wash|Moonblast|p2a: Slowbro
|-damage|p2a: Slowbro|36/100 tox
|
|-damage|p2a: Slowbro|30/100 tox|[from] psn
|upkeep
|turn|23
|
|t:|1641844683
|switch|p2a: Blissey|Blissey, F|80/100
|-damage|p2a: Blissey|68/100|[from] Stealth Rock
|move|p1a: Tapu Wash|Moonblast|p2a: Blissey
|-damage|p2a: Blissey|49/100
|
|-heal|p2a: Blissey|55/100|[from] item: Leftovers
|upkeep
|turn|24
|
|t:|1641844693
|switch|p1a: Murder|Corviknight, M, shiny|100/100
|-damage|p1a: Murder|88/100|[from] Stealth Rock
|-ability|p1a: Murder|Pressure
|move|p2a: Blissey|Healing Wish|p2a: Blissey
|faint|p2a: Blissey
|
|upkeep
|
|t:|1641844699
|switch|p2a: Slowbro|Slowbro, M|63/100 tox
|-heal|p2a: Slowbro|100/100|[from] move: Healing Wish
|-damage|p2a: Slowbro|88/100|[from] Stealth Rock
|turn|25
|
|t:|1641844706
|move|p1a: Murder|U-turn|p2a: Slowbro
|-supereffective|p2a: Slowbro
|-damage|p2a: Slowbro|70/100
|
|t:|1641844712
|switch|p1a: Get In The Zone|Magnezone, shiny|100/100|[from]move: U-turn
|-damage|p1a: Get In The Zone|94/100|[from] Stealth Rock
|move|p2a: Slowbro|Scald|p1a: Get In The Zone
|-damage|p1a: Get In The Zone|56/100
|
|-fieldend|move: Psychic Terrain
|upkeep
|turn|26
|
|t:|1641844721
|move|p1a: Get In The Zone|Volt Switch|p2a: Slowbro
|-supereffective|p2a: Slowbro
|-damage|p2a: Slowbro|0 fnt
|faint|p2a: Slowbro
|-message|weloveeevee forfeited.
|
|win|ThatDamnPipsqueak
|raw|ThatDamnPipsqueak's rating: 1292 &rarr; <strong>1318</strong><br />(+26 for winning)
|raw|weloveeevee's rating: 1308 &rarr; <strong>1287</strong><br />(-21 for losing)
|l|☆weloveeevee
