|j|☆DumbLick1337
|j|☆galaxyxxivory
|t:|1641842622
|gametype|singles
|player|p1|DumbLick1337|102|1333
|player|p2|galaxyxxivory|acetrainerf-gen4dp|1348
|teamsize|p1|6
|teamsize|p2|6
|gen|8
|tier|[Gen 8] OU
|rated|
|rule|Sleep Clause Mod: Limit one foe put to sleep
|rule|Species Clause: Limit one of each Pokémon
|rule|OHKO Clause: OHKO moves are banned
|rule|Evasion Moves Clause: Evasion moves are banned
|rule|Endless Battle Clause: Forcing endless battles is banned
|rule|HP Percentage Mod: HP is shown in percentages
|rule|Dynamax Clause: You cannot dynamax
|clearpoke
|poke|p1|Rotom-Heat|
|poke|p1|Corviknight, M|
|poke|p1|Clefable, M|
|poke|p1|Seismitoad, F|
|poke|p1|Hydreigon, M|
|poke|p1|Gyarados, F|
|poke|p2|Tapu Fini|
|poke|p2|Incineroar, M|
|poke|p2|Hatterene, F|
|poke|p2|Zapdos|
|poke|p2|Golurk|
|poke|p2|Garchomp, M|
|teampreview
|c|☆DumbLick1337|hf
|inactive|Battle timer is ON: inactive players will automatically lose when time's up. (requested by DumbLick1337)
|c|☆galaxyxxivory|gl
|
|t:|1641842636
|start
|switch|p1a: Clefable|Clefable, M|100/100
|switch|p2a: Golurk|Golurk|100/100
|turn|1
|
|t:|1641842642
|switch|p2a: Hatterene|Hatterene, F|100/100
|move|p1a: Clefable|Wish|p1a: Clefable
|
|upkeep
|turn|2
|
|t:|1641842648
|move|p1a: Clefable|Moonblast|p2a: Hatterene
|-damage|p2a: Hatterene|66/100
|move|p2a: Hatterene|Psychic|p1a: Clefable
|-damage|p1a: Clefable|68/100
|
|-heal|p1a: Clefable|100/100|[from] move: Wish|[wisher] Clefable
|-heal|p2a: Hatterene|72/100|[from] item: Leftovers
|upkeep
|turn|3
|
|t:|1641842661
|switch|p2a: Zapdos|Zapdos|100/100
|move|p1a: Clefable|Moonblast|p2a: Zapdos
|-damage|p2a: Zapdos|70/100
|
|upkeep
|turn|4
|
|t:|1641842668
|move|p2a: Zapdos|Hurricane|p1a: Clefable
|-damage|p1a: Clefable|57/100
|move|p1a: Clefable|Moonblast|p2a: Zapdos
|-damage|p2a: Zapdos|40/100
|-unboost|p2a: Zapdos|spa|1
|
|-heal|p1a: Clefable|63/100|[from] item: Leftovers
|upkeep
|turn|5
|
|t:|1641842678
|switch|p2a: Golurk|Golurk|100/100
|move|p1a: Clefable|Moonblast|p2a: Golurk
|-damage|p2a: Golurk|80/100
|
|-heal|p1a: Clefable|69/100|[from] item: Leftovers
|upkeep
|turn|6
|
|t:|1641842685
|move|p1a: Clefable|Protect|p1a: Clefable
|-singleturn|p1a: Clefable|Protect
|move|p2a: Golurk|Poltergeist|p1a: Clefable
|-activate|p1a: Clefable|move: Protect
|
|-heal|p1a: Clefable|75/100|[from] item: Leftovers
|upkeep
|turn|7
|
|t:|1641842692
|move|p1a: Clefable|Wish|p1a: Clefable
|move|p2a: Golurk|Poltergeist|p1a: Clefable
|-activate|p1a: Clefable|move: Poltergeist|Leftovers
|-damage|p1a: Clefable|23/100
|
|-heal|p1a: Clefable|29/100|[from] item: Leftovers
|upkeep
|turn|8
|
|t:|1641842700
|move|p1a: Clefable|Protect|p1a: Clefable
|-singleturn|p1a: Clefable|Protect
|move|p2a: Golurk|Earthquake|p1a: Clefable
|-activate|p1a: Clefable|move: Protect
|
|-heal|p1a: Clefable|79/100|[from] move: Wish|[wisher] Clefable
|-heal|p1a: Clefable|85/100|[from] item: Leftovers
|upkeep
|turn|9
|
|t:|1641842708
|move|p1a: Clefable|Wish|p1a: Clefable
|move|p2a: Golurk|Earthquake|p1a: Clefable
|-damage|p1a: Clefable|39/100
|
|-heal|p1a: Clefable|45/100|[from] item: Leftovers
|upkeep
|turn|10
|
|t:|1641842716
|switch|p2a: Garchomp|Garchomp, M|100/100
|move|p1a: Clefable|Protect||[still]
|-fail|p1a: Clefable
|
|-heal|p1a: Clefable|95/100|[from] move: Wish|[wisher] Clefable
|-heal|p1a: Clefable|100/100|[from] item: Leftovers
|upkeep
|turn|11
|
|t:|1641842724
|move|p2a: Garchomp|Stealth Rock|p1a: Clefable
|-sidestart|p1: DumbLick1337|move: Stealth Rock
|move|p1a: Clefable|Moonblast|p2a: Garchomp
|-supereffective|p2a: Garchomp
|-damage|p2a: Garchomp|38/100
|
|upkeep
|turn|12
|
|t:|1641842730
|move|p2a: Garchomp|Earthquake|p1a: Clefable
|-damage|p1a: Clefable|62/100
|move|p1a: Clefable|Moonblast|p2a: Garchomp
|-supereffective|p2a: Garchomp
|-damage|p2a: Garchomp|0 fnt
|faint|p2a: Garchomp
|
|-heal|p1a: Clefable|68/100|[from] item: Leftovers
|upkeep
|
|t:|1641842744
|switch|p2a: Tapu Fini|Tapu Fini, shiny|100/100
|-fieldstart|move: Misty Terrain|[from] ability: Misty Surge|[of] p2a: Tapu Fini
|turn|13
|
|t:|1641842750
|move|p2a: Tapu Fini|Taunt|p1a: Clefable
|-start|p1a: Clefable|move: Taunt
|move|p1a: Clefable|Moonblast|p2a: Tapu Fini
|-damage|p2a: Tapu Fini|74/100
|-unboost|p2a: Tapu Fini|spa|1
|
|-heal|p2a: Tapu Fini|80/100|[from] item: Leftovers
|-heal|p1a: Clefable|74/100|[from] item: Leftovers
|upkeep
|turn|14
|
|t:|1641842762
|move|p2a: Tapu Fini|Calm Mind|p2a: Tapu Fini
|-boost|p2a: Tapu Fini|spa|1
|-boost|p2a: Tapu Fini|spd|1
|move|p1a: Clefable|Moonblast|p2a: Tapu Fini
|-damage|p2a: Tapu Fini|63/100
|-unboost|p2a: Tapu Fini|spa|1
|
|-heal|p2a: Tapu Fini|69/100|[from] item: Leftovers
|-heal|p1a: Clefable|80/100|[from] item: Leftovers
|upkeep
|turn|15
|
|t:|1641842771
|move|p2a: Tapu Fini|Draining Kiss|p1a: Clefable
|-damage|p1a: Clefable|70/100
|-heal|p2a: Tapu Fini|78/100|[from] drain|[of] p1a: Clefable
|move|p1a: Clefable|Moonblast|p2a: Tapu Fini
|-damage|p2a: Tapu Fini|60/100
|
|-heal|p2a: Tapu Fini|66/100|[from] item: Leftovers
|-heal|p1a: Clefable|76/100|[from] item: Leftovers
|-end|p1a: Clefable|move: Taunt
|upkeep
|turn|16
|
|t:|1641842784
|switch|p2a: Incineroar|Incineroar, M|100/100
|-ability|p2a: Incineroar|Intimidate|boost
|-unboost|p1a: Clefable|atk|1
|move|p1a: Clefable|Moonblast|p2a: Incineroar
|-damage|p2a: Incineroar|74/100
|-unboost|p2a: Incineroar|spa|1
|
|-heal|p1a: Clefable|82/100|[from] item: Leftovers
|upkeep
|turn|17
|
|t:|1641842794
|move|p1a: Clefable|Protect|p1a: Clefable
|-singleturn|p1a: Clefable|Protect
|move|p2a: Incineroar|Darkest Lariat|p1a: Clefable
|-activate|p1a: Clefable|move: Protect
|
|-heal|p1a: Clefable|88/100|[from] item: Leftovers
|-fieldend|Misty Terrain
|upkeep
|turn|18
|
|t:|1641842801
|move|p2a: Incineroar|Will-O-Wisp|p1a: Clefable
|-status|p1a: Clefable|brn
|move|p1a: Clefable|Moonblast|p2a: Incineroar
|-damage|p2a: Incineroar|48/100
|
|-heal|p1a: Clefable|94/100 brn|[from] item: Leftovers
|upkeep
|turn|19
|
|t:|1641842809
|move|p2a: Incineroar|Parting Shot|p1a: Clefable
|-unboost|p1a: Clefable|atk|1
|-unboost|p1a: Clefable|spa|1
|
|t:|1641842812
|switch|p2a: Hatterene|Hatterene, F|72/100|[from]move: Parting Shot
|move|p1a: Clefable|Moonblast|p2a: Hatterene
|-damage|p2a: Hatterene|49/100
|
|-heal|p1a: Clefable|100/100 brn|[from] item: Leftovers
|-heal|p2a: Hatterene|55/100|[from] item: Leftovers
|upkeep
|turn|20
|
|t:|1641842820
|move|p1a: Clefable|Wish|p1a: Clefable
|move|p2a: Hatterene|Mystical Fire|p1a: Clefable
|-damage|p1a: Clefable|83/100 brn
|-unboost|p1a: Clefable|spa|1
|
|-heal|p1a: Clefable|89/100 brn|[from] item: Leftovers
|-heal|p2a: Hatterene|61/100|[from] item: Leftovers
|upkeep
|turn|21
|
|t:|1641842828
|move|p1a: Clefable|Moonblast|p2a: Hatterene
|-damage|p2a: Hatterene|45/100
|move|p2a: Hatterene|Healing Wish|p2a: Hatterene
|faint|p2a: Hatterene
|
|-heal|p1a: Clefable|100/100 brn|[from] move: Wish|[wisher] Clefable
|upkeep
|
|t:|1641842835
|switch|p2a: Tapu Fini|Tapu Fini, shiny|66/100
|-heal|p2a: Tapu Fini|100/100|[from] move: Healing Wish
|-fieldstart|move: Misty Terrain|[from] ability: Misty Surge|[of] p2a: Tapu Fini
|turn|22
|
|t:|1641842840
|switch|p1a: Seismitoad|Seismitoad, F|100/100
|-damage|p1a: Seismitoad|94/100|[from] Stealth Rock
|move|p2a: Tapu Fini|Calm Mind|p2a: Tapu Fini
|-boost|p2a: Tapu Fini|spa|1
|-boost|p2a: Tapu Fini|spd|1
|
|-heal|p1a: Seismitoad|100/100|[from] item: Leftovers
|upkeep
|turn|23
|
|t:|1641842848
|move|p2a: Tapu Fini|Surf|p1a: Seismitoad
|-immune|p1a: Seismitoad|[from] ability: Water Absorb
|move|p1a: Seismitoad|Stealth Rock|p2a: Tapu Fini
|-sidestart|p2: galaxyxxivory|move: Stealth Rock
|
|upkeep
|turn|24
|
|t:|1641842853
|switch|p1a: Gyarados|Gyarados, F|100/100
|-damage|p1a: Gyarados|76/100|[from] Stealth Rock
|move|p2a: Tapu Fini|Calm Mind|p2a: Tapu Fini
|-boost|p2a: Tapu Fini|spa|1
|-boost|p2a: Tapu Fini|spd|1
|
|-heal|p1a: Gyarados|82/100|[from] item: Leftovers
|upkeep
|turn|25
|
|t:|1641842861
|move|p1a: Gyarados|Dragon Dance|p1a: Gyarados
|-boost|p1a: Gyarados|atk|1
|-boost|p1a: Gyarados|spe|1
|move|p2a: Tapu Fini|Calm Mind|p2a: Tapu Fini
|-boost|p2a: Tapu Fini|spa|1
|-boost|p2a: Tapu Fini|spd|1
|
|-heal|p1a: Gyarados|88/100|[from] item: Leftovers
|upkeep
|turn|26
|
|t:|1641842867
|move|p1a: Gyarados|Dragon Dance|p1a: Gyarados
|-boost|p1a: Gyarados|atk|1
|-boost|p1a: Gyarados|spe|1
|move|p2a: Tapu Fini|Draining Kiss|p1a: Gyarados
|-damage|p1a: Gyarados|37/100
|
|-heal|p1a: Gyarados|43/100|[from] item: Leftovers
|-fieldend|Misty Terrain
|upkeep
|turn|27
|
|t:|1641842874
|move|p1a: Gyarados|Power Whip|p2a: Tapu Fini
|-supereffective|p2a: Tapu Fini
|-damage|p2a: Tapu Fini|0 fnt
|faint|p2a: Tapu Fini
|-ability|p1a: Gyarados|Moxie|boost
|-boost|p1a: Gyarados|atk|1
|
|-heal|p1a: Gyarados|49/100|[from] item: Leftovers
|upkeep
|
|t:|1641842882
|switch|p2a: Zapdos|Zapdos|40/100
|turn|28
|
|t:|1641842885
|move|p1a: Gyarados|Waterfall|p2a: Zapdos
|-damage|p2a: Zapdos|0 fnt
|faint|p2a: Zapdos
|-ability|p1a: Gyarados|Moxie|boost
|-boost|p1a: Gyarados|atk|1
|
|-heal|p1a: Gyarados|55/100|[from] item: Leftovers
|upkeep
|-message|galaxyxxivory forfeited.
|
|win|DumbLick1337
|raw|DumbLick1337's rating: 1333 &rarr; <strong>1354</strong><br />(+21 for winning)
|raw|galaxyxxivory's rating: 1348 &rarr; <strong>1327</strong><br />(-21 for losing)
|c|☆DumbLick1337|gg
|l|☆galaxyxxivory
