|j|☆Eu188q717188191
|j|☆Ralsei Hatty
|t:|1641833457
|gametype|singles
|player|p1|Eu188q717188191|pokemonranger-gen4|
|player|p2|Ralsei Hatty|thorton|
|teamsize|p1|6
|teamsize|p2|6
|gen|8
|tier|[Gen 8] OU
|rated|Tournament battle
|rule|Sleep Clause Mod: Limit one foe put to sleep
|rule|Species Clause: Limit one of each Pokémon
|rule|OHKO Clause: OHKO moves are banned
|rule|Evasion Moves Clause: Evasion moves are banned
|rule|Endless Battle Clause: Forcing endless battles is banned
|rule|HP Percentage Mod: HP is shown in percentages
|rule|Dynamax Clause: You cannot dynamax
|clearpoke
|poke|p1|Slowking-Galar, M|
|poke|p1|Weavile, M|
|poke|p1|Magnezone|
|poke|p1|Garchomp, M|
|poke|p1|Corviknight, F|
|poke|p1|Urshifu-*, F|
|poke|p2|Ninetales-Alola, M|
|poke|p2|Tapu Fini|
|poke|p2|Blacephalon|
|poke|p2|Scizor, M|
|poke|p2|Urshifu-*, M|
|poke|p2|Volcarona, M|
|teampreview
|inactive|Battle timer is ON: inactive players will automatically lose when time's up. (requested by Eu188q717188191)
|c|☆Ralsei Hatty|...
|c|☆Ralsei Hatty|eu te odeio
|c|☆Ralsei Hatty|pq vc usa Corviknight
|c|☆Eu188q717188191|Pq?
|c|☆Eu188q717188191|Ata
|c|☆Eu188q717188191|Ele é legal po
|c|☆Eu188q717188191|Passarozim massa
|c|☆Ralsei Hatty|odeio cada player que spamma essa porra nos times
|c|☆Ralsei Hatty|o Corviknight é foda
|inactive|Eu188q717188191 has 120 seconds left.
|c|☆Ralsei Hatty|mas eu odeio os players
|c|☆Ralsei Hatty|que so spammam essa porra
|
|t:|1641833497
|start
|switch|p1a: Slowking|Slowking-Galar, M, shiny|100/100
|switch|p2a: Caesar|Urshifu-Rapid-Strike, M|100/100
|turn|1
|
|t:|1641833503
|move|p2a: Caesar|Surging Strikes|p1a: Slowking
|-crit|p1a: Slowking
|-damage|p1a: Slowking|79/100
|-crit|p1a: Slowking
|-damage|p1a: Slowking|61/100
|-crit|p1a: Slowking
|-damage|p1a: Slowking|42/100
|-hitcount|p1a: Slowking|3
|move|p1a: Slowking|Future Sight|p2a: Caesar
|-start|p1a: Slowking|move: Future Sight
|
|upkeep
|turn|2
|c|☆Eu188q717188191|Choice band?
|
|t:|1641833523
|switch|p1a: Corviknight|Corviknight, F, shiny|100/100
|-ability|p1a: Corviknight|Pressure
|move|p2a: Caesar|Surging Strikes|p1a: Corviknight
|-crit|p1a: Corviknight
|-damage|p1a: Corviknight|88/100
|-damage|p2a: Caesar|84/100|[from] item: Rocky Helmet|[of] p1a: Corviknight
|-crit|p1a: Corviknight
|-damage|p1a: Corviknight|76/100
|-damage|p2a: Caesar|68/100|[from] item: Rocky Helmet|[of] p1a: Corviknight
|-crit|p1a: Corviknight
|-damage|p1a: Corviknight|64/100
|-damage|p2a: Caesar|51/100|[from] item: Rocky Helmet|[of] p1a: Corviknight
|-hitcount|p1a: Corviknight|3
|
|upkeep
|turn|3
|c|☆Ralsei Hatty|n
|
|t:|1641833532
|move|p2a: Caesar|Surging Strikes|p1a: Corviknight
|-crit|p1a: Corviknight
|-damage|p1a: Corviknight|51/100
|-damage|p2a: Caesar|35/100|[from] item: Rocky Helmet|[of] p1a: Corviknight
|-crit|p1a: Corviknight
|-damage|p1a: Corviknight|38/100
|-damage|p2a: Caesar|18/100|[from] item: Rocky Helmet|[of] p1a: Corviknight
|-crit|p1a: Corviknight
|-damage|p1a: Corviknight|26/100
|-damage|p2a: Caesar|2/100|[from] item: Rocky Helmet|[of] p1a: Corviknight
|-hitcount|p1a: Corviknight|3
|move|p1a: Corviknight|Roost|p1a: Corviknight
|-heal|p1a: Corviknight|76/100
|-singleturn|p1a: Corviknight|move: Roost
|
|-end|p2a: Caesar|move: Future Sight
|-supereffective|p2a: Caesar
|-damage|p2a: Caesar|0 fnt
|faint|p2a: Caesar
|upkeep
|c|☆Ralsei Hatty|choice scarf
|c|☆Ralsei Hatty|:)))
|c|☆Ralsei Hatty|kkk
|j| yGon
|
|t:|1641833539
|switch|p2a: Joker|Blacephalon, shiny|100/100
|turn|4
|c|☆Eu188q717188191|Aaata
|c|☆Eu188q717188191|Dano do caramba em
|c| yGon|ta fazendo oq aqui hatty
|
|t:|1641833551
|switch|p1a: Garchomp|Garchomp, M, shiny|100/100
|move|p2a: Joker|Psychic|p1a: Garchomp
|-damage|p1a: Garchomp|49/100
|
|-heal|p1a: Garchomp|55/100|[from] item: Leftovers
|upkeep
|turn|5
|c|☆Ralsei Hatty|aguentando essa porra que chamam de COrviknight
|
|t:|1641833560
|move|p2a: Joker|Psychic|p1a: Garchomp
|-damage|p1a: Garchomp|3/100
|move|p1a: Garchomp|Stealth Rock|p2a: Joker
|-sidestart|p2: Ralsei Hatty|move: Stealth Rock
|
|-heal|p1a: Garchomp|10/100|[from] item: Leftovers
|upkeep
|turn|6
|c|☆Ralsei Hatty|ah nao
|c|☆Ralsei Hatty|o Weavile
|c|☆Ralsei Hatty|esqueci
|c|☆Ralsei Hatty|fudeu
|
|t:|1641833569
|move|p1a: Garchomp|Protect|p1a: Garchomp
|-singleturn|p1a: Garchomp|Protect
|move|p2a: Joker|Psychic|p1a: Garchomp
|-activate|p1a: Garchomp|move: Protect
|
|-heal|p1a: Garchomp|16/100|[from] item: Leftovers
|upkeep
|turn|7
|c|☆Eu188q717188191|K
|
|t:|1641833575
|move|p2a: Joker|Psychic|p1a: Garchomp
|-damage|p1a: Garchomp|0 fnt
|faint|p1a: Garchomp
|-ability|p2a: Joker|Beast Boost|boost
|-boost|p2a: Joker|spa|1
|
|upkeep
|
|t:|1641833580
|switch|p1a: Urshifu|Urshifu-Rapid-Strike, F|100/100
|turn|8
|
|t:|1641833584
|move|p1a: Urshifu|Aqua Jet|p2a: Joker
|-supereffective|p2a: Joker
|-crit|p2a: Joker
|-damage|p2a: Joker|0 fnt
|faint|p2a: Joker
|
|upkeep
|c| yGon|avatar comico o seu
|c|☆Eu188q717188191|Naaaao
|c|☆Ralsei Hatty|aqua
|c|☆Ralsei Hatty|jato
|c|☆Eu188q717188191|Ufa
|c|☆Eu188q717188191|Deu
|c|☆Ralsei Hatty|._.
|c|☆Ralsei Hatty|why?
|
|t:|1641833595
|switch|p2a: Kurama|Ninetales-Alola, M|100/100
|-damage|p2a: Kurama|76/100|[from] Stealth Rock
|-weather|Hail|[from] ability: Snow Warning|[of] p2a: Kurama
|turn|9
|j| armario sovietico-
|c|☆Ralsei Hatty|se vc matar o Kurama
|
|t:|1641833606
|switch|p1a: Magnezone|Magnezone|100/100
|move|p2a: Kurama|Moonblast|p1a: Magnezone
|-resisted|p1a: Magnezone
|-damage|p1a: Magnezone|77/100
|
|-weather|Hail|[upkeep]
|-damage|p1a: Magnezone|71/100|[from] Hail
|-heal|p2a: Kurama|82/100|[from] item: Leftovers
|upkeep
|turn|10
|c|☆Ralsei Hatty|eu vou te matar na vida real
|c|☆Eu188q717188191|Hmmmm
|
|t:|1641833619
|switch|p2a: Zor|Scizor, M|100/100
|-damage|p2a: Zor|88/100|[from] Stealth Rock
|move|p1a: Magnezone|Thunderbolt|p2a: Zor
|-damage|p2a: Zor|3/100
|
|-weather|Hail|[upkeep]
|-damage|p1a: Magnezone|65/100|[from] Hail
|-damage|p2a: Zor|0 fnt|[from] Hail
|faint|p2a: Zor
|upkeep
|c|☆Ralsei Hatty|na real n
|j| LyreHikari
|c|☆Ralsei Hatty|mas se só o Kurama sobreviver
|c|☆Eu188q717188191|Matei kor
|c|☆Ralsei Hatty|eu vou dar forfeit
|c|☆Ralsei Hatty|vc matou o Zor
|
|t:|1641833635
|switch|p2a: Sun|Volcarona, M|100/100
|turn|11
|
|t:|1641833639
|move|p2a: Sun|Quiver Dance|p2a: Sun
|-boost|p2a: Sun|spa|1
|-boost|p2a: Sun|spd|1
|-boost|p2a: Sun|spe|1
|move|p1a: Magnezone|Thunderbolt|p2a: Sun
|-damage|p2a: Sun|48/100
|
|-weather|Hail|[upkeep]
|-damage|p2a: Sun|42/100|[from] Hail
|-damage|p1a: Magnezone|59/100|[from] Hail
|upkeep
|turn|12
|
|t:|1641833642
|move|p2a: Sun|Fiery Dance|p1a: Magnezone
|-supereffective|p1a: Magnezone
|-damage|p1a: Magnezone|0 fnt
|faint|p1a: Magnezone
|
|-weather|Hail|[upkeep]
|-damage|p2a: Sun|36/100|[from] Hail
|upkeep
|
|t:|1641833646
|switch|p1a: Urshifu|Urshifu-Rapid-Strike, F|100/100
|turn|13
|c|☆Ralsei Hatty|manda
|c|☆Ralsei Hatty|manda esse urshifu
|c|☆Eu188q717188191|Mandei
|c|☆Ralsei Hatty|acho que Aqua Jato n mata
|
|t:|1641833656
|move|p1a: Urshifu|Aqua Jet|p2a: Sun
|-supereffective|p2a: Sun
|-damage|p2a: Sun|0 fnt
|-status|p1a: Urshifu|brn|[from] ability: Flame Body|[of] p2a: Sun
|faint|p2a: Sun
|
|-weather|none
|-damage|p1a: Urshifu|94/100 brn|[from] brn
|upkeep
|c|☆Ralsei Hatty|ah, va toma no-
|c|☆Eu188q717188191|Mata
|c|☆Eu188q717188191|Aaaaf
|
|t:|1641833665
|switch|p2a: Kurama|Ninetales-Alola, M|82/100
|-damage|p2a: Kurama|57/100|[from] Stealth Rock
|-weather|Hail|[from] ability: Snow Warning|[of] p2a: Kurama
|turn|14
|c|☆Eu188q717188191|Levei
|
|t:|1641833672
|switch|p1a: Corviknight|Corviknight, F, shiny|76/100
|-ability|p1a: Corviknight|Pressure
|move|p2a: Kurama|Moonblast|p1a: Corviknight
|-resisted|p1a: Corviknight
|-damage|p1a: Corviknight|58/100
|
|-weather|Hail|[upkeep]
|-damage|p1a: Corviknight|51/100|[from] Hail
|-heal|p2a: Kurama|63/100|[from] item: Leftovers
|upkeep
|turn|15
|
|t:|1641833686
|move|p2a: Kurama|Psyshock|p1a: Corviknight
|-resisted|p1a: Corviknight
|-damage|p1a: Corviknight|46/100
|move|p1a: Corviknight|Roost|p1a: Corviknight
|-heal|p1a: Corviknight|96/100
|-singleturn|p1a: Corviknight|move: Roost
|
|-weather|Hail|[upkeep]
|-damage|p1a: Corviknight|90/100|[from] Hail
|-heal|p2a: Kurama|69/100|[from] item: Leftovers
|upkeep
|turn|16
|c|☆Ralsei Hatty|vai
|c|☆Ralsei Hatty|tomar
|c|☆Ralsei Hatty|no
|c|☆Ralsei Hatty|centro
|c|☆Ralsei Hatty|do
|c|☆Ralsei Hatty|olho
|c|☆Ralsei Hatty|do
|c|☆Ralsei Hatty|cu
|c|☆Ralsei Hatty|:)
|c|☆Eu188q717188191|Sorry
|-message|Ralsei Hatty forfeited.
|
|win|Eu188q717188191
|n|☆Eu188q717188191|eu188q717188191
|n|☆Ralsei Hatty|ralseihatty
|n| yGon|ygon
|n| armario sovietico-|armariosovietico
|n| LyreHikari|lyrehikari
|l|☆Ralsei Hatty
