|j|☆linkzinhu2
|j|☆Lokj
|t:|1641763112
|gametype|singles
|player|p1|linkzinhu2|veteran|
|player|p2|Lokj|marlon|
|teamsize|p1|6
|teamsize|p2|6
|gen|8
|tier|[Gen 8] OU
|rule|Sleep Clause Mod: Limit one foe put to sleep
|rule|Species Clause: Limit one of each Pokémon
|rule|OHKO Clause: OHKO moves are banned
|rule|Evasion Moves Clause: Evasion moves are banned
|rule|Endless Battle Clause: Forcing endless battles is banned
|rule|HP Percentage Mod: HP is shown in percentages
|rule|Dynamax Clause: You cannot dynamax
|clearpoke
|poke|p1|Cobalion|
|poke|p1|Dragonite, M|
|poke|p1|Togekiss, M|
|poke|p1|Volcanion|
|poke|p1|Zeraora|
|poke|p1|Regieleki|
|poke|p2|Blissey, F|
|poke|p2|Corviknight, M|
|poke|p2|Quagsire, F|
|poke|p2|Clefable, M|
|poke|p2|Toxapex, F|
|poke|p2|Hydreigon, F|
|teampreview
|c|☆Lokj|team stall
|c|☆linkzinhu2|k
|c|☆Lokj|mas vou testar
|c|☆Lokj|ksksks
|c|☆Lokj|pra ver se funciona
|
|t:|1641763179
|start
|switch|p1a: Zeraora|Zeraora|100/100
|switch|p2a: Quagsire|Quagsire, F|100/100
|turn|1
|c|☆linkzinhu2|regieleki foi pq tinha feito uma coisa antes soq n lembrei do poke subs dele
|
|t:|1641763187
|move|p1a: Zeraora|Fake Out|p2a: Quagsire
|-damage|p2a: Quagsire|92/100
|cant|p2a: Quagsire|flinch
|
|-heal|p2a: Quagsire|98/100|[from] item: Leftovers
|upkeep
|turn|2
|
|t:|1641763194
|move|p1a: Zeraora|Grass Knot|p2a: Quagsire
|-supereffective|p2a: Quagsire
|-damage|p2a: Quagsire|13/100
|move|p2a: Quagsire|Toxic|p1a: Zeraora
|-status|p1a: Zeraora|tox
|
|-heal|p2a: Quagsire|20/100|[from] item: Leftovers
|-damage|p1a: Zeraora|95/100 tox|[from] psn
|upkeep
|turn|3
|
|t:|1641763202
|switch|p2a: Corviknight|Corviknight, M|100/100
|-ability|p2a: Corviknight|Pressure
|move|p1a: Zeraora|Grass Knot|p2a: Corviknight
|-resisted|p2a: Corviknight
|-damage|p2a: Corviknight|96/100
|
|-heal|p2a: Corviknight|100/100|[from] item: Leftovers
|-damage|p1a: Zeraora|83/100 tox|[from] psn
|upkeep
|turn|4
|
|t:|1641763212
|switch|p2a: Quagsire|Quagsire, F|20/100
|move|p1a: Zeraora|Plasma Fists|p2a: Quagsire
|-immune|p2a: Quagsire
|
|-heal|p2a: Quagsire|26/100|[from] item: Leftovers
|-damage|p1a: Zeraora|65/100 tox|[from] psn
|upkeep
|turn|5
|
|t:|1641763221
|switch|p2a: Blissey|Blissey, F|100/100
|move|p1a: Zeraora|Plasma Fists|p2a: Blissey
|-damage|p2a: Blissey|53/100
|-fieldactivate|move: Ion Deluge
|-hint|Normal-type moves become Electric-type after using Plasma Fists.
|
|-damage|p1a: Zeraora|41/100 tox|[from] psn
|upkeep
|turn|6
|
|t:|1641763236
|move|p1a: Zeraora|Close Combat|p2a: Blissey
|-supereffective|p2a: Blissey
|-damage|p2a: Blissey|0 fnt
|-unboost|p1a: Zeraora|def|1
|-unboost|p1a: Zeraora|spd|1
|faint|p2a: Blissey
|
|-damage|p1a: Zeraora|11/100 tox|[from] psn
|upkeep
|
|t:|1641763245
|switch|p2a: Clefable|Clefable, M|100/100
|turn|7
|c|☆linkzinhu2|descanse em paz blissey
|c|☆Lokj|F
|
|t:|1641763250
|move|p2a: Clefable|Protect|p2a: Clefable
|-singleturn|p2a: Clefable|Protect
|move|p1a: Zeraora|Fake Out||[still]
|-hint|Fake Out only works on your first turn out.
|-fail|p1a: Zeraora
|
|-damage|p1a: Zeraora|0 fnt|[from] psn
|faint|p1a: Zeraora
|upkeep
|c|☆Lokj|stall nn funciona
|
|t:|1641763263
|switch|p1a: Regieleki|Regieleki|100/100
|turn|8
|
|t:|1641763274
|move|p1a: Regieleki|Agility|p1a: Regieleki
|-boost|p1a: Regieleki|spe|2
|move|p2a: Clefable|Wish|p2a: Clefable
|
|upkeep
|turn|9
|
|t:|1641763280
|switch|p2a: Quagsire|Quagsire, F|26/100
|move|p1a: Regieleki|Thunder Cage|p2a: Quagsire
|-immune|p2a: Quagsire
|
|-heal|p2a: Quagsire|76/100|[from] move: Wish|[wisher] Clefable
|-heal|p2a: Quagsire|82/100|[from] item: Leftovers
|upkeep
|turn|10
|c|☆linkzinhu2|anta moment
|c|☆Lokj|relampago marquinhos
|c|☆linkzinhu2|n tneho  1 move q da pra eu da hit nele
|c|☆Lokj|500 spedd x2
|
|t:|1641763305
|move|p1a: Regieleki|Thunderbolt|p2a: Quagsire
|-immune|p2a: Quagsire
|move|p2a: Quagsire|Earthquake|p1a: Regieleki
|-supereffective|p1a: Regieleki
|-damage|p1a: Regieleki|0 fnt
|faint|p1a: Regieleki
|
|-heal|p2a: Quagsire|88/100|[from] item: Leftovers
|upkeep
|c|☆Lokj|KSKSKKS
|c|☆linkzinhu2|998*
|
|t:|1641763315
|switch|p1a: Volcanion|Volcanion|100/100
|turn|11
|c|☆Lokj|mds
|
|t:|1641763325
|move|p1a: Volcanion|Steam Eruption|p2a: Quagsire
|-damage|p2a: Quagsire|20/100
|move|p2a: Quagsire|Toxic|p1a: Volcanion
|-status|p1a: Volcanion|tox
|
|-heal|p2a: Quagsire|26/100|[from] item: Leftovers
|-damage|p1a: Volcanion|95/100 tox|[from] psn
|upkeep
|turn|12
|c|☆linkzinhu2|kkkkkkkk
|
|t:|1641763334
|switch|p2a: Toxapex|Toxapex, F|100/100
|move|p1a: Volcanion|Steam Eruption|p2a: Toxapex
|-resisted|p2a: Toxapex
|-damage|p2a: Toxapex|76/100
|-status|p2a: Toxapex|brn
|
|-heal|p2a: Toxapex|83/100 brn|[from] item: Black Sludge
|-damage|p1a: Volcanion|83/100 tox|[from] psn
|-damage|p2a: Toxapex|76/100 brn|[from] brn
|upkeep
|turn|13
|
|t:|1641763346
|switch|p2a: Hydreigon|Hydreigon, F|100/100
|move|p1a: Volcanion|Steam Eruption|p2a: Hydreigon
|-resisted|p2a: Hydreigon
|-damage|p2a: Hydreigon|73/100
|
|-heal|p2a: Hydreigon|79/100|[from] item: Leftovers
|-damage|p1a: Volcanion|65/100 tox|[from] psn
|upkeep
|turn|14
|
|t:|1641763355
|move|p1a: Volcanion|Steam Eruption|p2a: Hydreigon
|-resisted|p2a: Hydreigon
|-damage|p2a: Hydreigon|50/100
|move|p2a: Hydreigon|Earth Power|p1a: Volcanion
|-supereffective|p1a: Volcanion
|-damage|p1a: Volcanion|2/100 tox
|
|-heal|p2a: Hydreigon|56/100|[from] item: Leftovers
|-damage|p1a: Volcanion|0 fnt|[from] psn
|faint|p1a: Volcanion
|upkeep
|
|t:|1641763371
|switch|p1a: Togekiss|Togekiss, M|100/100
|turn|15
|
|t:|1641763386
|switch|p2a: Toxapex|Toxapex, F|100/100 brn
|move|p1a: Togekiss|Air Slash|p2a: Toxapex
|-damage|p2a: Toxapex|74/100 brn
|
|-heal|p2a: Toxapex|80/100 brn|[from] item: Black Sludge
|-damage|p2a: Toxapex|74/100 brn|[from] brn
|upkeep
|turn|16
|
|t:|1641763394
|move|p1a: Togekiss|Zen Headbutt|p2a: Toxapex
|-supereffective|p2a: Toxapex
|-damage|p2a: Toxapex|60/100 brn
|cant|p2a: Toxapex|flinch
|
|-heal|p2a: Toxapex|67/100 brn|[from] item: Black Sludge
|-damage|p2a: Toxapex|60/100 brn|[from] brn
|upkeep
|turn|17
|
|t:|1641763402
|move|p1a: Togekiss|Air Slash|p2a: Toxapex
|-damage|p2a: Toxapex|32/100 brn
|move|p2a: Toxapex|Knock Off|p1a: Togekiss
|-resisted|p1a: Togekiss
|-damage|p1a: Togekiss|97/100
|-enditem|p1a: Togekiss|Wide Lens|[from] move: Knock Off|[of] p2a: Toxapex
|
|-heal|p2a: Toxapex|39/100 brn|[from] item: Black Sludge
|-damage|p2a: Toxapex|32/100 brn|[from] brn
|upkeep
|turn|18
|
|t:|1641763411
|switch|p2a: Clefable|Clefable, M|100/100
|move|p1a: Togekiss|Air Slash|p2a: Clefable
|-damage|p2a: Clefable|71/100
|
|-heal|p2a: Clefable|77/100|[from] item: Leftovers
|upkeep
|turn|19
|
|t:|1641763420
|move|p2a: Clefable|Protect|p2a: Clefable
|-singleturn|p2a: Clefable|Protect
|move|p1a: Togekiss|Air Slash|p2a: Clefable
|-activate|p2a: Clefable|move: Protect
|
|-heal|p2a: Clefable|83/100|[from] item: Leftovers
|upkeep
|turn|20
|
|t:|1641763427
|switch|p2a: Toxapex|Toxapex, F|66/100 brn
|move|p1a: Togekiss|Air Slash|p2a: Toxapex
|-damage|p2a: Toxapex|39/100 brn
|
|-heal|p2a: Toxapex|45/100 brn|[from] item: Black Sludge
|-damage|p2a: Toxapex|39/100 brn|[from] brn
|upkeep
|turn|21
|
|t:|1641763437
|switch|p2a: Clefable|Clefable, M|83/100
|move|p1a: Togekiss|Zen Headbutt|p2a: Clefable
|-damage|p2a: Clefable|74/100
|
|-heal|p2a: Clefable|80/100|[from] item: Leftovers
|upkeep
|turn|22
|
|t:|1641763445
|move|p2a: Clefable|Protect|p2a: Clefable
|-singleturn|p2a: Clefable|Protect
|move|p1a: Togekiss|Air Slash|p2a: Clefable
|-activate|p2a: Clefable|move: Protect
|
|-heal|p2a: Clefable|86/100|[from] item: Leftovers
|upkeep
|turn|23
|
|t:|1641763452
|move|p1a: Togekiss|Air Slash|p2a: Clefable
|-damage|p2a: Clefable|53/100
|move|p2a: Clefable|Aromatherapy|p2a: Clefable
|-activate|p2a: Clefable|move: Aromatherapy
|-curestatus|p2: Toxapex|brn|[msg]
|
|-heal|p2a: Clefable|59/100|[from] item: Leftovers
|upkeep
|turn|24
|
|t:|1641763460
|move|p2a: Clefable|Protect|p2a: Clefable
|-singleturn|p2a: Clefable|Protect
|move|p1a: Togekiss|Air Slash|p2a: Clefable
|-activate|p2a: Clefable|move: Protect
|
|-heal|p2a: Clefable|65/100|[from] item: Leftovers
|upkeep
|turn|25
|
|t:|1641763469
|switch|p2a: Corviknight|Corviknight, M|100/100
|-ability|p2a: Corviknight|Pressure
|move|p1a: Togekiss|Air Slash|p2a: Corviknight
|-resisted|p2a: Corviknight
|-crit|p2a: Corviknight
|-damage|p2a: Corviknight|79/100
|
|-heal|p2a: Corviknight|86/100|[from] item: Leftovers
|upkeep
|turn|26
|
|t:|1641763486
|move|p1a: Togekiss|Flamethrower|p2a: Corviknight
|-supereffective|p2a: Corviknight
|-damage|p2a: Corviknight|37/100
|move|p2a: Corviknight|U-turn|p1a: Togekiss
|-resisted|p1a: Togekiss
|-damage|p1a: Togekiss|92/100
|
|t:|1641763491
|switch|p2a: Toxapex|Toxapex, F|72/100|[from]move: U-turn
|
|-heal|p2a: Toxapex|78/100|[from] item: Black Sludge
|upkeep
|turn|27
|
|t:|1641763498
|move|p1a: Togekiss|Air Slash|p2a: Toxapex
|-damage|p2a: Toxapex|49/100
|move|p2a: Toxapex|Scald|p1a: Togekiss
|-damage|p1a: Togekiss|76/100
|
|-heal|p2a: Toxapex|55/100|[from] item: Black Sludge
|upkeep
|turn|28
|
|t:|1641763505
|switch|p2a: Clefable|Clefable, M|65/100
|move|p1a: Togekiss|Air Slash|p2a: Clefable
|-damage|p2a: Clefable|33/100
|
|-heal|p2a: Clefable|40/100|[from] item: Leftovers
|upkeep
|turn|29
|
|t:|1641763512
|move|p2a: Clefable|Protect|p2a: Clefable
|-singleturn|p2a: Clefable|Protect
|move|p1a: Togekiss|Air Slash|p2a: Clefable
|-activate|p2a: Clefable|move: Protect
|
|-heal|p2a: Clefable|46/100|[from] item: Leftovers
|upkeep
|turn|30
|
|t:|1641763521
|move|p1a: Togekiss|Air Slash|p2a: Clefable
|-crit|p2a: Clefable
|-damage|p2a: Clefable|0 fnt
|faint|p2a: Clefable
|
|upkeep
|c|☆linkzinhu2|perfect
|
|t:|1641763530
|switch|p2a: Toxapex|Toxapex, F|89/100
|turn|31
|
|t:|1641763533
|move|p1a: Togekiss|Air Slash|p2a: Toxapex
|-damage|p2a: Toxapex|60/100
|cant|p2a: Toxapex|flinch
|
|-heal|p2a: Toxapex|66/100|[from] item: Black Sludge
|upkeep
|turn|32
|
|t:|1641763540
|move|p1a: Togekiss|Air Slash|p2a: Toxapex|[miss]
|-miss|p1a: Togekiss|p2a: Toxapex
|move|p2a: Toxapex|Recover|p2a: Toxapex
|-heal|p2a: Toxapex|100/100
|
|upkeep
|turn|33
|
|t:|1641763546
|move|p1a: Togekiss|Air Slash|p2a: Toxapex
|-damage|p2a: Toxapex|73/100
|move|p2a: Toxapex|Scald|p1a: Togekiss
|-damage|p1a: Togekiss|61/100
|
|-heal|p2a: Toxapex|79/100|[from] item: Black Sludge
|upkeep
|turn|34
|
|t:|1641763564
|move|p1a: Togekiss|Air Slash|p2a: Toxapex
|-damage|p2a: Toxapex|54/100
|cant|p2a: Toxapex|flinch
|
|-heal|p2a: Toxapex|60/100|[from] item: Black Sludge
|upkeep
|turn|35
|
|t:|1641763573
|move|p1a: Togekiss|Air Slash|p2a: Toxapex|[miss]
|-miss|p1a: Togekiss|p2a: Toxapex
|move|p2a: Toxapex|Recover|p2a: Toxapex
|-heal|p2a: Toxapex|100/100
|
|upkeep
|turn|36
|
|t:|1641763579
|move|p1a: Togekiss|Air Slash|p2a: Toxapex
|-damage|p2a: Toxapex|73/100
|cant|p2a: Toxapex|flinch
|
|-heal|p2a: Toxapex|79/100|[from] item: Black Sludge
|upkeep
|turn|37
|
|t:|1641763585
|move|p1a: Togekiss|Air Slash|p2a: Toxapex
|-damage|p2a: Toxapex|52/100
|cant|p2a: Toxapex|flinch
|
|-heal|p2a: Toxapex|58/100|[from] item: Black Sludge
|upkeep
|turn|38
|c|☆Lokj|AAAAA
|
|t:|1641763592
|move|p1a: Togekiss|Air Slash|p2a: Toxapex
|-damage|p2a: Toxapex|29/100
|move|p2a: Toxapex|Recover|p2a: Toxapex
|-heal|p2a: Toxapex|79/100
|
|-heal|p2a: Toxapex|86/100|[from] item: Black Sludge
|upkeep
|turn|39
|c|☆Lokj|SERENE GRACE
|
|t:|1641763600
|move|p1a: Togekiss|Air Slash|p2a: Toxapex
|-damage|p2a: Toxapex|60/100
|cant|p2a: Toxapex|flinch
|
|-heal|p2a: Toxapex|66/100|[from] item: Black Sludge
|upkeep
|turn|40
|c|☆linkzinhu2|sim
|
|t:|1641763607
|move|p1a: Togekiss|Air Slash|p2a: Toxapex
|-damage|p2a: Toxapex|38/100
|cant|p2a: Toxapex|flinch
|
|-heal|p2a: Toxapex|44/100|[from] item: Black Sludge
|upkeep
|turn|41
|
|t:|1641763613
|move|p1a: Togekiss|Zen Headbutt|p2a: Toxapex
|-supereffective|p2a: Toxapex
|-damage|p2a: Toxapex|31/100
|move|p2a: Toxapex|Recover|p2a: Toxapex
|-heal|p2a: Toxapex|81/100
|
|-heal|p2a: Toxapex|87/100|[from] item: Black Sludge
|upkeep
|turn|42
|c|☆Lokj|ixe
|
|t:|1641763620
|move|p1a: Togekiss|Zen Headbutt|p2a: Toxapex
|-supereffective|p2a: Toxapex
|-damage|p2a: Toxapex|73/100
|move|p2a: Toxapex|Scald|p1a: Togekiss
|-damage|p1a: Togekiss|45/100
|
|-heal|p2a: Toxapex|79/100|[from] item: Black Sludge
|upkeep
|turn|43
|c|☆Lokj|!data zen headbutt
|raw|<ul class="utilichart"><li class="result"><span class="col movenamecol"><a href="https://dex.pokemonshowdown.com/moves/zenheadbutt">Zen Headbutt</a></span> <span class="col typecol"><img src="//play.pokemonshowdown.com/sprites/types/Psychic.png" alt="Psychic" width="32" height="14"><img src="//play.pokemonshowdown.com/sprites/categories/Physical.png" alt="Physical" width="32" height="14"></span> <span class="col labelcol"><em>Power</em><br>80</span> <span class="col widelabelcol"><em>Accuracy</em><br>90%</span> <span class="col pplabelcol"><em>PP</em><br>24</span> <span class="col movedesccol">20% chance to make the target flinch.</span> </li><li style="clear:both"></li></ul>

|
|t:|1641763631
|move|p1a: Togekiss|Roost|p1a: Togekiss
|-heal|p1a: Togekiss|95/100
|-singleturn|p1a: Togekiss|move: Roost
|move|p2a: Toxapex|Scald|p1a: Togekiss
|-crit|p1a: Togekiss
|-damage|p1a: Togekiss|70/100
|-status|p1a: Togekiss|brn
|
|-heal|p2a: Toxapex|85/100|[from] item: Black Sludge
|-damage|p1a: Togekiss|64/100 brn|[from] brn
|upkeep
|turn|44
|c|☆Lokj|ata ksksks
|
|t:|1641763644
|move|p1a: Togekiss|Zen Headbutt|p2a: Toxapex
|-supereffective|p2a: Toxapex
|-damage|p2a: Toxapex|78/100
|move|p2a: Toxapex|Scald|p1a: Togekiss
|-damage|p1a: Togekiss|46/100 brn
|
|-heal|p2a: Toxapex|84/100|[from] item: Black Sludge
|-damage|p1a: Togekiss|40/100 brn|[from] brn
|upkeep
|turn|45
|
|t:|1641763654
|move|p1a: Togekiss|Zen Headbutt|p2a: Toxapex
|-supereffective|p2a: Toxapex
|-damage|p2a: Toxapex|78/100
|move|p2a: Toxapex|Scald|p1a: Togekiss
|-damage|p1a: Togekiss|24/100 brn
|
|-heal|p2a: Toxapex|84/100|[from] item: Black Sludge
|-damage|p1a: Togekiss|18/100 brn|[from] brn
|upkeep
|turn|46
|
|t:|1641763665
|switch|p2a: Quagsire|Quagsire, F|26/100
|move|p1a: Togekiss|Zen Headbutt|p2a: Quagsire
|-damage|p2a: Quagsire|23/100
|
|-heal|p2a: Quagsire|29/100|[from] item: Leftovers
|-damage|p1a: Togekiss|11/100 brn|[from] brn
|upkeep
|turn|47
|
|t:|1641763674
|move|p1a: Togekiss|Flamethrower|p2a: Quagsire
|-resisted|p2a: Quagsire
|-damage|p2a: Quagsire|11/100
|-status|p2a: Quagsire|brn
|move|p2a: Quagsire|Recover|p2a: Quagsire
|-heal|p2a: Quagsire|61/100 brn
|
|-heal|p2a: Quagsire|67/100 brn|[from] item: Leftovers
|-damage|p1a: Togekiss|5/100 brn|[from] brn
|-damage|p2a: Quagsire|61/100 brn|[from] brn
|upkeep
|turn|48
|
|t:|1641763684
|move|p1a: Togekiss|Flamethrower|p2a: Quagsire
|-resisted|p2a: Quagsire
|-damage|p2a: Quagsire|45/100 brn
|move|p2a: Quagsire|Recover|p2a: Quagsire
|-heal|p2a: Quagsire|95/100 brn
|
|-heal|p2a: Quagsire|100/100 brn|[from] item: Leftovers
|-damage|p1a: Togekiss|0 fnt|[from] brn
|faint|p1a: Togekiss
|-damage|p2a: Quagsire|94/100 brn|[from] brn
|upkeep
|
|t:|1641763696
|switch|p1a: Dragonite|Dragonite, M|100/100
|turn|49
|
|t:|1641763700
|move|p1a: Dragonite|Dragon Dance|p1a: Dragonite
|-boost|p1a: Dragonite|atk|1
|-boost|p1a: Dragonite|spe|1
|move|p2a: Quagsire|Toxic|p1a: Dragonite
|-status|p1a: Dragonite|tox
|
|-heal|p2a: Quagsire|100/100 brn|[from] item: Leftovers
|-damage|p1a: Dragonite|94/100 tox|[from] psn
|-damage|p2a: Quagsire|94/100 brn|[from] brn
|upkeep
|turn|50
|
|t:|1641763712
|switch|p2a: Toxapex|Toxapex, F|100/100
|move|p1a: Dragonite|Earthquake|p2a: Toxapex
|-supereffective|p2a: Toxapex
|-crit|p2a: Toxapex
|-damage|p2a: Toxapex|4/100
|
|-heal|p1a: Dragonite|100/100 tox|[from] item: Leftovers
|-heal|p2a: Toxapex|10/100|[from] item: Black Sludge
|-damage|p1a: Dragonite|88/100 tox|[from] psn
|upkeep
|turn|51
|
|t:|1641763723
|switch|p2a: Corviknight|Corviknight, M|37/100
|-ability|p2a: Corviknight|Pressure
|move|p1a: Dragonite|Earthquake|p2a: Corviknight
|-immune|p2a: Corviknight
|
|-heal|p1a: Dragonite|94/100 tox|[from] item: Leftovers
|-heal|p2a: Corviknight|43/100|[from] item: Leftovers
|-damage|p1a: Dragonite|76/100 tox|[from] psn
|upkeep
|turn|52
|c|☆Lokj|perdemo
|
|t:|1641763734
|move|p1a: Dragonite|Thunder Punch|p2a: Corviknight
|-supereffective|p2a: Corviknight
|-damage|p2a: Corviknight|0 fnt
|faint|p2a: Corviknight
|
|-heal|p1a: Dragonite|82/100 tox|[from] item: Leftovers
|-damage|p1a: Dragonite|57/100 tox|[from] psn
|upkeep
|
|t:|1641763736
|switch|p2a: Quagsire|Quagsire, F|94/100 brn
|turn|53
|
|t:|1641763744
|move|p1a: Dragonite|Earthquake|p2a: Quagsire
|-damage|p2a: Quagsire|67/100 brn
|move|p2a: Quagsire|Scald|p1a: Dragonite
|-resisted|p1a: Dragonite
|-damage|p1a: Dragonite|47/100 tox
|
|-heal|p1a: Dragonite|53/100 tox|[from] item: Leftovers
|-heal|p2a: Quagsire|73/100 brn|[from] item: Leftovers
|-damage|p1a: Dragonite|22/100 tox|[from] psn
|-damage|p2a: Quagsire|67/100 brn|[from] brn
|upkeep
|turn|54
|
|t:|1641763758
|move|p1a: Dragonite|Earthquake|p2a: Quagsire
|-crit|p2a: Quagsire
|-damage|p2a: Quagsire|28/100 brn
|move|p2a: Quagsire|Recover|p2a: Quagsire
|-heal|p2a: Quagsire|78/100 brn
|
|-heal|p1a: Dragonite|28/100 tox|[from] item: Leftovers
|-heal|p2a: Quagsire|85/100 brn|[from] item: Leftovers
|-damage|p1a: Dragonite|0 fnt|[from] psn
|faint|p1a: Dragonite
|-damage|p2a: Quagsire|78/100 brn|[from] brn
|upkeep
|c|☆Lokj|ganhamo
|
|t:|1641763770
|switch|p1a: Cobalion|Cobalion|100/100
|turn|55
|
|t:|1641763775
|move|p1a: Cobalion|Swords Dance|p1a: Cobalion
|-boost|p1a: Cobalion|atk|2
|move|p2a: Quagsire|Earthquake|p1a: Cobalion
|-supereffective|p1a: Cobalion
|-crit|p1a: Cobalion
|-damage|p1a: Cobalion|61/100
|
|-heal|p2a: Quagsire|85/100 brn|[from] item: Leftovers
|-damage|p2a: Quagsire|78/100 brn|[from] brn
|upkeep
|turn|56
|
|t:|1641763787
|move|p1a: Cobalion|Iron Head|p2a: Quagsire
|-resisted|p2a: Quagsire
|-damage|p2a: Quagsire|67/100 brn
|cant|p2a: Quagsire|flinch
|
|-heal|p2a: Quagsire|73/100 brn|[from] item: Leftovers
|-damage|p2a: Quagsire|67/100 brn|[from] brn
|upkeep
|turn|57
|
|t:|1641763795
|move|p1a: Cobalion|Close Combat|p2a: Quagsire
|-damage|p2a: Quagsire|29/100 brn
|-unboost|p1a: Cobalion|def|1
|-unboost|p1a: Cobalion|spd|1
|move|p2a: Quagsire|Earthquake|p1a: Cobalion
|-supereffective|p1a: Cobalion
|-damage|p1a: Cobalion|37/100
|
|-heal|p2a: Quagsire|35/100 brn|[from] item: Leftovers
|-damage|p2a: Quagsire|29/100 brn|[from] brn
|upkeep
|turn|58
|
|t:|1641763807
|move|p1a: Cobalion|Close Combat|p2a: Quagsire
|-damage|p2a: Quagsire|0 fnt
|-unboost|p1a: Cobalion|def|1
|-unboost|p1a: Cobalion|spd|1
|faint|p2a: Quagsire
|
|upkeep
|
|t:|1641763808
|switch|p2a: Toxapex|Toxapex, F|43/100
|turn|59
|
|t:|1641763818
|move|p1a: Cobalion|Iron Head|p2a: Toxapex
|-resisted|p2a: Toxapex
|-damage|p2a: Toxapex|21/100
|cant|p2a: Toxapex|flinch
|
|-heal|p2a: Toxapex|27/100|[from] item: Black Sludge
|upkeep
|turn|60
|
|t:|1641763826
|move|p1a: Cobalion|Iron Head|p2a: Toxapex
|-resisted|p2a: Toxapex
|-damage|p2a: Toxapex|4/100
|cant|p2a: Toxapex|flinch
|
|-heal|p2a: Toxapex|11/100|[from] item: Black Sludge
|upkeep
|turn|61
|
|t:|1641763833
|switch|p2a: Hydreigon|Hydreigon, F|56/100
|move|p1a: Cobalion|Iron Head|p2a: Hydreigon
|-damage|p2a: Hydreigon|0 fnt
|faint|p2a: Hydreigon
|
|upkeep
|
|t:|1641763835
|switch|p2a: Toxapex|Toxapex, F|44/100
|turn|62
|l|☆linkzinhu2
|player|p1|
|c|☆Lokj|pls
|inactive|Battle timer is ON: inactive players will automatically lose when time's up. (requested by Lokj)
|inactive|linkzinhu2 has 270 seconds to reconnect!
|j|☆linkzinhu2
|inactive|linkzinhu2 reconnected and has 300 seconds left.
|player|p1|linkzinhu2|veteran
|
|t:|1641763904
|move|p1a: Cobalion|Iron Head|p2a: Toxapex
|-resisted|p2a: Toxapex
|-damage|p2a: Toxapex|21/100
|cant|p2a: Toxapex|flinch
|
|-heal|p2a: Toxapex|27/100|[from] item: Black Sludge
|upkeep
|turn|63
|c|☆linkzinhu2|levei dc do nada
|
|t:|1641763913
|move|p1a: Cobalion|Iron Head|p2a: Toxapex
|-resisted|p2a: Toxapex
|-damage|p2a: Toxapex|6/100
|cant|p2a: Toxapex|flinch
|
|-heal|p2a: Toxapex|13/100|[from] item: Black Sludge
|upkeep
|turn|64
|c|☆Lokj|mano
|
|t:|1641763920
|move|p1a: Cobalion|Quick Attack|p2a: Toxapex
|-damage|p2a: Toxapex|0 fnt
|faint|p2a: Toxapex
|
|win|linkzinhu2
|c|☆Lokj|serene grace no cobalion é foda
|c|☆linkzinhu2|realmente
|c|☆linkzinhu2|mialgres acontecem
