|j|☆Firelord Term
|j|☆UnstoppableUg
|t:|1641706220
|gametype|singles
|player|p1|Firelord Term|giovanni|
|player|p2|UnstoppableUg|n|
|teamsize|p1|6
|teamsize|p2|6
|gen|8
|tier|[Gen 8] OU
|rule|Sleep Clause Mod: Limit one foe put to sleep
|rule|Species Clause: Limit one of each Pokémon
|rule|OHKO Clause: OHKO moves are banned
|rule|Evasion Moves Clause: Evasion moves are banned
|rule|Endless Battle Clause: Forcing endless battles is banned
|rule|HP Percentage Mod: HP is shown in percentages
|rule|Dynamax Clause: You cannot dynamax
|clearpoke
|poke|p1|Alakazam, M|
|poke|p1|Tapu Lele|
|poke|p1|Heatran, M|
|poke|p1|Mandibuzz, F|
|poke|p1|Garchomp, F|
|poke|p1|Urshifu-*, F|
|poke|p2|Dunsparce, F|
|poke|p2|Magnezone|
|poke|p2|Dragapult, F|
|poke|p2|Bronzong|
|poke|p2|Mandibuzz, F|
|poke|p2|Garchomp, M|
|teampreview
|inactive|Battle timer is ON: inactive players will automatically lose when time's up. (requested by Firelord Term)
|inactive|UnstoppableUg also wants the timer to be on.
|
|t:|1641706242
|start
|switch|p1a: Urshifu|Urshifu-Rapid-Strike, F|100/100
|switch|p2a: Dragapult|Dragapult, F|100/100
|turn|1
|
|t:|1641706249
|move|p1a: Urshifu|Ice Punch|p2a: Dragapult
|-supereffective|p2a: Dragapult
|-damage|p2a: Dragapult|29/100
|move|p2a: Dragapult|Draco Meteor|p1a: Urshifu
|-damage|p1a: Urshifu|0 fnt
|-unboost|p2a: Dragapult|spa|2
|faint|p1a: Urshifu
|
|upkeep
|
|t:|1641706269
|switch|p1a: Tapu Lele|Tapu Lele|100/100
|-fieldstart|move: Psychic Terrain|[from] ability: Psychic Surge|[of] p1a: Tapu Lele
|turn|2
|
|t:|1641706276
|switch|p2a: Bronzong|Bronzong|100/100
|move|p1a: Tapu Lele|Focus Blast|p2a: Bronzong
|-crit|p2a: Bronzong
|-damage|p2a: Bronzong|36/100
|
|-heal|p2a: Bronzong|43/100|[from] item: Leftovers
|upkeep
|turn|3
|
|t:|1641706283
|move|p1a: Tapu Lele|Focus Blast|p2a: Bronzong
|-damage|p2a: Bronzong|0 fnt
|faint|p2a: Bronzong
|
|upkeep
|
|t:|1641706286
|switch|p2a: Dragapult|Dragapult, F|29/100
|turn|4
|
|t:|1641706290
|switch|p1a: Mandibuzz|Mandibuzz, F|100/100
|move|p2a: Dragapult|U-turn|p1a: Mandibuzz
|-damage|p1a: Mandibuzz|90/100
|
|t:|1641706292
|switch|p2a: Magnezone|Magnezone|100/100|[from]move: U-turn
|
|upkeep
|turn|5
|
|t:|1641706297
|switch|p2a: Garchomp|Garchomp, M|100/100
|move|p1a: Mandibuzz|U-turn|p2a: Garchomp
|-damage|p2a: Garchomp|89/100
|-damage|p1a: Mandibuzz|77/100|[from] ability: Rough Skin|[of] p2a: Garchomp
|
|t:|1641706306
|switch|p1a: Tapu Lele|Tapu Lele|100/100|[from]move: U-turn
|
|-heal|p2a: Garchomp|95/100|[from] item: Leftovers
|upkeep
|turn|6
|
|t:|1641706309
|switch|p2a: Magnezone|Magnezone|100/100
|move|p1a: Tapu Lele|Moonblast|p2a: Magnezone
|-resisted|p2a: Magnezone
|-damage|p2a: Magnezone|50/100
|
|-heal|p2a: Magnezone|56/100|[from] item: Leftovers
|-fieldend|move: Psychic Terrain
|upkeep
|turn|7
|
|t:|1641706318
|switch|p1a: Garchomp|Garchomp, F|100/100
|move|p2a: Magnezone|Toxic|p1a: Garchomp
|-status|p1a: Garchomp|tox
|
|-heal|p2a: Magnezone|62/100|[from] item: Leftovers
|-damage|p1a: Garchomp|94/100 tox|[from] psn
|upkeep
|turn|8
|
|t:|1641706327
|switch|p2a: Mandibuzz|Mandibuzz, F|100/100
|move|p1a: Garchomp|Swords Dance|p1a: Garchomp
|-boost|p1a: Garchomp|atk|2
|
|-damage|p1a: Garchomp|82/100 tox|[from] psn
|upkeep
|turn|9
|
|t:|1641706330
|move|p1a: Garchomp|Stone Edge|p2a: Mandibuzz
|-supereffective|p2a: Mandibuzz
|-damage|p2a: Mandibuzz|6/100
|move|p2a: Mandibuzz|Foul Play|p1a: Garchomp
|-damage|p1a: Garchomp|0 fnt
|-damage|p2a: Mandibuzz|0 fnt|[from] ability: Rough Skin|[of] p1a: Garchomp
|faint|p1a: Garchomp
|faint|p2a: Mandibuzz
|
|upkeep
|
|t:|1641706352
|switch|p1a: Heatran|Heatran, M|100/100
|switch|p2a: Dragapult|Dragapult, F|29/100
|turn|10
|
|t:|1641706358
|move|p2a: Dragapult|U-turn|p1a: Heatran
|-resisted|p1a: Heatran
|-damage|p1a: Heatran|97/100
|
|t:|1641706360
|switch|p2a: Garchomp|Garchomp, M|95/100|[from]move: U-turn
|move|p1a: Heatran|Magma Storm|p2a: Garchomp|[miss]
|-miss|p1a: Heatran|p2a: Garchomp
|
|-heal|p2a: Garchomp|100/100|[from] item: Leftovers
|-heal|p1a: Heatran|100/100|[from] item: Leftovers
|upkeep
|turn|11
|
|t:|1641706368
|switch|p2a: Magnezone|Magnezone|62/100
|switch|p1a: Mandibuzz|Mandibuzz, F|77/100
|
|-heal|p2a: Magnezone|68/100|[from] item: Leftovers
|upkeep
|turn|12
|
|t:|1641706377
|move|p2a: Magnezone|Thunderbolt|p1a: Mandibuzz
|-supereffective|p1a: Mandibuzz
|-damage|p1a: Mandibuzz|16/100
|move|p1a: Mandibuzz|Foul Play|p2a: Magnezone
|-damage|p2a: Magnezone|49/100
|
|-heal|p2a: Magnezone|55/100|[from] item: Leftovers
|upkeep
|turn|13
|
|t:|1641706382
|move|p2a: Magnezone|Thunderbolt|p1a: Mandibuzz
|-supereffective|p1a: Mandibuzz
|-damage|p1a: Mandibuzz|0 fnt
|faint|p1a: Mandibuzz
|
|-heal|p2a: Magnezone|61/100|[from] item: Leftovers
|upkeep
|
|t:|1641706385
|switch|p1a: Heatran|Heatran, M|100/100
|turn|14
|
|t:|1641706388
|switch|p2a: Garchomp|Garchomp, M|100/100
|move|p1a: Heatran|Magma Storm|p2a: Garchomp|[miss]
|-miss|p1a: Heatran|p2a: Garchomp
|
|upkeep
|turn|15
|
|t:|1641706413
|move|p2a: Garchomp|Swords Dance|p2a: Garchomp
|-boost|p2a: Garchomp|atk|2
|move|p1a: Heatran|Toxic|p2a: Garchomp
|-status|p2a: Garchomp|tox
|
|-damage|p2a: Garchomp|94/100 tox|[from] psn
|upkeep
|turn|16
|
|t:|1641706429
|move|p2a: Garchomp|Earthquake|p1a: Heatran
|-supereffective|p1a: Heatran
|-damage|p1a: Heatran|0 fnt
|faint|p1a: Heatran
|
|-heal|p2a: Garchomp|100/100 tox|[from] item: Leftovers
|-damage|p2a: Garchomp|88/100 tox|[from] psn
|upkeep
|
|t:|1641706433
|switch|p1a: Alakazam|Alakazam, M|100/100
|turn|17
|
|t:|1641706440
|move|p2a: Garchomp|Scale Shot|p1a: Alakazam
|-damage|p1a: Alakazam|36/100
|-damage|p1a: Alakazam|0 fnt
|faint|p1a: Alakazam
|-hitcount|p1: Alakazam|2
|-unboost|p2a: Garchomp|def|1
|-boost|p2a: Garchomp|spe|1
|
|-heal|p2a: Garchomp|94/100 tox|[from] item: Leftovers
|-damage|p2a: Garchomp|76/100 tox|[from] psn
|upkeep
|
|t:|1641706443
|switch|p1a: Tapu Lele|Tapu Lele|100/100
|-fieldstart|move: Psychic Terrain|[from] ability: Psychic Surge|[of] p1a: Tapu Lele
|turn|18
|
|t:|1641706448
|switch|p2a: Magnezone|Magnezone|61/100
|move|p1a: Tapu Lele|Moonblast|p2a: Magnezone
|-resisted|p2a: Magnezone
|-damage|p2a: Magnezone|15/100
|-unboost|p2a: Magnezone|spa|1
|
|-heal|p2a: Magnezone|21/100|[from] item: Leftovers
|upkeep
|turn|19
|
|t:|1641706451
|move|p1a: Tapu Lele|Moonblast|p2a: Magnezone
|-resisted|p2a: Magnezone
|-damage|p2a: Magnezone|0 fnt
|faint|p2a: Magnezone
|
|upkeep
|
|t:|1641706456
|switch|p2a: Garchomp|Garchomp, M|76/100 tox
|turn|20
|
|t:|1641706457
|move|p2a: Garchomp|Fire Fang|p1a: Tapu Lele
|-damage|p1a: Tapu Lele|67/100
|move|p1a: Tapu Lele|Moonblast|p2a: Garchomp
|-supereffective|p2a: Garchomp
|-damage|p2a: Garchomp|0 fnt
|faint|p2a: Garchomp
|
|upkeep
|
|t:|1641706460
|switch|p2a: Dragapult|Dragapult, F|29/100
|turn|21
|
|t:|1641706480
|move|p2a: Dragapult|Draco Meteor|p1a: Tapu Lele
|-immune|p1a: Tapu Lele
|move|p1a: Tapu Lele|Moonblast|p2a: Dragapult
|-supereffective|p2a: Dragapult
|-damage|p2a: Dragapult|0 fnt
|faint|p2a: Dragapult
|
|upkeep
|
|t:|1641706482
|switch|p2a: Dunsparce|Dunsparce, F|100/100
|turn|22
|
|t:|1641706484
|move|p1a: Tapu Lele|Moonblast|p2a: Dunsparce
|-damage|p2a: Dunsparce|36/100
|move|p2a: Dunsparce|Body Slam|p1a: Tapu Lele
|-damage|p1a: Tapu Lele|33/100
|
|-heal|p2a: Dunsparce|42/100|[from] item: Leftovers
|-fieldend|move: Psychic Terrain
|upkeep
|turn|23
|
|t:|1641706489
|move|p1a: Tapu Lele|Moonblast|p2a: Dunsparce
|-damage|p2a: Dunsparce|0 fnt
|faint|p2a: Dunsparce
|
|win|Firelord Term
|c|☆UnstoppableUg|NOOOOOOOO
|c|☆UnstoppableUg|NOOOOOOOOOOOOO
|l|☆Firelord Term
