|j|☆kaizojerry
|j|☆FirstGear
|t:|1641785679
|gametype|singles
|player|p1|kaizojerry|266|1795
|player|p2|FirstGear|265|1671
|teamsize|p1|6
|teamsize|p2|6
|gen|8
|tier|[Gen 8] OU
|rated|
|rule|Sleep Clause Mod: Limit one foe put to sleep
|rule|Species Clause: Limit one of each Pokémon
|rule|OHKO Clause: OHKO moves are banned
|rule|Evasion Moves Clause: Evasion moves are banned
|rule|Endless Battle Clause: Forcing endless battles is banned
|rule|HP Percentage Mod: HP is shown in percentages
|rule|Dynamax Clause: You cannot dynamax
|clearpoke
|poke|p1|Tapu Fini|
|poke|p1|Mamoswine, F|
|poke|p1|Magnezone|
|poke|p1|Dragonite, M|
|poke|p1|Heatran, M|
|poke|p1|Kartana|
|poke|p2|Buzzwole|
|poke|p2|Hatterene, F|
|poke|p2|Seismitoad, M|
|poke|p2|Gyarados, M|
|poke|p2|Blissey, F|
|poke|p2|Centiskorch, F|
|teampreview
|inactive|Battle timer is ON: inactive players will automatically lose when time's up. (requested by FirstGear)
|
|t:|1641785708
|start
|switch|p1a: Tapu Fini|Tapu Fini|100/100
|switch|p2a: Centiskorch|Centiskorch, F|100/100
|-fieldstart|move: Misty Terrain|[from] ability: Misty Surge|[of] p1a: Tapu Fini
|turn|1
|j| Blareglare
|
|t:|1641785718
|switch|p2a: Seismitoad|Seismitoad, M|100/100
|move|p1a: Tapu Fini|Scald|p2a: Seismitoad
|-immune|p2a: Seismitoad|[from] ability: Water Absorb
|
|upkeep
|turn|2
|j| AlIoutdragadarts
|l| AlIoutdragadarts
|
|t:|1641785747
|switch|p2a: Hatterene|Hatterene, F|100/100
|move|p1a: Tapu Fini|Moonblast|p2a: Hatterene
|-damage|p2a: Hatterene|68/100
|
|-heal|p2a: Hatterene|74/100|[from] item: Leftovers
|upkeep
|turn|3
|inactive|kaizojerry has 120 seconds left.
|
|t:|1641785777
|switch|p1a: Heatran|Heatran, M|100/100
|switch|p2a: Gyarados|Gyarados, M|100/100
|
|upkeep
|turn|4
|j| josue ole
|inactive|kaizojerry has 90 seconds left.
|j| YousuckIampro
|l| josue ole
|j| The Dragon Gyrados
|j| BabyPigsAreLaughin
|c| The Dragon Gyrados|DAMN
|c| The Dragon Gyrados|GYRADOS
|
|t:|1641785827
|switch|p1a: Magnezone|Magnezone|100/100
|-item|p1a: Magnezone|Air Balloon
|move|p2a: Gyarados|Substitute|p2a: Gyarados
|-start|p2a: Gyarados|Substitute
|-damage|p2a: Gyarados|76/100
|
|-heal|p2a: Gyarados|82/100|[from] item: Leftovers
|upkeep
|turn|5
|c| The Dragon Gyrados|caps*
|c| BabyPigsAreLaughin|How have you been, Dragon? It's been a few days.
|
|t:|1641785839
|move|p2a: Gyarados|Waterfall|p1a: Magnezone
|-damage|p1a: Magnezone|73/100
|-enditem|p1a: Magnezone|Air Balloon
|move|p1a: Magnezone|Thunderbolt|p2a: Gyarados
|-supereffective|p2a: Gyarados
|-end|p2a: Gyarados|Substitute
|
|-heal|p2a: Gyarados|88/100|[from] item: Leftovers
|-fieldend|Misty Terrain
|upkeep
|turn|6
|c| The Dragon Gyrados|sup
|
|t:|1641785862
|switch|p2a: Seismitoad|Seismitoad, M|100/100
|switch|p1a: Tapu Fini|Tapu Fini|100/100
|-fieldstart|move: Misty Terrain|[from] ability: Misty Surge|[of] p1a: Tapu Fini
|
|upkeep
|turn|7
|c| The Dragon Gyrados|pretty solid and you?
|inactive|kaizojerry has 60 seconds left.
|
|t:|1641785878
|move|p1a: Tapu Fini|Moonblast|p2a: Seismitoad
|-damage|p2a: Seismitoad|65/100
|move|p2a: Seismitoad|Stealth Rock|p1a: Tapu Fini
|-sidestart|p1: kaizojerry|move: Stealth Rock
|
|-heal|p2a: Seismitoad|71/100|[from] item: Leftovers
|upkeep
|turn|8
|c| BabyPigsAreLaughin|I'm glad you've been well. I've been well myself, thanks.
|
|t:|1641785891
|move|p1a: Tapu Fini|Defog|p2a: Seismitoad
|-unboost|p2a: Seismitoad|evasion|1
|-sideend|p1: kaizojerry|Stealth Rock|[from] move: Defog|[of] p1a: Tapu Fini
|-fieldend|Misty Terrain
|move|p2a: Seismitoad|Earth Power|p1a: Tapu Fini
|-damage|p1a: Tapu Fini|78/100
|
|-heal|p1a: Tapu Fini|85/100|[from] item: Leftovers
|-heal|p2a: Seismitoad|77/100|[from] item: Leftovers
|upkeep
|turn|9
|c| The Dragon Gyrados|that's good to hear
|
|t:|1641785901
|move|p1a: Tapu Fini|Taunt|p2a: Seismitoad
|-start|p2a: Seismitoad|move: Taunt
|cant|p2a: Seismitoad|move: Taunt|Toxic
|
|-heal|p1a: Tapu Fini|91/100|[from] item: Leftovers
|-heal|p2a: Seismitoad|83/100|[from] item: Leftovers
|upkeep
|turn|10
|c| The Dragon Gyrados|have u been owning?
|
|t:|1641785912
|move|p1a: Tapu Fini|Moonblast|p2a: Seismitoad
|-damage|p2a: Seismitoad|51/100
|-unboost|p2a: Seismitoad|spa|1
|move|p2a: Seismitoad|Scald|p1a: Tapu Fini
|-resisted|p1a: Tapu Fini
|-crit|p1a: Tapu Fini
|-damage|p1a: Tapu Fini|76/100
|-status|p1a: Tapu Fini|brn
|
|-heal|p1a: Tapu Fini|82/100 brn|[from] item: Leftovers
|-heal|p2a: Seismitoad|57/100|[from] item: Leftovers
|-damage|p1a: Tapu Fini|76/100 brn|[from] brn
|upkeep
|turn|11
|inactive|kaizojerry has 60 seconds left.
|c| The Dragon Gyrados|wow no blissy tag?
|
|t:|1641785936
|switch|p1a: Mamoswine|Mamoswine, F|100/100
|switch|p2a: Blissey|Blissey, F|100/100
|
|upkeep
|turn|12
|c| BabyPigsAreLaughin|Thank you. No, I haven't played yet. I'll have some time in a few days. I'm going to get some teams together.
|inactive|kaizojerry has 60 seconds left.
|
|t:|1641785950
|move|p1a: Mamoswine|Icicle Crash|p2a: Blissey
|-damage|p2a: Blissey|29/100
|move|p2a: Blissey|Toxic|p1a: Mamoswine|[miss]
|-miss|p2a: Blissey|p1a: Mamoswine
|
|-heal|p2a: Blissey|35/100|[from] item: Leftovers
|upkeep
|turn|13
|c| The Dragon Gyrados|koo id peep that
|
|t:|1641785957
|switch|p2a: Buzzwole|Buzzwole|100/100
|move|p1a: Mamoswine|Icicle Crash|p2a: Buzzwole
|-damage|p2a: Buzzwole|49/100
|
|upkeep
|turn|14
|c| The Dragon Gyrados|WOW
|c| The Dragon Gyrados|banded mamo
|inactive|kaizojerry has 60 seconds left.
|c| The Dragon Gyrados|wrecking havoc
|c| BabyPigsAreLaughin|I'd appreciate this. I'd like your advice with my battles. I know I'll need some advice, since I haven't played in quite some time, haha.
|
|t:|1641785990
|switch|p1a: Tapu Fini|Tapu Fini|76/100 brn
|-fieldstart|move: Misty Terrain|[from] ability: Misty Surge|[of] p1a: Tapu Fini
|switch|p2a: Centiskorch|Centiskorch, F|100/100
|
|-heal|p1a: Tapu Fini|82/100 brn|[from] item: Leftovers
|-damage|p1a: Tapu Fini|76/100 brn|[from] brn
|upkeep
|turn|15
|
|t:|1641786007
|switch|p2a: Blissey|Blissey, F|35/100
|move|p1a: Tapu Fini|Moonblast|p2a: Blissey
|-damage|p2a: Blissey|24/100
|
|-heal|p1a: Tapu Fini|82/100 brn|[from] item: Leftovers
|-heal|p2a: Blissey|30/100|[from] item: Leftovers
|-damage|p1a: Tapu Fini|76/100 brn|[from] brn
|upkeep
|turn|16
|
|t:|1641786021
|switch|p2a: Hatterene|Hatterene, F|74/100
|move|p1a: Tapu Fini|Taunt|p2a: Hatterene
|move|p2a: Hatterene|Taunt|p1a: Tapu Fini|[from]ability: Magic Bounce
|-start|p1a: Tapu Fini|move: Taunt
|
|-heal|p1a: Tapu Fini|82/100 brn|[from] item: Leftovers
|-heal|p2a: Hatterene|80/100|[from] item: Leftovers
|-damage|p1a: Tapu Fini|76/100 brn|[from] brn
|upkeep
|turn|17
|c| The Dragon Gyrados|yeah just have to have like
|c| The Dragon Gyrados|a style you want
|c| The Dragon Gyrados|then you go from there
|
|t:|1641786038
|switch|p1a: Heatran|Heatran, M|100/100
|move|p2a: Hatterene|Calm Mind|p2a: Hatterene
|-boost|p2a: Hatterene|spa|1
|-boost|p2a: Hatterene|spd|1
|
|-heal|p2a: Hatterene|86/100|[from] item: Leftovers
|upkeep
|turn|18
|
|t:|1641786047
|switch|p2a: Gyarados|Gyarados, M|88/100
|move|p1a: Heatran|Magma Storm|p2a: Gyarados
|-resisted|p2a: Gyarados
|-damage|p2a: Gyarados|70/100
|-activate|p2a: Gyarados|move: Magma Storm|[of] p1a: Heatran
|
|-heal|p2a: Gyarados|77/100|[from] item: Leftovers
|-damage|p2a: Gyarados|64/100|[from] move: Magma Storm|[partiallytrapped]
|-fieldend|Misty Terrain
|upkeep
|turn|19
|
|t:|1641786071
|switch|p1a: Magnezone|Magnezone|73/100
|move|p2a: Gyarados|Substitute|p2a: Gyarados
|-start|p2a: Gyarados|Substitute
|-end|p2a: Gyarados|Magma Storm|[partiallytrapped]|[silent]
|-damage|p2a: Gyarados|39/100
|
|-heal|p2a: Gyarados|45/100|[from] item: Leftovers
|upkeep
|turn|20
|
|t:|1641786077
|move|p2a: Gyarados|Waterfall|p1a: Magnezone
|-damage|p1a: Magnezone|45/100
|move|p1a: Magnezone|Thunderbolt|p2a: Gyarados
|-supereffective|p2a: Gyarados
|-end|p2a: Gyarados|Substitute
|
|-heal|p2a: Gyarados|51/100|[from] item: Leftovers
|upkeep
|turn|21
|c| BabyPigsAreLaughin|Alright, that's cool. I'll keep this in mind. I'll figure out which style I want to master.
|
|t:|1641786087
|switch|p2a: Seismitoad|Seismitoad, M|57/100
|move|p1a: Magnezone|Teleport|p1a: Magnezone
|inactive|kaizojerry has 30 seconds left.
|inactive|kaizojerry has 20 seconds left.
|inactive|kaizojerry has 15 seconds left.
|inactive|kaizojerry has 10 seconds left.
|
|t:|1641786132
|switch|p1a: Kartana|Kartana|100/100|[from]move: Teleport
|
|-heal|p2a: Seismitoad|63/100|[from] item: Leftovers
|upkeep
|turn|22
|inactive|kaizojerry has 20 seconds left this turn.
|inactive|kaizojerry has 15 seconds left.
|
|t:|1641786140
|switch|p2a: Centiskorch|Centiskorch, F|100/100
|move|p1a: Kartana|Knock Off|p2a: Centiskorch
|-damage|p2a: Centiskorch|66/100
|-enditem|p2a: Centiskorch|Heavy-Duty Boots|[from] move: Knock Off|[of] p1a: Kartana
|
|upkeep
|turn|23
|inactive|kaizojerry has 25 seconds left this turn.
|c| The Dragon Gyrados|10 seconds
|
|t:|1641786146
|switch|p1a: Tapu Fini|Tapu Fini|76/100 brn
|-fieldstart|move: Misty Terrain|[from] ability: Misty Surge|[of] p1a: Tapu Fini
|move|p2a: Centiskorch|Knock Off|p1a: Tapu Fini
|-resisted|p1a: Tapu Fini
|-damage|p1a: Tapu Fini|68/100 brn
|-enditem|p1a: Tapu Fini|Leftovers|[from] move: Knock Off|[of] p2a: Centiskorch
|
|-damage|p1a: Tapu Fini|62/100 brn|[from] brn
|upkeep
|turn|24
|inactive|kaizojerry has 30 seconds left.
|inactive|kaizojerry has 20 seconds left.
|
|t:|1641786164
|switch|p2a: Blissey|Blissey, F|30/100
|move|p1a: Tapu Fini|Moonblast|p2a: Blissey
|-damage|p2a: Blissey|20/100
|
|-heal|p2a: Blissey|26/100|[from] item: Leftovers
|-damage|p1a: Tapu Fini|56/100 brn|[from] brn
|upkeep
|turn|25
|inactive|kaizojerry has 30 seconds left this turn.
|c| BabyPigsAreLaughin|Easy now, Jerry.
|
|t:|1641786177
|switch|p1a: Mamoswine|Mamoswine, F|100/100
|move|p2a: Blissey|Seismic Toss|p1a: Mamoswine
|-damage|p1a: Mamoswine|73/100
|
|-heal|p2a: Blissey|32/100|[from] item: Leftovers
|upkeep
|turn|26
|
|t:|1641786183
|move|p2a: Blissey|Protect|p2a: Blissey
|-singleturn|p2a: Blissey|Protect
|move|p1a: Mamoswine|Icicle Crash|p2a: Blissey
|-activate|p2a: Blissey|move: Protect
|
|-heal|p2a: Blissey|38/100|[from] item: Leftovers
|upkeep
|turn|27
|
|t:|1641786191
|switch|p2a: Centiskorch|Centiskorch, F|66/100
|move|p1a: Mamoswine|Icicle Crash|p2a: Centiskorch
|-resisted|p2a: Centiskorch
|-damage|p2a: Centiskorch|36/100
|
|-fieldend|Misty Terrain
|upkeep
|turn|28
|
|t:|1641786212
|switch|p1a: Dragonite|Dragonite, M|100/100
|move|p2a: Centiskorch|Rest|p2a: Centiskorch
|-status|p2a: Centiskorch|slp|[from] move: Rest
|-heal|p2a: Centiskorch|100/100 slp|[silent]
|
|upkeep
|turn|29
|
|t:|1641786220
|switch|p2a: Hatterene|Hatterene, F|86/100
|move|p1a: Dragonite|Dragon Dance|p1a: Dragonite
|-boost|p1a: Dragonite|atk|1
|-boost|p1a: Dragonite|spe|1
|
|-heal|p2a: Hatterene|92/100|[from] item: Leftovers
|upkeep
|turn|30
|c| The Dragon Gyrados|damn rest
|c| The Dragon Gyrados|lol
|c| BabyPigsAreLaughin|What a surprise, haha.
|inactive|kaizojerry has 30 seconds left.
|c| The Dragon Gyrados|that banded mamo tho
|inactive|kaizojerry has 20 seconds left.
|c| The Dragon Gyrados|is a huge problem
|inactive|kaizojerry has 15 seconds left.
|inactive|kaizojerry has 10 seconds left.
|
|t:|1641786261
|move|p1a: Dragonite|Earthquake|p2a: Hatterene
|-damage|p2a: Hatterene|52/100
|move|p2a: Hatterene|Draining Kiss|p1a: Dragonite
|-supereffective|p1a: Dragonite
|-damage|p1a: Dragonite|80/100
|-heal|p2a: Hatterene|71/100|[from] drain|[of] p1a: Dragonite
|
|-heal|p2a: Hatterene|77/100|[from] item: Leftovers
|upkeep
|turn|31
|inactive|kaizojerry has 20 seconds left this turn.
|inactive|kaizojerry has 15 seconds left.
|
|t:|1641786269
|switch|p1a: Heatran|Heatran, M|100/100
|move|p2a: Hatterene|Draining Kiss|p1a: Heatran
|-resisted|p1a: Heatran
|-damage|p1a: Heatran|97/100
|-heal|p2a: Hatterene|80/100|[from] drain|[of] p1a: Heatran
|-status|p2a: Hatterene|brn|[from] ability: Flame Body|[of] p1a: Heatran
|
|-heal|p1a: Heatran|100/100|[from] item: Leftovers
|-heal|p2a: Hatterene|86/100 brn|[from] item: Leftovers
|-damage|p2a: Hatterene|80/100 brn|[from] brn
|upkeep
|turn|32
|inactive|kaizojerry has 25 seconds left this turn.
|inactive|kaizojerry has 20 seconds left.
|c| The Dragon Gyrados|l;ol
|c| The Dragon Gyrados|flamebody
|
|t:|1641786285
|switch|p2a: Seismitoad|Seismitoad, M|63/100
|move|p1a: Heatran|Magma Storm|p2a: Seismitoad|[miss]
|-miss|p1a: Heatran|p2a: Seismitoad
|
|-heal|p2a: Seismitoad|69/100|[from] item: Leftovers
|upkeep
|turn|33
|inactive|kaizojerry has 30 seconds left this turn.
|inactive|kaizojerry has 20 seconds left.
|
|t:|1641786297
|switch|p1a: Tapu Fini|Tapu Fini|56/100 brn
|-fieldstart|move: Misty Terrain|[from] ability: Misty Surge|[of] p1a: Tapu Fini
|move|p2a: Seismitoad|Earth Power|p1a: Tapu Fini
|-damage|p1a: Tapu Fini|35/100 brn
|
|-heal|p2a: Seismitoad|75/100|[from] item: Leftovers
|-damage|p1a: Tapu Fini|29/100 brn|[from] brn
|upkeep
|turn|34
|inactive|kaizojerry has 30 seconds left this turn.
|c| BabyPigsAreLaughin|Everybody is using Flame Body Heatran now. i don't see Flash Fire anymore.
|
|t:|1641786306
|move|p1a: Tapu Fini|Moonblast|p2a: Seismitoad
|-damage|p2a: Seismitoad|40/100
|move|p2a: Seismitoad|Earth Power|p1a: Tapu Fini
|-damage|p1a: Tapu Fini|7/100 brn
|
|-heal|p2a: Seismitoad|46/100|[from] item: Leftovers
|-damage|p1a: Tapu Fini|0 fnt|[from] brn
|faint|p1a: Tapu Fini
|upkeep
|inactive|kaizojerry has 30 seconds left.
|
|t:|1641786312
|switch|p1a: Mamoswine|Mamoswine, F|73/100
|turn|35
|
|t:|1641786320
|switch|p2a: Buzzwole|Buzzwole|49/100
|move|p1a: Mamoswine|Icicle Crash|p2a: Buzzwole
|-damage|p2a: Buzzwole|1/100
|
|upkeep
|turn|36
|inactive|kaizojerry has 30 seconds left.
|
|t:|1641786343
|switch|p1a: Magnezone|Magnezone|45/100
|switch|p2a: Centiskorch|Centiskorch, F|100/100 slp
|
|upkeep
|turn|37
|inactive|kaizojerry has 30 seconds left.
|
|t:|1641786354
|cant|p2a: Centiskorch|slp
|move|p2a: Centiskorch|Sleep Talk|p2a: Centiskorch
|move|p2a: Centiskorch|Knock Off|p1a: Magnezone|[from]move: Sleep Talk
|-damage|p1a: Magnezone|32/100
|move|p1a: Magnezone|Teleport|p1a: Magnezone
|inactive|kaizojerry has 30 seconds left this turn.
|c| The Dragon Gyrados|he needs centikorsh
|inactive|kaizojerry has 20 seconds left.
|
|t:|1641786365
|switch|p1a: Dragonite|Dragonite, M|80/100|[from]move: Teleport
|
|-fieldend|Misty Terrain
|upkeep
|turn|38
|inactive|kaizojerry has 30 seconds left this turn.
|c| The Dragon Gyrados|to win this battle
|
|t:|1641786369
|switch|p2a: Hatterene|Hatterene, F|80/100 brn
|move|p1a: Dragonite|Roost|p1a: Dragonite
|-heal|p1a: Dragonite|100/100
|-singleturn|p1a: Dragonite|move: Roost
|
|-heal|p2a: Hatterene|86/100 brn|[from] item: Leftovers
|-damage|p2a: Hatterene|80/100 brn|[from] brn
|upkeep
|turn|39
|
|t:|1641786389
|switch|p1a: Kartana|Kartana|100/100
|switch|p2a: Gyarados|Gyarados, M|51/100
|
|-heal|p2a: Gyarados|57/100|[from] item: Leftovers
|upkeep
|turn|40
|
|t:|1641786402
|switch|p2a: Centiskorch|Centiskorch, F|100/100 slp
|move|p1a: Kartana|Leaf Blade|p2a: Centiskorch
|-resisted|p2a: Centiskorch
|-damage|p2a: Centiskorch|89/100 slp
|
|upkeep
|turn|41
|
|t:|1641786408
|switch|p1a: Heatran|Heatran, M|100/100
|cant|p2a: Centiskorch|slp
|move|p2a: Centiskorch|Sleep Talk|p2a: Centiskorch
|move|p2a: Centiskorch|Knock Off|p1a: Heatran|[from]move: Sleep Talk
|-damage|p1a: Heatran|80/100
|-enditem|p1a: Heatran|Leftovers|[from] move: Knock Off|[of] p2a: Centiskorch
|
|upkeep
|turn|42
|c| The Dragon Gyrados|wow
|c| The Dragon Gyrados|no burn
|
|t:|1641786417
|switch|p2a: Gyarados|Gyarados, M|57/100
|move|p1a: Heatran|Stealth Rock|p2a: Gyarados
|-sidestart|p2: FirstGear|move: Stealth Rock
|
|-heal|p2a: Gyarados|64/100|[from] item: Leftovers
|upkeep
|turn|43
|inactive|kaizojerry has 60 seconds left.
|c| The Dragon Gyrados|lol
|c| The Dragon Gyrados|them rocks are a problem now
|
|t:|1641786442
|switch|p1a: Magnezone|Magnezone|32/100
|move|p2a: Gyarados|Substitute|p2a: Gyarados
|-start|p2a: Gyarados|Substitute
|-damage|p2a: Gyarados|39/100
|
|-heal|p2a: Gyarados|45/100|[from] item: Leftovers
|upkeep
|turn|44
|
|t:|1641786448
|move|p2a: Gyarados|Waterfall|p1a: Magnezone
|-damage|p1a: Magnezone|5/100
|move|p1a: Magnezone|Thunderbolt|p2a: Gyarados
|-supereffective|p2a: Gyarados
|-end|p2a: Gyarados|Substitute
|
|-heal|p2a: Gyarados|51/100|[from] item: Leftovers
|upkeep
|turn|45
|
|t:|1641786456
|move|p2a: Gyarados|Substitute|p2a: Gyarados
|-start|p2a: Gyarados|Substitute
|-damage|p2a: Gyarados|26/100
|move|p1a: Magnezone|Thunderbolt|p2a: Gyarados
|-supereffective|p2a: Gyarados
|-end|p2a: Gyarados|Substitute
|
|-heal|p2a: Gyarados|32/100|[from] item: Leftovers
|upkeep
|turn|46
|c| BabyPigsAreLaughin|Does she not have Defog on her team?
|c| The Dragon Gyrados|why sub?
|
|t:|1641786462
|move|p2a: Gyarados|Waterfall|p1a: Magnezone
|-damage|p1a: Magnezone|0 fnt
|faint|p1a: Magnezone
|-ability|p2a: Gyarados|Moxie|boost
|-boost|p2a: Gyarados|atk|1
|
|-heal|p2a: Gyarados|38/100|[from] item: Leftovers
|upkeep
|
|t:|1641786466
|switch|p1a: Kartana|Kartana|100/100
|turn|47
|
|t:|1641786480
|switch|p2a: Centiskorch|Centiskorch, F|89/100 slp
|-damage|p2a: Centiskorch|39/100 slp|[from] Stealth Rock
|move|p1a: Kartana|Knock Off|p2a: Centiskorch
|-damage|p2a: Centiskorch|17/100 slp
|
|upkeep
|turn|48
|c| The Dragon Gyrados|come on
|
|t:|1641786487
|move|p1a: Kartana|Knock Off|p2a: Centiskorch
|-damage|p2a: Centiskorch|0 fnt
|faint|p2a: Centiskorch
|-ability|p1a: Kartana|Beast Boost|boost
|-boost|p1a: Kartana|atk|1
|
|upkeep
|c| The Dragon Gyrados|burn
|c| The Dragon Gyrados|wow
|c| The Dragon Gyrados|bs
|l|☆FirstGear
|inactive|FirstGear disconnected and has a minute to reconnect!
|player|p2|
|c|☆kaizojerry|its flash fire
|c| The Dragon Gyrados|oh
|c| BabyPigsAreLaughin|That rage quit, though.
|c| The Dragon Gyrados|he sucks anyways
|c| The Dragon Gyrados|that mon
|inactive|FirstGear has 30 seconds to reconnect!
|inactive|FirstGear has 20 seconds to reconnect!
|inactive|FirstGear has 15 seconds to reconnect!
|inactive|FirstGear has 10 seconds to reconnect!
|inactive|FirstGear has 5 seconds to reconnect!
|c| The Dragon Gyrados|kaizo
|-message|FirstGear lost due to inactivity.
|
|win|kaizojerry
|raw|kaizojerry's rating: 1795 &rarr; <strong>1808</strong><br />(+13 for winning)
|raw|FirstGear's rating: 1671 &rarr; <strong>1658</strong><br />(-13 for losing)
|c| The Dragon Gyrados|u want a match?
|c|☆kaizojerry|get jerryd
|l| YousuckIampro
