|j|☆Yellowpanda483
|j|☆WhoBitMyBiscuit?
|t:|1641834685
|gametype|singles
|player|p1|Yellowpanda483|266|1150
|player|p2|WhoBitMyBiscuit?|roxie|1148
|teamsize|p1|6
|teamsize|p2|6
|gen|8
|tier|[Gen 8] OU
|rated|
|rule|Sleep Clause Mod: Limit one foe put to sleep
|rule|Species Clause: Limit one of each Pokémon
|rule|OHKO Clause: OHKO moves are banned
|rule|Evasion Moves Clause: Evasion moves are banned
|rule|Endless Battle Clause: Forcing endless battles is banned
|rule|HP Percentage Mod: HP is shown in percentages
|rule|Dynamax Clause: You cannot dynamax
|clearpoke
|poke|p1|Melmetal|
|poke|p1|Tyrantrum, F|
|poke|p1|Nidoking, M|
|poke|p1|Urshifu-*, F|
|poke|p1|Mimikyu, M|
|poke|p1|Rotom|
|poke|p2|Shedinja|
|poke|p2|Tentacruel, M|
|poke|p2|Hitmonlee, M|
|poke|p2|Persian-Alola, M|
|poke|p2|Shiinotic, M|
|poke|p2|Xatu, M|
|teampreview
|
|t:|1641834689
|start
|switch|p1a: Tyrantrum|Tyrantrum, F|100/100
|switch|p2a: Persian|Persian-Alola, M|100/100
|turn|1
|inactive|Battle timer is ON: inactive players will automatically lose when time's up. (requested by WhoBitMyBiscuit?)
|
|t:|1641834695
|move|p2a: Persian|Taunt|p1a: Tyrantrum
|-start|p1a: Tyrantrum|move: Taunt
|cant|p1a: Tyrantrum|move: Taunt|Stealth Rock
|
|upkeep
|turn|2
|
|t:|1641834699
|switch|p1a: Urshifu|Urshifu-Rapid-Strike, F|100/100
|move|p2a: Persian|Knock Off|p1a: Urshifu
|-resisted|p1a: Urshifu
|-damage|p1a: Urshifu|92/100
|-enditem|p1a: Urshifu|Life Orb|[from] move: Knock Off|[of] p2a: Persian
|
|upkeep
|turn|3
|
|t:|1641834706
|switch|p2a: Shiinotic|Shiinotic, M|100/100
|move|p1a: Urshifu|Drain Punch|p2a: Shiinotic
|-resisted|p2a: Shiinotic
|-damage|p2a: Shiinotic|83/100
|-heal|p1a: Urshifu|99/100|[from] drain|[of] p2a: Shiinotic
|-damage|p1a: Urshifu|83/100|[from] item: Rocky Helmet|[of] p2a: Shiinotic
|
|upkeep
|turn|4
|inactive|Yellowpanda483 has 120 seconds left.
|
|t:|1641834737
|switch|p1a: Melmetal|Melmetal|100/100
|move|p2a: Shiinotic|Leech Seed|p1a: Melmetal
|-start|p1a: Melmetal|move: Leech Seed
|
|-damage|p1a: Melmetal|88/100|[from] Leech Seed|[of] p2a: Shiinotic
|-heal|p2a: Shiinotic|99/100|[silent]
|upkeep
|turn|5
|inactive|Yellowpanda483 has 120 seconds left.
|
|t:|1641834748
|move|p1a: Melmetal|Double Iron Bash|p2a: Shiinotic
|-supereffective|p2a: Shiinotic
|-damage|p2a: Shiinotic|38/100
|-damage|p1a: Melmetal|72/100|[from] item: Rocky Helmet|[of] p2a: Shiinotic
|-status|p1a: Melmetal|par|[from] ability: Effect Spore|[of] p2a: Shiinotic
|-supereffective|p2a: Shiinotic
|-damage|p2a: Shiinotic|0 fnt
|-damage|p1a: Melmetal|55/100 par|[from] item: Rocky Helmet|[of] p2a: Shiinotic
|faint|p2a: Shiinotic
|-hitcount|p2: Shiinotic|2
|
|upkeep
|
|t:|1641834764
|switch|p2a: Hitmonlee|Hitmonlee, M|100/100
|turn|6
|
|t:|1641834767
|switch|p1a: Mimikyu|Mimikyu, M|100/100
|move|p2a: Hitmonlee|Fake Out|p1a: Mimikyu
|-immune|p1a: Mimikyu
|
|upkeep
|turn|7
|
|t:|1641834778
|switch|p2a: Persian|Persian-Alola, M|100/100
|move|p1a: Mimikyu|Swords Dance|p1a: Mimikyu
|-boost|p1a: Mimikyu|atk|2
|
|upkeep
|turn|8
|
|t:|1641834784
|move|p2a: Persian|Knock Off|p1a: Mimikyu
|-activate|p1a: Mimikyu|ability: Disguise
|-damage|p1a: Mimikyu|100/100
|-enditem|p1a: Mimikyu|Expert Belt|[from] move: Knock Off|[of] p2a: Persian
|detailschange|p1a: Mimikyu|Mimikyu-Busted, M
|-damage|p1a: Mimikyu|88/100|[from] pokemon: Mimikyu-Busted
|move|p1a: Mimikyu|Swords Dance|p1a: Mimikyu
|-boost|p1a: Mimikyu|atk|2
|
|upkeep
|turn|9
|
|t:|1641834792
|move|p2a: Persian|Foul Play|p1a: Mimikyu
|-damage|p1a: Mimikyu|0 fnt
|faint|p1a: Mimikyu
|
|upkeep
|
|t:|1641834801
|switch|p1a: Urshifu|Urshifu-Rapid-Strike, F|83/100
|turn|10
|
|t:|1641834809
|move|p2a: Persian|Parting Shot|p1a: Urshifu
|-unboost|p1a: Urshifu|atk|1
|-unboost|p1a: Urshifu|spa|1
|
|t:|1641834813
|switch|p2a: Shedinja|Shedinja|100/100|[from]move: Parting Shot
|move|p1a: Urshifu|Surging Strikes|p2a: Shedinja
|-immune|p2a: Shedinja|[from] ability: Wonder Guard
|
|upkeep
|turn|11
|
|t:|1641834820
|move|p1a: Urshifu|Acrobatics|p2a: Shedinja
|-supereffective|p2a: Shedinja
|-enditem|p2a: Shedinja|Focus Sash
|-damage|p2a: Shedinja|100/100
|move|p2a: Shedinja|Will-O-Wisp|p1a: Urshifu|[miss]
|-miss|p2a: Shedinja|p1a: Urshifu
|
|upkeep
|turn|12
|
|t:|1641834827
|switch|p2a: Persian|Persian-Alola, M|100/100
|move|p1a: Urshifu|Acrobatics|p2a: Persian
|-damage|p2a: Persian|83/100
|
|upkeep
|turn|13
|
|t:|1641834837
|move|p2a: Persian|Parting Shot|p1a: Urshifu
|-unboost|p1a: Urshifu|atk|1
|-unboost|p1a: Urshifu|spa|1
|
|t:|1641834845
|switch|p2a: Xatu|Xatu, M|100/100|[from]move: Parting Shot
|move|p1a: Urshifu|Surging Strikes|p2a: Xatu
|-crit|p2a: Xatu
|-damage|p2a: Xatu|81/100
|-crit|p2a: Xatu
|-damage|p2a: Xatu|62/100
|-crit|p2a: Xatu
|-damage|p2a: Xatu|42/100
|-hitcount|p2a: Xatu|3
|
|upkeep
|turn|14
|
|t:|1641834854
|switch|p1a: Rotom|Rotom|100/100
|move|p2a: Xatu|Psychic|p1a: Rotom
|-damage|p1a: Rotom|57/100
|
|-heal|p1a: Rotom|62/100|[from] item: Leftovers
|upkeep
|turn|15
|
|t:|1641834862
|move|p2a: Xatu|Roost|p2a: Xatu
|-heal|p2a: Xatu|92/100
|-singleturn|p2a: Xatu|move: Roost
|move|p1a: Rotom|Dark Pulse|p2a: Xatu
|-supereffective|p2a: Xatu
|-damage|p2a: Xatu|39/100
|
|-heal|p1a: Rotom|68/100|[from] item: Leftovers
|upkeep
|turn|16
|
|t:|1641834872
|move|p2a: Xatu|Psychic|p1a: Rotom
|-damage|p1a: Rotom|22/100
|move|p1a: Rotom|Nasty Plot|p1a: Rotom
|-boost|p1a: Rotom|spa|2
|
|-heal|p1a: Rotom|28/100|[from] item: Leftovers
|upkeep
|turn|17
|
|t:|1641834878
|switch|p1a: Tyrantrum|Tyrantrum, F|100/100
|move|p2a: Xatu|Psychic|p1a: Tyrantrum
|-damage|p1a: Tyrantrum|60/100
|
|-heal|p1a: Tyrantrum|67/100|[from] item: Leftovers
|upkeep
|turn|18
|
|t:|1641834889
|switch|p2a: Persian|Persian-Alola, M|83/100
|move|p1a: Tyrantrum|Stealth Rock|p2a: Persian
|-sidestart|p2: WhoBitMyBiscuit?|move: Stealth Rock
|
|-heal|p1a: Tyrantrum|73/100|[from] item: Leftovers
|upkeep
|turn|19
|
|t:|1641834906
|move|p2a: Persian|Parting Shot|p1a: Tyrantrum
|-unboost|p1a: Tyrantrum|atk|1
|-unboost|p1a: Tyrantrum|spa|1
|
|t:|1641834923
|switch|p2a: Tentacruel|Tentacruel, M|100/100|[from]move: Parting Shot
|-damage|p2a: Tentacruel|88/100|[from] Stealth Rock
|-item|p2a: Tentacruel|Air Balloon
|move|p1a: Tyrantrum|Toxic|p2a: Tentacruel
|-immune|p2a: Tentacruel
|
|-heal|p1a: Tyrantrum|79/100|[from] item: Leftovers
|upkeep
|turn|20
|
|t:|1641834932
|move|p2a: Tentacruel|Rapid Spin|p1a: Tyrantrum
|-resisted|p1a: Tyrantrum
|-damage|p1a: Tyrantrum|76/100
|-boost|p2a: Tentacruel|spe|1
|-sideend|p2: WhoBitMyBiscuit?|Stealth Rock|[from] move: Rapid Spin|[of] p2a: Tentacruel
|move|p1a: Tyrantrum|Roar|p2a: Tentacruel
|drag|p2a: Hitmonlee|Hitmonlee, M|100/100
|
|-heal|p1a: Tyrantrum|82/100|[from] item: Leftovers
|upkeep
|turn|21
|
|t:|1641834941
|move|p2a: Hitmonlee|Fake Out|p1a: Tyrantrum
|-enditem|p2a: Hitmonlee|Normal Gem|[from] gem
|-resisted|p1a: Tyrantrum
|-damage|p1a: Tyrantrum|74/100
|cant|p1a: Tyrantrum|flinch
|
|-heal|p1a: Tyrantrum|80/100|[from] item: Leftovers
|upkeep
|turn|22
|
|t:|1641834948
|move|p2a: Hitmonlee|Close Combat|p1a: Tyrantrum
|-supereffective|p1a: Tyrantrum
|-damage|p1a: Tyrantrum|0 fnt
|-unboost|p2a: Hitmonlee|def|1
|-unboost|p2a: Hitmonlee|spd|1
|faint|p1a: Tyrantrum
|
|upkeep
|
|t:|1641834956
|switch|p1a: Rotom|Rotom|28/100
|turn|23
|
|t:|1641834959
|move|p2a: Hitmonlee|Knock Off|p1a: Rotom
|-supereffective|p1a: Rotom
|-damage|p1a: Rotom|0 fnt
|-enditem|p1a: Rotom|Leftovers|[from] move: Knock Off|[of] p2a: Hitmonlee
|faint|p1a: Rotom
|
|upkeep
|
|t:|1641834968
|switch|p1a: Nidoking|Nidoking, M|100/100
|-item|p1a: Nidoking|Air Balloon
|turn|24
|
|t:|1641834972
|move|p2a: Hitmonlee|Close Combat|p1a: Nidoking
|-resisted|p1a: Nidoking
|-damage|p1a: Nidoking|63/100
|-unboost|p2a: Hitmonlee|def|1
|-unboost|p2a: Hitmonlee|spd|1
|-enditem|p1a: Nidoking|Air Balloon
|move|p1a: Nidoking|Earth Power|p2a: Hitmonlee
|-damage|p2a: Hitmonlee|0 fnt
|faint|p2a: Hitmonlee
|
|upkeep
|
|t:|1641834991
|switch|p2a: Tentacruel|Tentacruel, M|88/100
|-item|p2a: Tentacruel|Air Balloon
|turn|25
|
|t:|1641835000
|move|p2a: Tentacruel|Rapid Spin|p1a: Nidoking
|-damage|p1a: Nidoking|54/100
|-boost|p2a: Tentacruel|spe|1
|move|p1a: Nidoking|Thunderbolt|p2a: Tentacruel
|-supereffective|p2a: Tentacruel
|-damage|p2a: Tentacruel|44/100
|-enditem|p2a: Tentacruel|Air Balloon
|
|upkeep
|turn|26
|
|t:|1641835008
|move|p2a: Tentacruel|Scald|p1a: Nidoking
|-supereffective|p1a: Nidoking
|-damage|p1a: Nidoking|0 fnt
|faint|p1a: Nidoking
|
|upkeep
|
|t:|1641835012
|switch|p1a: Melmetal|Melmetal|55/100 par
|turn|27
|
|t:|1641835023
|move|p2a: Tentacruel|Scald|p1a: Melmetal
|-damage|p1a: Melmetal|33/100 par
|move|p1a: Melmetal|Earthquake|p2a: Tentacruel
|-supereffective|p2a: Tentacruel
|-damage|p2a: Tentacruel|0 fnt
|faint|p2a: Tentacruel
|
|upkeep
|
|t:|1641835030
|switch|p2a: Shedinja|Shedinja|100/100
|turn|28
|
|t:|1641835037
|switch|p1a: Urshifu|Urshifu-Rapid-Strike, F|83/100
|move|p2a: Shedinja|Hex|p1a: Urshifu
|-damage|p1a: Urshifu|65/100
|
|upkeep
|turn|29
|
|t:|1641835043
|move|p2a: Shedinja|Protect|p2a: Shedinja
|-singleturn|p2a: Shedinja|Protect
|move|p1a: Urshifu|Surging Strikes|p2a: Shedinja
|-immune|p2a: Shedinja|[from] ability: Wonder Guard
|
|upkeep
|turn|30
|
|t:|1641835049
|move|p1a: Urshifu|Acrobatics|p2a: Shedinja
|-supereffective|p2a: Shedinja
|-damage|p2a: Shedinja|0 fnt
|faint|p2a: Shedinja
|
|upkeep
|
|t:|1641835055
|switch|p2a: Persian|Persian-Alola, M|83/100
|turn|31
|
|t:|1641835059
|move|p2a: Persian|Parting Shot|p1a: Urshifu
|-unboost|p1a: Urshifu|atk|1
|-unboost|p1a: Urshifu|spa|1
|
|t:|1641835062
|switch|p2a: Xatu|Xatu, M|39/100|[from]move: Parting Shot
|move|p1a: Urshifu|Drain Punch|p2a: Xatu
|-resisted|p2a: Xatu
|-damage|p2a: Xatu|33/100
|-heal|p1a: Urshifu|67/100|[from] drain|[of] p2a: Xatu
|
|upkeep
|turn|32
|
|t:|1641835069
|switch|p1a: Melmetal|Melmetal|33/100 par
|move|p2a: Xatu|Roost|p2a: Xatu
|-heal|p2a: Xatu|83/100
|-singleturn|p2a: Xatu|move: Roost
|
|upkeep
|turn|33
|
|t:|1641835075
|move|p2a: Xatu|Air Slash|p1a: Melmetal
|-resisted|p1a: Melmetal
|-damage|p1a: Melmetal|22/100 par
|cant|p1a: Melmetal|par
|
|upkeep
|turn|34
|
|t:|1641835081
|move|p2a: Xatu|Air Slash|p1a: Melmetal
|-resisted|p1a: Melmetal
|-damage|p1a: Melmetal|11/100 par
|cant|p1a: Melmetal|flinch
|
|upkeep
|turn|35
|
|t:|1641835087
|move|p2a: Xatu|Air Slash|p1a: Melmetal|[miss]
|-miss|p2a: Xatu|p1a: Melmetal
|move|p1a: Melmetal|Double Iron Bash|p2a: Xatu
|-damage|p2a: Xatu|42/100
|-damage|p2a: Xatu|6/100
|-hitcount|p2a: Xatu|2
|
|upkeep
|turn|36
|
|t:|1641835093
|move|p2a: Xatu|Air Slash|p1a: Melmetal
|-resisted|p1a: Melmetal
|-damage|p1a: Melmetal|0 fnt
|faint|p1a: Melmetal
|
|upkeep
|
|t:|1641835095
|switch|p1a: Urshifu|Urshifu-Rapid-Strike, F|67/100
|turn|37
|
|t:|1641835102
|move|p1a: Urshifu|Aqua Jet|p2a: Xatu
|-damage|p2a: Xatu|0 fnt
|faint|p2a: Xatu
|
|upkeep
|
|t:|1641835106
|switch|p2a: Persian|Persian-Alola, M|83/100
|turn|38
|
|t:|1641835109
|move|p2a: Persian|Foul Play|p1a: Urshifu
|-resisted|p1a: Urshifu
|-damage|p1a: Urshifu|48/100
|move|p1a: Urshifu|Drain Punch|p2a: Persian
|-supereffective|p2a: Persian
|-damage|p2a: Persian|24/100
|-heal|p1a: Urshifu|74/100|[from] drain|[of] p2a: Persian
|
|upkeep
|turn|39
|-message|WhoBitMyBiscuit? forfeited.
|
|win|Yellowpanda483
|raw|Yellowpanda483's rating: 1150 &rarr; <strong>1175</strong><br />(+25 for winning)
|raw|WhoBitMyBiscuit?'s rating: 1148 &rarr; <strong>1123</strong><br />(-25 for losing)
|l|☆WhoBitMyBiscuit?
