|j|☆Woifix
|j|☆Smart Falcon
|t:|1641803462
|gametype|singles
|player|p1|Woifix|2|1224
|player|p2|Smart Falcon|shauntal|1247
|teamsize|p1|6
|teamsize|p2|6
|gen|8
|tier|[Gen 8] OU
|rated|
|rule|Sleep Clause Mod: Limit one foe put to sleep
|rule|Species Clause: Limit one of each Pokémon
|rule|OHKO Clause: OHKO moves are banned
|rule|Evasion Moves Clause: Evasion moves are banned
|rule|Endless Battle Clause: Forcing endless battles is banned
|rule|HP Percentage Mod: HP is shown in percentages
|rule|Dynamax Clause: You cannot dynamax
|clearpoke
|poke|p1|Nihilego|
|poke|p1|Tapu Lele|
|poke|p1|Magnezone|
|poke|p1|Weavile, M|
|poke|p1|Slowbro, F|
|poke|p1|Landorus-Therian, M|
|poke|p2|Tyranitar, M|
|poke|p2|Clefable, F|
|poke|p2|Excadrill, M|
|poke|p2|Kartana|
|poke|p2|Zapdos|
|poke|p2|Cloyster, F|
|teampreview
|
|t:|1641803470
|start
|switch|p1a: Landorus|Landorus-Therian, M|100/100
|switch|p2a: Cloyster|Cloyster, F|100/100
|-ability|p1a: Landorus|Intimidate|boost
|-unboost|p2a: Cloyster|atk|1
|turn|1
|
|t:|1641803485
|move|p2a: Cloyster|Surf|p1a: Landorus
|-supereffective|p1a: Landorus
|-damage|p1a: Landorus|53/100
|move|p1a: Landorus|U-turn|p2a: Cloyster
|-damage|p2a: Cloyster|83/100
|
|t:|1641803493
|switch|p1a: Weavile|Weavile, M|100/100|[from]move: U-turn
|
|upkeep
|turn|2
|
|t:|1641803497
|move|p1a: Weavile|Knock Off|p2a: Cloyster
|-damage|p2a: Cloyster|41/100
|-enditem|p2a: Cloyster|Focus Sash|[from] move: Knock Off|[of] p1a: Weavile
|move|p2a: Cloyster|Rock Blast|p1a: Weavile
|-supereffective|p1a: Weavile
|-damage|p1a: Weavile|83/100
|-supereffective|p1a: Weavile
|-damage|p1a: Weavile|67/100
|-supereffective|p1a: Weavile
|-damage|p1a: Weavile|49/100
|-supereffective|p1a: Weavile
|-damage|p1a: Weavile|31/100
|-supereffective|p1a: Weavile
|-damage|p1a: Weavile|14/100
|-hitcount|p1a: Weavile|5
|
|upkeep
|turn|3
|
|t:|1641803510
|switch|p1a: Tapu Lele|Tapu Lele|100/100
|-fieldstart|move: Psychic Terrain|[from] ability: Psychic Surge|[of] p1a: Tapu Lele
|move|p2a: Cloyster|Surf|p1a: Tapu Lele
|-damage|p1a: Tapu Lele|73/100
|
|upkeep
|turn|4
|
|t:|1641803520
|switch|p2a: Tyranitar|Tyranitar, M|100/100
|-weather|Sandstorm|[from] ability: Sand Stream|[of] p2a: Tyranitar
|move|p1a: Tapu Lele|Psyshock|p2a: Tyranitar
|-immune|p2a: Tyranitar
|
|-weather|Sandstorm|[upkeep]
|-damage|p1a: Tapu Lele|67/100|[from] Sandstorm
|upkeep
|turn|5
|-message|Woifix forfeited.
|
|win|Smart Falcon
|raw|Woifix's rating: 1224 &rarr; <strong>1201</strong><br />(-23 for losing)
|raw|Smart Falcon's rating: 1247 &rarr; <strong>1270</strong><br />(+23 for winning)
|l|☆Woifix
|l|☆Smart Falcon
|j|☆Smart Falcon
|player|p2|Smart Falcon|shauntal
