|j|☆shqlpeeeeeeee
|j|☆Aegis1000
|t:|1641726534
|gametype|singles
|player|p1|shqlpeeeeeeee|pokefanf-gen4|1178
|player|p2|Aegis1000|1|1235
|teamsize|p1|6
|teamsize|p2|6
|gen|8
|tier|[Gen 8] OU
|rated|
|rule|Sleep Clause Mod: Limit one foe put to sleep
|rule|Species Clause: Limit one of each Pokémon
|rule|OHKO Clause: OHKO moves are banned
|rule|Evasion Moves Clause: Evasion moves are banned
|rule|Endless Battle Clause: Forcing endless battles is banned
|rule|HP Percentage Mod: HP is shown in percentages
|rule|Dynamax Clause: You cannot dynamax
|clearpoke
|poke|p1|Blissey, F|
|poke|p1|Corviknight, M|
|poke|p1|Ferrothorn, F|
|poke|p1|Tapu Fini|
|poke|p1|Toxapex, F|
|poke|p1|Clefable, M|
|poke|p2|Landorus-Therian, M|
|poke|p2|Ferrothorn, M|
|poke|p2|Toxapex, F|
|poke|p2|Pelipper, M|
|poke|p2|Regieleki|
|poke|p2|Dragapult, M|
|teampreview
|
|t:|1641726541
|start
|switch|p1a: Clefable|Clefable, M|100/100
|switch|p2a: Ferrothorn|Ferrothorn, M|100/100
|turn|1
|
|t:|1641726544
|move|p1a: Clefable|Substitute|p1a: Clefable
|-start|p1a: Clefable|Substitute
|-damage|p1a: Clefable|75/100
|move|p2a: Ferrothorn|Leech Seed||[still]
|-fail|p2a: Ferrothorn
|
|upkeep
|turn|2
|
|t:|1641726547
|move|p1a: Clefable|Belly Drum|p1a: Clefable
|-damage|p1a: Clefable|25/100
|-setboost|p1a: Clefable|atk|6|[from] move: Belly Drum
|-enditem|p1a: Clefable|Salac Berry|[eat]
|-boost|p1a: Clefable|spe|1|[from] item: Salac Berry
|move|p2a: Ferrothorn|Flash Cannon|p1a: Clefable
|-supereffective|p1a: Clefable
|-end|p1a: Clefable|Substitute
|
|upkeep
|turn|3
|
|t:|1641726558
|move|p1a: Clefable|Drain Punch|p2a: Ferrothorn
|-supereffective|p2a: Ferrothorn
|-damage|p2a: Ferrothorn|14/100
|-heal|p1a: Clefable|67/100|[from] drain|[of] p2a: Ferrothorn
|-damage|p1a: Clefable|55/100|[from] ability: Iron Barbs|[of] p2a: Ferrothorn
|-damage|p1a: Clefable|38/100|[from] item: Rocky Helmet|[of] p2a: Ferrothorn
|move|p2a: Ferrothorn|Flash Cannon|p1a: Clefable
|-supereffective|p1a: Clefable
|-damage|p1a: Clefable|0 fnt
|faint|p1a: Clefable
|
|upkeep
|c|☆shqlpeeeeeeee|bruh
|
|t:|1641726575
|switch|p1a: Corviknight|Corviknight, M|100/100
|turn|4
|c|☆Aegis1000|clefs phys attck isnt that good
|
|t:|1641726584
|move|p1a: Corviknight|Agility|p1a: Corviknight
|-boost|p1a: Corviknight|spe|2
|move|p2a: Ferrothorn|Leech Seed|p1a: Corviknight|[miss]
|-miss|p2a: Ferrothorn|p1a: Corviknight
|
|upkeep
|turn|5
|
|t:|1641726588
|move|p1a: Corviknight|Bulk Up|p1a: Corviknight
|-boost|p1a: Corviknight|atk|1
|-boost|p1a: Corviknight|def|1
|move|p2a: Ferrothorn|Leech Seed|p1a: Corviknight
|-start|p1a: Corviknight|move: Leech Seed
|
|-damage|p1a: Corviknight|88/100|[from] Leech Seed|[of] p2a: Ferrothorn
|-heal|p2a: Ferrothorn|29/100|[silent]
|upkeep
|turn|6
|c|☆shqlpeeeeeeee|I know
|
|t:|1641726599
|move|p2a: Ferrothorn|Protect|p2a: Ferrothorn
|-singleturn|p2a: Ferrothorn|Protect
|move|p1a: Corviknight|Bulk Up|p1a: Corviknight
|-boost|p1a: Corviknight|atk|1
|-boost|p1a: Corviknight|def|1
|
|-heal|p1a: Corviknight|94/100|[from] item: Leftovers
|-damage|p1a: Corviknight|82/100|[from] Leech Seed|[of] p2a: Ferrothorn
|-heal|p2a: Ferrothorn|44/100|[silent]
|upkeep
|turn|7
|
|t:|1641726606
|switch|p2a: Toxapex|Toxapex, F|100/100
|move|p1a: Corviknight|Agility|p1a: Corviknight
|-boost|p1a: Corviknight|spe|2
|
|-heal|p1a: Corviknight|88/100|[from] item: Leftovers
|-damage|p1a: Corviknight|75/100|[from] Leech Seed|[of] p2a: Toxapex
|upkeep
|turn|8
|
|t:|1641726610
|move|p2a: Toxapex|Baneful Bunker|p2a: Toxapex
|-singleturn|p2a: Toxapex|move: Protect
|move|p1a: Corviknight|Bulk Up|p1a: Corviknight
|-boost|p1a: Corviknight|atk|1
|-boost|p1a: Corviknight|def|1
|
|-heal|p1a: Corviknight|82/100|[from] item: Leftovers
|-damage|p1a: Corviknight|69/100|[from] Leech Seed|[of] p2a: Toxapex
|upkeep
|turn|9
|
|t:|1641726614
|move|p1a: Corviknight|Bulk Up|p1a: Corviknight
|-boost|p1a: Corviknight|atk|1
|-boost|p1a: Corviknight|def|1
|move|p2a: Toxapex|Toxic Spikes|p1a: Corviknight
|-sidestart|p1: shqlpeeeeeeee|move: Toxic Spikes
|
|-heal|p1a: Corviknight|75/100|[from] item: Leftovers
|-damage|p1a: Corviknight|63/100|[from] Leech Seed|[of] p2a: Toxapex
|upkeep
|turn|10
|
|t:|1641726621
|move|p1a: Corviknight|Power Trip|p2a: Toxapex
|-damage|p2a: Toxapex|0 fnt
|faint|p2a: Toxapex
|
|-heal|p1a: Corviknight|69/100|[from] item: Leftovers
|upkeep
|
|t:|1641726638
|switch|p2a: Landorus|Landorus-Therian, M|100/100
|-ability|p2a: Landorus|Intimidate|boost
|-ability|p1a: Corviknight|Mirror Armor
|-unboost|p2a: Landorus|atk|1
|turn|11
|
|t:|1641726642
|move|p1a: Corviknight|Power Trip|p2a: Landorus
|-damage|p2a: Landorus|0 fnt
|faint|p2a: Landorus
|
|-heal|p1a: Corviknight|75/100|[from] item: Leftovers
|upkeep
|
|t:|1641726646
|switch|p2a: Regieleki|Regieleki|100/100
|turn|12
|
|t:|1641726649
|move|p1a: Corviknight|Agility|p1a: Corviknight
|-boost|p1a: Corviknight|spe|2
|move|p2a: Regieleki|Volt Switch|p1a: Corviknight
|-supereffective|p1a: Corviknight
|-damage|p1a: Corviknight|11/100
|
|t:|1641726654
|switch|p2a: Dragapult|Dragapult, M|100/100|[from]move: Volt Switch
|
|-heal|p1a: Corviknight|18/100|[from] item: Leftovers
|-damage|p1a: Corviknight|5/100|[from] Leech Seed|[of] p2a: Dragapult
|upkeep
|turn|13
|c|☆shqlpeeeeeeee|fuck
|c|☆shqlpeeeeeeee|Misclick
|
|t:|1641726664
|switch|p2a: Ferrothorn|Ferrothorn, M|44/100
|move|p1a: Corviknight|Roost|p1a: Corviknight
|-heal|p1a: Corviknight|55/100
|-singleturn|p1a: Corviknight|move: Roost
|
|-heal|p1a: Corviknight|61/100|[from] item: Leftovers
|-damage|p1a: Corviknight|49/100|[from] Leech Seed|[of] p2a: Ferrothorn
|-heal|p2a: Ferrothorn|59/100|[silent]
|upkeep
|turn|14
|
|t:|1641726675
|move|p1a: Corviknight|Roost|p1a: Corviknight
|-heal|p1a: Corviknight|99/100
|-singleturn|p1a: Corviknight|move: Roost
|move|p2a: Ferrothorn|Flash Cannon|p1a: Corviknight
|-resisted|p1a: Corviknight
|-damage|p1a: Corviknight|89/100
|
|-heal|p1a: Corviknight|95/100|[from] item: Leftovers
|-damage|p1a: Corviknight|83/100|[from] Leech Seed|[of] p2a: Ferrothorn
|-heal|p2a: Ferrothorn|74/100|[silent]
|upkeep
|turn|15
|
|t:|1641726678
|move|p1a: Corviknight|Power Trip|p2a: Ferrothorn
|-damage|p2a: Ferrothorn|0 fnt
|-damage|p1a: Corviknight|70/100|[from] ability: Iron Barbs|[of] p2a: Ferrothorn
|-damage|p1a: Corviknight|54/100|[from] item: Rocky Helmet|[of] p2a: Ferrothorn
|faint|p2a: Ferrothorn
|
|-heal|p1a: Corviknight|60/100|[from] item: Leftovers
|upkeep
|
|t:|1641726683
|switch|p2a: Dragapult|Dragapult, M|100/100
|turn|16
|
|t:|1641726686
|move|p1a: Corviknight|Power Trip|p2a: Dragapult
|-supereffective|p2a: Dragapult
|-damage|p2a: Dragapult|0 fnt
|faint|p2a: Dragapult
|
|-heal|p1a: Corviknight|66/100|[from] item: Leftovers
|upkeep
|
|t:|1641726688
|switch|p2a: Regieleki|Regieleki|100/100
|turn|17
|
|t:|1641726691
|move|p1a: Corviknight|Power Trip|p2a: Regieleki
|-damage|p2a: Regieleki|0 fnt
|faint|p2a: Regieleki
|
|-heal|p1a: Corviknight|72/100|[from] item: Leftovers
|upkeep
|
|t:|1641726693
|switch|p2a: Pelipper|Pelipper, M|100/100
|-weather|RainDance|[from] ability: Drizzle|[of] p2a: Pelipper
|turn|18
|
|t:|1641726695
|move|p1a: Corviknight|Power Trip|p2a: Pelipper
|-damage|p2a: Pelipper|0 fnt
|faint|p2a: Pelipper
|
|win|shqlpeeeeeeee
|raw|shqlpeeeeeeee's rating: 1178 &rarr; <strong>1207</strong><br />(+29 for winning)
|raw|Aegis1000's rating: 1235 &rarr; <strong>1206</strong><br />(-29 for losing)
|l|☆Aegis1000
|c|☆shqlpeeeeeeee|gg
