|j|☆Inaan
|j|☆DumbLick1337
|t:|1641822645
|gametype|singles
|player|p1|Inaan|swimmerf|1187
|player|p2|DumbLick1337|102|1188
|teamsize|p1|6
|teamsize|p2|6
|gen|8
|tier|[Gen 8] OU
|rated|
|rule|Sleep Clause Mod: Limit one foe put to sleep
|rule|Species Clause: Limit one of each Pokémon
|rule|OHKO Clause: OHKO moves are banned
|rule|Evasion Moves Clause: Evasion moves are banned
|rule|Endless Battle Clause: Forcing endless battles is banned
|rule|HP Percentage Mod: HP is shown in percentages
|rule|Dynamax Clause: You cannot dynamax
|clearpoke
|poke|p1|Azumarill, F|
|poke|p1|Whimsicott, F|
|poke|p1|Charizard, M|
|poke|p1|Slurpuff, F|
|poke|p1|Blaziken, F|
|poke|p1|Uxie|
|poke|p2|Clefable, F|
|poke|p2|Corviknight, F|
|poke|p2|Hydreigon, F|
|poke|p2|Rotom-Wash|
|poke|p2|Hippowdon, F|
|poke|p2|Excadrill, M|
|teampreview
|inactive|Battle timer is ON: inactive players will automatically lose when time's up. (requested by Inaan)
|
|t:|1641822648
|start
|switch|p1a: Blaziken|Blaziken, F, shiny|100/100
|switch|p2a: Hippowdon|Hippowdon, F|100/100
|-weather|Sandstorm|[from] ability: Sand Stream|[of] p2a: Hippowdon
|turn|1
|c|☆DumbLick1337|hf
|inactive|DumbLick1337 also wants the timer to be on.
|
|t:|1641822665
|move|p1a: Blaziken|Close Combat|p2a: Hippowdon
|-damage|p2a: Hippowdon|65/100
|-unboost|p1a: Blaziken|def|1
|-unboost|p1a: Blaziken|spd|1
|move|p2a: Hippowdon|Earthquake|p1a: Blaziken
|-supereffective|p1a: Blaziken
|-enditem|p1a: Blaziken|Focus Sash
|-damage|p1a: Blaziken|1/100
|
|-weather|Sandstorm|[upkeep]
|-damage|p1a: Blaziken|0 fnt|[from] Sandstorm
|faint|p1a: Blaziken
|upkeep
|
|t:|1641822680
|switch|p1a: Uxie|Uxie|100/100
|turn|2
|
|t:|1641822685
|move|p1a: Uxie|Reflect|p1a: Uxie
|-sidestart|p1: Inaan|Reflect
|move|p2a: Hippowdon|Stealth Rock|p1a: Uxie
|-sidestart|p1: Inaan|move: Stealth Rock
|
|-weather|Sandstorm|[upkeep]
|-damage|p1a: Uxie|94/100|[from] Sandstorm
|upkeep
|turn|3
|
|t:|1641822692
|move|p1a: Uxie|Light Screen|p1a: Uxie
|-sidestart|p1: Inaan|move: Light Screen
|move|p2a: Hippowdon|Slack Off|p2a: Hippowdon
|-heal|p2a: Hippowdon|100/100
|
|-weather|Sandstorm|[upkeep]
|-damage|p1a: Uxie|88/100|[from] Sandstorm
|upkeep
|turn|4
|
|t:|1641822700
|switch|p2a: Excadrill|Excadrill, M|100/100
|move|p1a: Uxie|Yawn|p2a: Excadrill
|-start|p2a: Excadrill|move: Yawn|[of] p1a: Uxie
|
|-weather|Sandstorm|[upkeep]
|-damage|p1a: Uxie|82/100|[from] Sandstorm
|upkeep
|turn|5
|
|t:|1641822708
|move|p2a: Excadrill|Iron Head|p1a: Uxie
|-damage|p1a: Uxie|60/100
|-damage|p2a: Excadrill|91/100|[from] item: Life Orb
|cant|p1a: Uxie|flinch
|
|-weather|Sandstorm|[upkeep]
|-damage|p1a: Uxie|54/100|[from] Sandstorm
|-end|p2a: Excadrill|move: Yawn|[silent]
|-status|p2a: Excadrill|slp
|upkeep
|turn|6
|
|t:|1641822723
|switch|p1a: Charizard|Charizard, M|100/100
|cant|p2a: Excadrill|slp
|
|-weather|Sandstorm|[upkeep]
|-damage|p1a: Charizard|94/100|[from] Sandstorm
|upkeep
|turn|7
|
|t:|1641822731
|switch|p2a: rotomwash|Rotom-Wash|100/100
|move|p1a: Charizard|Belly Drum|p1a: Charizard
|-damage|p1a: Charizard|44/100
|-setboost|p1a: Charizard|atk|6|[from] move: Belly Drum
|
|-weather|Sandstorm|[upkeep]
|-damage|p2a: rotomwash|95/100|[from] Sandstorm
|-damage|p1a: Charizard|38/100|[from] Sandstorm
|upkeep
|turn|8
|
|t:|1641822745
|move|p2a: rotomwash|Volt Switch|p1a: Charizard
|-supereffective|p1a: Charizard
|-damage|p1a: Charizard|0 fnt
|faint|p1a: Charizard
|
|t:|1641822745
|switch|p2a: Clefable|Clefable, F|100/100|[from]move: Volt Switch
|
|-weather|none
|upkeep
|
|t:|1641822761
|switch|p1a: Azumarill|Azumarill, F, shiny|100/100
|-damage|p1a: Azumarill|88/100|[from] Stealth Rock
|turn|9
|
|t:|1641822766
|switch|p2a: Corviknight|Corviknight, F|100/100
|-ability|p2a: Corviknight|Pressure
|move|p1a: Azumarill|Belly Drum|p1a: Azumarill
|-damage|p1a: Azumarill|38/100
|-setboost|p1a: Azumarill|atk|6|[from] move: Belly Drum
|-enditem|p1a: Azumarill|Sitrus Berry|[eat]
|-heal|p1a: Azumarill|63/100|[from] item: Sitrus Berry
|
|-sideend|p1: Inaan|Reflect
|upkeep
|turn|10
|
|t:|1641822779
|move|p2a: Corviknight|Substitute|p2a: Corviknight
|-start|p2a: Corviknight|Substitute
|-damage|p2a: Corviknight|75/100
|move|p1a: Azumarill|Play Rough|p2a: Corviknight
|-resisted|p2a: Corviknight
|-end|p2a: Corviknight|Substitute
|
|-heal|p2a: Corviknight|82/100|[from] item: Leftovers
|-sideend|p1: Inaan|move: Light Screen
|upkeep
|turn|11
|
|t:|1641822790
|move|p2a: Corviknight|Bulk Up|p2a: Corviknight
|-boost|p2a: Corviknight|atk|1
|-boost|p2a: Corviknight|def|1
|move|p1a: Azumarill|Knock Off|p2a: Corviknight
|-damage|p2a: Corviknight|0 fnt
|-enditem|p2a: Corviknight|Leftovers|[from] move: Knock Off|[of] p1a: Azumarill
|faint|p2a: Corviknight
|
|upkeep
|
|t:|1641822790
|switch|p2a: Clefable|Clefable, F|100/100
|turn|12
|
|t:|1641822801
|move|p2a: Clefable|Moonblast|p1a: Azumarill
|-damage|p1a: Azumarill|0 fnt
|faint|p1a: Azumarill
|
|upkeep
|
|t:|1641822814
|switch|p1a: Uxie|Uxie|54/100
|-damage|p1a: Uxie|42/100|[from] Stealth Rock
|turn|13
|
|t:|1641822819
|move|p1a: Uxie|Light Screen|p1a: Uxie
|-sidestart|p1: Inaan|move: Light Screen
|move|p2a: Clefable|Thunderbolt|p1a: Uxie
|-damage|p1a: Uxie|28/100
|-status|p1a: Uxie|par
|
|upkeep
|turn|14
|
|t:|1641822827
|move|p2a: Clefable|Moonblast|p1a: Uxie
|-damage|p1a: Uxie|5/100 par
|move|p1a: Uxie|Reflect|p1a: Uxie
|-sidestart|p1: Inaan|Reflect
|
|upkeep
|turn|15
|
|t:|1641822833
|move|p2a: Clefable|Flamethrower|p1a: Uxie
|-damage|p1a: Uxie|0 fnt
|faint|p1a: Uxie
|
|upkeep
|
|t:|1641822839
|switch|p1a: Slurpuff|Slurpuff, F|100/100
|-damage|p1a: Slurpuff|88/100|[from] Stealth Rock
|turn|16
|j| haywirehax
|
|t:|1641822844
|switch|p2a: Hippowdon|Hippowdon, F|100/100
|-weather|Sandstorm|[from] ability: Sand Stream|[of] p2a: Hippowdon
|move|p1a: Slurpuff|Belly Drum|p1a: Slurpuff
|-damage|p1a: Slurpuff|38/100
|-setboost|p1a: Slurpuff|atk|6|[from] move: Belly Drum
|-enditem|p1a: Slurpuff|Sitrus Berry|[eat]
|-heal|p1a: Slurpuff|63/100|[from] item: Sitrus Berry
|
|-weather|Sandstorm|[upkeep]
|-damage|p1a: Slurpuff|57/100|[from] Sandstorm
|upkeep
|turn|17
|
|t:|1641822858
|move|p1a: Slurpuff|Substitute|p1a: Slurpuff
|-start|p1a: Slurpuff|Substitute
|-damage|p1a: Slurpuff|32/100
|move|p2a: Hippowdon|Earthquake|p1a: Slurpuff
|-activate|p1a: Slurpuff|move: Substitute|[damage]
|
|-weather|Sandstorm|[upkeep]
|-damage|p1a: Slurpuff|26/100|[from] Sandstorm
|upkeep
|turn|18
|
|t:|1641822867
|move|p1a: Slurpuff|Play Rough|p2a: Hippowdon
|-damage|p2a: Hippowdon|21/100
|move|p2a: Hippowdon|Slack Off|p2a: Hippowdon
|-heal|p2a: Hippowdon|71/100
|
|-weather|Sandstorm|[upkeep]
|-damage|p1a: Slurpuff|19/100|[from] Sandstorm
|upkeep
|turn|19
|
|t:|1641822877
|move|p1a: Slurpuff|Drain Punch|p2a: Hippowdon
|-damage|p2a: Hippowdon|28/100
|-heal|p1a: Slurpuff|49/100|[from] drain|[of] p2a: Hippowdon
|move|p2a: Hippowdon|Slack Off|p2a: Hippowdon
|-heal|p2a: Hippowdon|78/100
|
|-weather|Sandstorm|[upkeep]
|-damage|p1a: Slurpuff|43/100|[from] Sandstorm
|upkeep
|turn|20
|
|t:|1641822887
|move|p1a: Slurpuff|Drain Punch|p2a: Hippowdon
|-damage|p2a: Hippowdon|35/100
|-heal|p1a: Slurpuff|72/100|[from] drain|[of] p2a: Hippowdon
|move|p2a: Hippowdon|Slack Off|p2a: Hippowdon
|-heal|p2a: Hippowdon|85/100
|
|-weather|Sandstorm|[upkeep]
|-damage|p1a: Slurpuff|66/100|[from] Sandstorm
|-sideend|p1: Inaan|move: Light Screen
|upkeep
|turn|21
|
|t:|1641822898
|move|p1a: Slurpuff|Drain Punch|p2a: Hippowdon
|-damage|p2a: Hippowdon|45/100
|-heal|p1a: Slurpuff|93/100|[from] drain|[of] p2a: Hippowdon
|move|p2a: Hippowdon|Slack Off|p2a: Hippowdon
|-heal|p2a: Hippowdon|95/100
|
|-weather|Sandstorm|[upkeep]
|-damage|p1a: Slurpuff|87/100|[from] Sandstorm
|-sideend|p1: Inaan|Reflect
|upkeep
|turn|22
|
|t:|1641822910
|move|p1a: Slurpuff|Play Rough|p2a: Hippowdon
|-crit|p2a: Hippowdon
|-damage|p2a: Hippowdon|0 fnt
|faint|p2a: Hippowdon
|
|-weather|Sandstorm|[upkeep]
|-damage|p1a: Slurpuff|81/100|[from] Sandstorm
|upkeep
|
|t:|1641822910
|switch|p2a: Clefable|Clefable, F|100/100
|turn|23
|
|t:|1641822921
|move|p1a: Slurpuff|Play Rough|p2a: Clefable
|-damage|p2a: Clefable|0 fnt
|faint|p2a: Clefable
|
|-weather|none
|upkeep
|
|t:|1641822921
|switch|p2a: rotomwash|Rotom-Wash|95/100
|turn|24
|
|t:|1641822931
|move|p1a: Slurpuff|Drain Punch|p2a: rotomwash
|-damage|p2a: rotomwash|0 fnt
|-heal|p1a: Slurpuff|100/100|[from] drain|[of] p2a: rotomwash
|faint|p2a: rotomwash
|
|upkeep
|
|t:|1641822931
|switch|p2a: Excadrill|Excadrill, M|91/100 slp
|turn|25
|
|t:|1641822941
|move|p1a: Slurpuff|Drain Punch|p2a: Excadrill
|-supereffective|p2a: Excadrill
|-damage|p2a: Excadrill|0 fnt
|faint|p2a: Excadrill
|
|upkeep
|
|t:|1641822941
|switch|p2a: Hydreigon|Hydreigon, F|100/100
|turn|26
|
|t:|1641822949
|move|p1a: Slurpuff|Play Rough|p2a: Hydreigon
|-supereffective|p2a: Hydreigon
|-damage|p2a: Hydreigon|0 fnt
|faint|p2a: Hydreigon
|
|win|Inaan
|raw|Inaan's rating: 1187 &rarr; <strong>1212</strong><br />(+25 for winning)
|raw|DumbLick1337's rating: 1188 &rarr; <strong>1163</strong><br />(-25 for losing)
|c|☆DumbLick1337|gg
