|j|☆Smart Falcon
|j|☆dragontamer roid
|t:|1641804832
|gametype|singles
|player|p1|Smart Falcon|shauntal|1205
|player|p2|dragontamer roid|lance|1207
|teamsize|p1|6
|teamsize|p2|6
|gen|8
|tier|[Gen 8] OU
|rated|
|rule|Sleep Clause Mod: Limit one foe put to sleep
|rule|Species Clause: Limit one of each Pokémon
|rule|OHKO Clause: OHKO moves are banned
|rule|Evasion Moves Clause: Evasion moves are banned
|rule|Endless Battle Clause: Forcing endless battles is banned
|rule|HP Percentage Mod: HP is shown in percentages
|rule|Dynamax Clause: You cannot dynamax
|clearpoke
|poke|p1|Tyranitar, M|
|poke|p1|Clefable, F|
|poke|p1|Excadrill, M|
|poke|p1|Kartana|
|poke|p1|Zapdos|
|poke|p1|Cloyster, F|
|poke|p2|Landorus-Therian, M|
|poke|p2|Kartana|
|poke|p2|Ferrothorn, F|
|poke|p2|Heatran, M|
|poke|p2|Tapu Fini|
|poke|p2|Zapdos|
|teampreview
|inactive|Battle timer is ON: inactive players will automatically lose when time's up. (requested by dragontamer roid)
|inactive|dragontamer roid has 120 seconds left.
|
|t:|1641804869
|start
|switch|p1a: Cloyster|Cloyster, F|100/100
|switch|p2a: Landorus|Landorus-Therian, M, shiny|100/100
|-ability|p2a: Landorus|Intimidate|boost
|-unboost|p1a: Cloyster|atk|1
|turn|1
|
|t:|1641804877
|move|p1a: Cloyster|Shell Smash|p1a: Cloyster
|-unboost|p1a: Cloyster|def|1
|-unboost|p1a: Cloyster|spd|1
|-boost|p1a: Cloyster|atk|2
|-boost|p1a: Cloyster|spa|2
|-boost|p1a: Cloyster|spe|2
|move|p2a: Landorus|Earthquake|p1a: Cloyster
|-damage|p1a: Cloyster|38/100
|
|upkeep
|turn|2
|
|t:|1641804888
|switch|p2a: Tapu Fini|Tapu Fini, shiny|100/100
|-fieldstart|move: Misty Terrain|[from] ability: Misty Surge|[of] p2a: Tapu Fini
|move|p1a: Cloyster|Icicle Spear|p2a: Tapu Fini
|-resisted|p2a: Tapu Fini
|-damage|p2a: Tapu Fini|94/100
|-resisted|p2a: Tapu Fini
|-crit|p2a: Tapu Fini
|-damage|p2a: Tapu Fini|83/100
|-resisted|p2a: Tapu Fini
|-damage|p2a: Tapu Fini|77/100
|-resisted|p2a: Tapu Fini
|-damage|p2a: Tapu Fini|70/100
|-resisted|p2a: Tapu Fini
|-damage|p2a: Tapu Fini|63/100
|-hitcount|p2a: Tapu Fini|5
|
|upkeep
|turn|3
|
|t:|1641804896
|move|p1a: Cloyster|Rock Blast|p2a: Tapu Fini
|-damage|p2a: Tapu Fini|53/100
|-damage|p2a: Tapu Fini|43/100
|-damage|p2a: Tapu Fini|33/100
|-damage|p2a: Tapu Fini|24/100
|-damage|p2a: Tapu Fini|16/100
|-hitcount|p2a: Tapu Fini|5
|move|p2a: Tapu Fini|Moonblast|p1a: Cloyster
|-damage|p1a: Cloyster|0 fnt
|faint|p1a: Cloyster
|
|upkeep
|
|t:|1641804902
|switch|p1a: Tyranitar|Tyranitar, M|100/100
|-weather|Sandstorm|[from] ability: Sand Stream|[of] p1a: Tyranitar
|turn|4
|
|t:|1641804907
|switch|p2a: Ferrothorn|Ferrothorn, F, shiny|100/100
|move|p1a: Tyranitar|Stone Edge|p2a: Ferrothorn|[miss]
|-miss|p1a: Tyranitar|p2a: Ferrothorn
|
|-weather|Sandstorm|[upkeep]
|upkeep
|turn|5
|
|t:|1641804913
|switch|p1a: Zapdos|Zapdos|100/100
|move|p2a: Ferrothorn|Body Press|p1a: Zapdos
|-resisted|p1a: Zapdos
|-damage|p1a: Zapdos|89/100
|
|-weather|Sandstorm|[upkeep]
|-damage|p1a: Zapdos|83/100|[from] Sandstorm
|upkeep
|turn|6
|
|t:|1641804920
|switch|p2a: Heatran|Heatran, M|100/100
|move|p1a: Zapdos|Hurricane|p2a: Heatran
|-resisted|p2a: Heatran
|-damage|p2a: Heatran|79/100
|
|-weather|Sandstorm|[upkeep]
|-damage|p1a: Zapdos|77/100|[from] Sandstorm
|-heal|p2a: Heatran|86/100|[from] item: Leftovers
|-fieldend|Misty Terrain
|upkeep
|turn|7
|
|t:|1641804929
|move|p2a: Heatran|Magma Storm|p1a: Zapdos
|-damage|p1a: Zapdos|25/100
|-activate|p1a: Zapdos|move: Magma Storm|[of] p2a: Heatran
|move|p1a: Zapdos|Volt Switch|p2a: Heatran
|-damage|p2a: Heatran|58/100
|
|t:|1641804937
|switch|p1a: Excadrill|Excadrill, M|100/100|[from]move: Volt Switch
|
|-weather|Sandstorm|[upkeep]
|-heal|p2a: Heatran|65/100|[from] item: Leftovers
|upkeep
|turn|8
|
|t:|1641804943
|switch|p2a: Ferrothorn|Ferrothorn, F, shiny|100/100
|move|p1a: Excadrill|Iron Head|p2a: Ferrothorn
|-resisted|p2a: Ferrothorn
|-damage|p2a: Ferrothorn|83/100
|-damage|p1a: Excadrill|88/100|[from] ability: Iron Barbs|[of] p2a: Ferrothorn
|-damage|p1a: Excadrill|78/100|[from] item: Life Orb
|
|-weather|none
|-heal|p2a: Ferrothorn|90/100|[from] item: Leftovers
|upkeep
|turn|9
|
|t:|1641804947
|switch|p1a: Kartana|Kartana|100/100
|move|p2a: Ferrothorn|Iron Defense|p2a: Ferrothorn
|-boost|p2a: Ferrothorn|def|2
|
|-heal|p2a: Ferrothorn|96/100|[from] item: Leftovers
|upkeep
|turn|10
|
|t:|1641804952
|move|p1a: Kartana|Swords Dance|p1a: Kartana
|-boost|p1a: Kartana|atk|2
|move|p2a: Ferrothorn|Iron Defense|p2a: Ferrothorn
|-boost|p2a: Ferrothorn|def|2
|
|-heal|p2a: Ferrothorn|100/100|[from] item: Leftovers
|upkeep
|turn|11
|
|t:|1641804955
|move|p1a: Kartana|Sacred Sword|p2a: Ferrothorn
|-supereffective|p2a: Ferrothorn
|-damage|p2a: Ferrothorn|0 fnt
|-damage|p1a: Kartana|88/100|[from] ability: Iron Barbs|[of] p2a: Ferrothorn
|faint|p2a: Ferrothorn
|-ability|p1a: Kartana|Beast Boost|boost
|-boost|p1a: Kartana|atk|1
|-damage|p1a: Kartana|78/100|[from] item: Life Orb
|
|upkeep
|
|t:|1641804966
|switch|p2a: Kartana|Kartana, shiny|100/100
|turn|12
|
|t:|1641804970
|switch|p1a: Clefable|Clefable, F, shiny|100/100
|move|p2a: Kartana|Sacred Sword|p1a: Clefable
|-resisted|p1a: Clefable
|-damage|p1a: Clefable|85/100
|
|-heal|p1a: Clefable|91/100|[from] item: Leftovers
|upkeep
|turn|13
|
|t:|1641804977
|switch|p2a: Heatran|Heatran, M|65/100
|move|p1a: Clefable|Thunder Wave|p2a: Heatran
|-status|p2a: Heatran|par
|
|-heal|p1a: Clefable|97/100|[from] item: Leftovers
|-heal|p2a: Heatran|71/100 par|[from] item: Leftovers
|upkeep
|turn|14
|
|t:|1641804982
|switch|p1a: Zapdos|Zapdos|25/100
|cant|p2a: Heatran|par
|
|-heal|p2a: Heatran|77/100 par|[from] item: Leftovers
|upkeep
|turn|15
|
|t:|1641804989
|switch|p2a: Landorus|Landorus-Therian, M, shiny|100/100
|-ability|p2a: Landorus|Intimidate|boost
|-unboost|p1a: Zapdos|atk|1
|move|p1a: Zapdos|Roost|p1a: Zapdos
|-heal|p1a: Zapdos|75/100
|-singleturn|p1a: Zapdos|move: Roost
|
|upkeep
|turn|16
|
|t:|1641804995
|move|p2a: Landorus|Stealth Rock|p1a: Zapdos
|-sidestart|p1: Smart Falcon|move: Stealth Rock
|move|p1a: Zapdos|Hurricane|p2a: Landorus|[miss]
|-miss|p1a: Zapdos|p2a: Landorus
|
|upkeep
|turn|17
|
|t:|1641805000
|move|p2a: Landorus|Toxic|p1a: Zapdos
|-status|p1a: Zapdos|tox
|move|p1a: Zapdos|Hurricane|p2a: Landorus
|-damage|p2a: Landorus|47/100
|
|-heal|p2a: Landorus|53/100|[from] item: Leftovers
|-damage|p1a: Zapdos|69/100 tox|[from] psn
|upkeep
|turn|18
|
|t:|1641805009
|switch|p1a: Tyranitar|Tyranitar, M|100/100
|-damage|p1a: Tyranitar|88/100|[from] Stealth Rock
|-weather|Sandstorm|[from] ability: Sand Stream|[of] p1a: Tyranitar
|move|p2a: Landorus|U-turn|p1a: Tyranitar
|-supereffective|p1a: Tyranitar
|-damage|p1a: Tyranitar|52/100
|
|t:|1641805016
|switch|p2a: Kartana|Kartana, shiny|100/100|[from]move: U-turn
|
|-weather|Sandstorm|[upkeep]
|upkeep
|turn|19
|
|t:|1641805020
|switch|p1a: Excadrill|Excadrill, M|78/100
|-damage|p1a: Excadrill|75/100|[from] Stealth Rock
|move|p2a: Kartana|Smart Strike|p1a: Excadrill
|-resisted|p1a: Excadrill
|-damage|p1a: Excadrill|43/100
|
|-weather|Sandstorm|[upkeep]
|upkeep
|turn|20
|
|t:|1641805032
|switch|p2a: Zapdos|Zapdos|100/100
|move|p1a: Excadrill|Rapid Spin|p2a: Zapdos
|-damage|p2a: Zapdos|79/100
|-boost|p1a: Excadrill|spe|1
|-sideend|p1: Smart Falcon|Stealth Rock|[from] move: Rapid Spin|[of] p1a: Excadrill
|-damage|p1a: Excadrill|33/100|[from] item: Life Orb
|
|-weather|Sandstorm|[upkeep]
|-damage|p2a: Zapdos|73/100|[from] Sandstorm
|upkeep
|turn|21
|
|t:|1641805039
|move|p1a: Excadrill|Rock Slide|p2a: Zapdos|[miss]
|-miss|p1a: Excadrill|p2a: Zapdos
|move|p2a: Zapdos|Heat Wave|p1a: Excadrill
|-supereffective|p1a: Excadrill
|-damage|p1a: Excadrill|0 fnt
|faint|p1a: Excadrill
|
|-weather|Sandstorm|[upkeep]
|-damage|p2a: Zapdos|67/100|[from] Sandstorm
|upkeep
|
|t:|1641805044
|switch|p1a: Tyranitar|Tyranitar, M|52/100
|turn|22
|
|t:|1641805053
|move|p2a: Zapdos|Discharge|p1a: Tyranitar
|-damage|p1a: Tyranitar|43/100
|move|p1a: Tyranitar|Stone Edge|p2a: Zapdos
|-supereffective|p2a: Zapdos
|-damage|p2a: Zapdos|0 fnt
|faint|p2a: Zapdos
|
|-weather|none
|upkeep
|
|t:|1641805061
|switch|p2a: Landorus|Landorus-Therian, M, shiny|53/100
|-ability|p2a: Landorus|Intimidate|boost
|-unboost|p1a: Tyranitar|atk|1
|turn|23
|
|t:|1641805064
|move|p2a: Landorus|Stealth Rock|p1a: Tyranitar
|-sidestart|p1: Smart Falcon|move: Stealth Rock
|move|p1a: Tyranitar|Stone Edge|p2a: Landorus
|-damage|p2a: Landorus|30/100
|
|-heal|p2a: Landorus|36/100|[from] item: Leftovers
|upkeep
|turn|24
|
|t:|1641805070
|switch|p1a: Zapdos|Zapdos|69/100 tox
|move|p2a: Landorus|Earthquake|p1a: Zapdos
|-immune|p1a: Zapdos
|
|-heal|p2a: Landorus|42/100|[from] item: Leftovers
|-damage|p1a: Zapdos|62/100 tox|[from] psn
|upkeep
|turn|25
|
|t:|1641805075
|move|p2a: Landorus|U-turn|p1a: Zapdos
|-resisted|p1a: Zapdos
|-damage|p1a: Zapdos|55/100 tox
|-status|p2a: Landorus|par|[from] ability: Static|[of] p1a: Zapdos
|
|t:|1641805082
|switch|p2a: Heatran|Heatran, M|77/100 par|[from]move: U-turn
|move|p1a: Zapdos|Roost|p1a: Zapdos
|-heal|p1a: Zapdos|100/100 tox
|-singleturn|p1a: Zapdos|move: Roost
|
|-heal|p2a: Heatran|83/100 par|[from] item: Leftovers
|-damage|p1a: Zapdos|88/100 tox|[from] psn
|upkeep
|turn|26
|
|t:|1641805087
|move|p1a: Zapdos|Volt Switch|p2a: Heatran
|-damage|p2a: Heatran|53/100 par
|
|t:|1641805089
|switch|p1a: Tyranitar|Tyranitar, M|43/100|[from]move: Volt Switch
|-damage|p1a: Tyranitar|31/100|[from] Stealth Rock
|-weather|Sandstorm|[from] ability: Sand Stream|[of] p1a: Tyranitar
|cant|p2a: Heatran|par
|
|-weather|Sandstorm|[upkeep]
|-heal|p2a: Heatran|59/100 par|[from] item: Leftovers
|upkeep
|turn|27
|
|t:|1641805098
|switch|p2a: Landorus|Landorus-Therian, M, shiny|42/100 par
|-ability|p2a: Landorus|Intimidate|boost
|-unboost|p1a: Tyranitar|atk|1
|move|p1a: Tyranitar|Stone Edge|p2a: Landorus
|-damage|p2a: Landorus|20/100 par
|
|-weather|Sandstorm|[upkeep]
|-heal|p2a: Landorus|26/100 par|[from] item: Leftovers
|upkeep
|turn|28
|
|t:|1641805107
|move|p1a: Tyranitar|Crunch|p2a: Landorus
|-damage|p2a: Landorus|7/100 par
|move|p2a: Landorus|U-turn|p1a: Tyranitar
|-supereffective|p1a: Tyranitar
|-crit|p1a: Tyranitar
|-damage|p1a: Tyranitar|0 fnt
|faint|p1a: Tyranitar
|
|t:|1641805125
|switch|p2a: Heatran|Heatran, M|59/100 par|[from]move: U-turn
|
|-weather|Sandstorm|[upkeep]
|-heal|p2a: Heatran|66/100 par|[from] item: Leftovers
|upkeep
|
|t:|1641805127
|switch|p1a: Kartana|Kartana|78/100
|-damage|p1a: Kartana|72/100|[from] Stealth Rock
|turn|29
|
|t:|1641805135
|switch|p2a: Landorus|Landorus-Therian, M, shiny|7/100 par
|-ability|p2a: Landorus|Intimidate|boost
|-unboost|p1a: Kartana|atk|1
|move|p1a: Kartana|Sacred Sword|p2a: Landorus
|-resisted|p2a: Landorus
|-damage|p2a: Landorus|0 fnt
|faint|p2a: Landorus
|-ability|p1a: Kartana|Beast Boost|boost
|-boost|p1a: Kartana|atk|1
|-damage|p1a: Kartana|63/100|[from] item: Life Orb
|
|-weather|Sandstorm|[upkeep]
|upkeep
|
|t:|1641805152
|switch|p2a: Kartana|Kartana, shiny|100/100
|turn|30
|
|t:|1641805159
|switch|p1a: Zapdos|Zapdos|88/100 tox
|move|p2a: Kartana|Knock Off|p1a: Zapdos
|-damage|p1a: Zapdos|54/100 tox
|-status|p2a: Kartana|par|[from] ability: Static|[of] p1a: Zapdos
|-enditem|p1a: Zapdos|Heavy-Duty Boots|[from] move: Knock Off|[of] p2a: Kartana
|
|-weather|none
|-damage|p1a: Zapdos|48/100 tox|[from] psn
|upkeep
|turn|31
|
|t:|1641805178
|move|p2a: Kartana|Knock Off|p1a: Zapdos
|-damage|p1a: Zapdos|26/100 tox
|move|p1a: Zapdos|Roost|p1a: Zapdos
|-heal|p1a: Zapdos|76/100 tox
|-singleturn|p1a: Zapdos|move: Roost
|
|-damage|p1a: Zapdos|64/100 tox|[from] psn
|upkeep
|turn|32
|
|t:|1641805181
|switch|p2a: Heatran|Heatran, M|66/100 par
|move|p1a: Zapdos|Heat Wave|p2a: Heatran
|-start|p2a: Heatran|ability: Flash Fire
|
|-heal|p2a: Heatran|72/100 par|[from] item: Leftovers
|-damage|p1a: Zapdos|45/100 tox|[from] psn
|upkeep
|turn|33
|
|t:|1641805188
|move|p1a: Zapdos|Volt Switch|p2a: Heatran
|-damage|p2a: Heatran|44/100 par
|
|t:|1641805191
|switch|p1a: Clefable|Clefable, F, shiny|97/100|[from]move: Volt Switch
|-damage|p1a: Clefable|84/100|[from] Stealth Rock
|cant|p2a: Heatran|par
|
|-heal|p1a: Clefable|90/100|[from] item: Leftovers
|-heal|p2a: Heatran|50/100 par|[from] item: Leftovers
|upkeep
|turn|34
|-message|dragontamer roid forfeited.
|
|win|Smart Falcon
|raw|Smart Falcon's rating: 1179 &rarr; <strong>1206</strong><br />(+27 for winning)
|raw|dragontamer roid's rating: 1207 &rarr; <strong>1180</strong><br />(-27 for losing)
|l|☆dragontamer roid
