|j|☆duzoe
|j|☆Melnor
|t:|1641751582
|gametype|singles
|player|p1|duzoe|palmer|
|player|p2|Melnor|palmer|
|teamsize|p1|6
|teamsize|p2|6
|gen|8
|tier|[Gen 8] OU
|rule|Sleep Clause Mod: Limit one foe put to sleep
|rule|Species Clause: Limit one of each Pokémon
|rule|OHKO Clause: OHKO moves are banned
|rule|Evasion Moves Clause: Evasion moves are banned
|rule|Endless Battle Clause: Forcing endless battles is banned
|rule|HP Percentage Mod: HP is shown in percentages
|rule|Dynamax Clause: You cannot dynamax
|clearpoke
|poke|p1|Slowking, M|
|poke|p1|Miltank, F|
|poke|p1|Weezing-Galar, M|
|poke|p1|Volcarona, F|
|poke|p1|Zeraora|
|poke|p1|Krookodile, M|
|poke|p2|Mamoswine, F|
|poke|p2|Cresselia, F|
|poke|p2|Dragapult, M|
|poke|p2|Bronzong|
|poke|p2|Incineroar, M|
|poke|p2|Regieleki|
|teampreview
|j| shio.desu
|c|☆duzoe|gl hf :)
|
|t:|1641751617
|start
|switch|p1a: RockiElekiHelmi|Zeraora|100/100
|switch|p2a: Galio|Bronzong|100/100
|turn|1
|
|t:|1641751641
|move|p1a: RockiElekiHelmi|Knock Off|p2a: Galio
|-supereffective|p2a: Galio
|-damage|p2a: Galio|35/100
|-enditem|p2a: Galio|Wiki Berry|[from] move: Knock Off|[of] p1a: RockiElekiHelmi
|move|p2a: Galio|Stealth Rock|p1a: RockiElekiHelmi
|-sidestart|p1: duzoe|move: Stealth Rock
|
|upkeep
|turn|2
|
|t:|1641751668
|move|p1a: RockiElekiHelmi|Knock Off|p2a: Galio
|-supereffective|p2a: Galio
|-damage|p2a: Galio|0 fnt
|faint|p2a: Galio
|
|upkeep
|
|t:|1641751676
|switch|p2a: Bristle|Mamoswine, F|100/100
|turn|3
|
|t:|1641751686
|switch|p1a: Skkkrstein|Weezing-Galar, M|100/100
|-damage|p1a: Skkkrstein|88/100|[from] Stealth Rock
|move|p2a: Bristle|Earthquake|p1a: Skkkrstein
|-immune|p1a: Skkkrstein|[from] ability: Levitate
|
|-heal|p1a: Skkkrstein|94/100|[from] item: Black Sludge
|upkeep
|turn|4
|
|t:|1641751721
|switch|p2a: Soraka|Cresselia, F|100/100
|move|p1a: Skkkrstein|Defog|p2a: Soraka
|-unboost|p2a: Soraka|evasion|1
|-sideend|p1: duzoe|Stealth Rock|[from] move: Defog|[of] p1a: Skkkrstein
|
|-heal|p1a: Skkkrstein|99/100|[from] item: Black Sludge
|upkeep
|turn|5
|
|t:|1641751738
|switch|p1a: Lizzy Brain|Slowking, M|100/100
|move|p2a: Soraka|Psychic|p1a: Lizzy Brain
|-resisted|p1a: Lizzy Brain
|-damage|p1a: Lizzy Brain|93/100
|
|upkeep
|turn|6
|
|t:|1641751777
|move|p2a: Soraka|Toxic|p1a: Lizzy Brain
|-status|p1a: Lizzy Brain|tox
|move|p1a: Lizzy Brain|Toxic|p2a: Soraka
|-status|p2a: Soraka|tox
|
|-damage|p2a: Soraka|94/100 tox|[from] psn
|-damage|p1a: Lizzy Brain|87/100 tox|[from] psn
|upkeep
|turn|7
|
|t:|1641751795
|move|p2a: Soraka|Moonblast|p1a: Lizzy Brain
|-damage|p1a: Lizzy Brain|76/100 tox
|-unboost|p1a: Lizzy Brain|spa|1
|move|p1a: Lizzy Brain|Teleport|p1a: Lizzy Brain
|c|☆duzoe|geiler avatar :D
|
|t:|1641751818
|switch|p1a: Bodengangster|Krookodile, M|100/100|[from]move: Teleport
|-ability|p1a: Bodengangster|Intimidate|boost
|-unboost|p2a: Soraka|atk|1
|
|-heal|p2a: Soraka|100/100 tox|[from] item: Leftovers
|-damage|p2a: Soraka|88/100 tox|[from] psn
|upkeep
|turn|8
|
|t:|1641751828
|move|p1a: Bodengangster|Knock Off|p2a: Soraka
|-supereffective|p2a: Soraka
|-damage|p2a: Soraka|23/100 tox
|-enditem|p2a: Soraka|Leftovers|[from] move: Knock Off|[of] p1a: Bodengangster
|-damage|p1a: Bodengangster|91/100|[from] item: Life Orb
|move|p2a: Soraka|Moonblast|p1a: Bodengangster
|-supereffective|p1a: Bodengangster
|-damage|p1a: Bodengangster|45/100
|
|-damage|p2a: Soraka|5/100 tox|[from] psn
|upkeep
|turn|9
|
|t:|1641751858
|switch|p1a: RockiElekiHelmi|Zeraora|100/100
|move|p2a: Soraka|Moonlight|p2a: Soraka
|-heal|p2a: Soraka|55/100 tox
|
|-damage|p2a: Soraka|31/100 tox|[from] psn
|upkeep
|turn|10
|
|t:|1641751885
|move|p1a: RockiElekiHelmi|Knock Off|p2a: Soraka
|-supereffective|p2a: Soraka
|-damage|p2a: Soraka|5/100 tox
|move|p2a: Soraka|Moonlight|p2a: Soraka
|-heal|p2a: Soraka|55/100 tox
|
|-damage|p2a: Soraka|25/100 tox|[from] psn
|upkeep
|turn|11
|
|t:|1641751893
|move|p1a: RockiElekiHelmi|Bulk Up|p1a: RockiElekiHelmi
|-boost|p1a: RockiElekiHelmi|atk|1
|-boost|p1a: RockiElekiHelmi|def|1
|move|p2a: Soraka|Toxic|p1a: RockiElekiHelmi
|-status|p1a: RockiElekiHelmi|tox
|
|-damage|p1a: RockiElekiHelmi|95/100 tox|[from] psn
|-damage|p2a: Soraka|0 fnt|[from] psn
|faint|p2a: Soraka
|upkeep
|
|t:|1641751904
|switch|p2a: Bristle|Mamoswine, F|100/100
|turn|12
|
|t:|1641751938
|switch|p1a: Skkkrstein|Weezing-Galar, M|99/100
|move|p2a: Bristle|Icicle Crash|p1a: Skkkrstein
|-damage|p1a: Skkkrstein|71/100
|
|-heal|p1a: Skkkrstein|77/100|[from] item: Black Sludge
|upkeep
|turn|13
|
|t:|1641751958
|switch|p2a: A sol|Dragapult, M, shiny|100/100
|move|p1a: Skkkrstein|Toxic Spikes|p2a: A sol
|-sidestart|p2: Melnor|move: Toxic Spikes
|
|-heal|p1a: Skkkrstein|83/100|[from] item: Black Sludge
|upkeep
|turn|14
|
|t:|1641751994
|move|p2a: A sol|U-turn|p1a: Skkkrstein
|-resisted|p1a: Skkkrstein
|-damage|p1a: Skkkrstein|80/100
|
|t:|1641752013
|switch|p2a: Kennen|Regieleki, shiny|100/100|[from]move: U-turn
|-status|p2a: Kennen|psn
|move|p1a: Skkkrstein|Pain Split|p2a: Kennen
|-sethp|p2a: Kennen|95/100 psn|[from] move: Pain Split|[silent]
|-sethp|p1a: Skkkrstein|86/100|[from] move: Pain Split
|
|-heal|p1a: Skkkrstein|92/100|[from] item: Black Sludge
|-damage|p2a: Kennen|83/100 psn|[from] psn
|upkeep
|turn|15
|
|t:|1641752060
|switch|p1a: RockiElekiHelmi|Zeraora|95/100 tox
|move|p2a: Kennen|Thunder Cage|p1a: RockiElekiHelmi
|-heal|p1a: RockiElekiHelmi|100/100 tox|[from] ability: Volt Absorb|[of] p2a: Kennen
|
|-damage|p2a: Kennen|70/100 psn|[from] psn
|-damage|p1a: RockiElekiHelmi|95/100 tox|[from] psn
|upkeep
|turn|16
|
|t:|1641752076
|switch|p2a: Bristle|Mamoswine, F|100/100
|move|p1a: RockiElekiHelmi|Knock Off|p2a: Bristle
|-damage|p2a: Bristle|64/100
|-enditem|p2a: Bristle|Heavy-Duty Boots|[from] move: Knock Off|[of] p1a: RockiElekiHelmi
|
|-damage|p1a: RockiElekiHelmi|83/100 tox|[from] psn
|upkeep
|turn|17
|
|t:|1641752085
|move|p1a: RockiElekiHelmi|Close Combat|p2a: Bristle
|-supereffective|p2a: Bristle
|-damage|p2a: Bristle|0 fnt
|-unboost|p1a: RockiElekiHelmi|def|1
|-unboost|p1a: RockiElekiHelmi|spd|1
|faint|p2a: Bristle
|
|-damage|p1a: RockiElekiHelmi|65/100 tox|[from] psn
|upkeep
|
|t:|1641752092
|switch|p2a: Sett|Incineroar, M|100/100
|-status|p2a: Sett|psn
|-ability|p2a: Sett|Intimidate|boost
|-unboost|p1a: RockiElekiHelmi|atk|1
|turn|18
|
|t:|1641752113
|switch|p1a: Almaaaaa|Miltank, F|100/100
|move|p2a: Sett|Earthquake|p1a: Almaaaaa
|-damage|p1a: Almaaaaa|76/100
|-damage|p2a: Sett|91/100 psn|[from] item: Life Orb
|
|-heal|p1a: Almaaaaa|82/100|[from] item: Leftovers
|-damage|p2a: Sett|78/100 psn|[from] psn
|upkeep
|turn|19
|
|t:|1641752126
|move|p1a: Almaaaaa|Stealth Rock|p2a: Sett
|-sidestart|p2: Melnor|move: Stealth Rock
|move|p2a: Sett|Swords Dance|p2a: Sett
|-boost|p2a: Sett|atk|2
|
|-heal|p1a: Almaaaaa|88/100|[from] item: Leftovers
|-damage|p2a: Sett|66/100 psn|[from] psn
|upkeep
|turn|20
|
|t:|1641752138
|move|p1a: Almaaaaa|Body Slam|p2a: Sett
|-damage|p2a: Sett|38/100 psn
|move|p2a: Sett|Swords Dance|p2a: Sett
|-boost|p2a: Sett|atk|2
|
|-heal|p1a: Almaaaaa|95/100|[from] item: Leftovers
|-damage|p2a: Sett|26/100 psn|[from] psn
|upkeep
|turn|21
|
|t:|1641752161
|move|p1a: Almaaaaa|Body Slam|p2a: Sett
|-damage|p2a: Sett|0 fnt
|faint|p2a: Sett
|
|-heal|p1a: Almaaaaa|100/100|[from] item: Leftovers
|upkeep
|
|t:|1641752169
|switch|p2a: A sol|Dragapult, M, shiny|100/100
|-status|p2a: A sol|psn
|-damage|p2a: A sol|88/100 psn|[from] Stealth Rock
|turn|22
|
|t:|1641752212
|move|p2a: A sol|Shadow Ball|p1a: Almaaaaa
|-immune|p1a: Almaaaaa
|move|p1a: Almaaaaa|Zen Headbutt|p2a: A sol
|-damage|p2a: A sol|68/100 psn
|
|-damage|p2a: A sol|55/100 psn|[from] psn
|upkeep
|turn|23
|
|t:|1641752223
|move|p2a: A sol|Draco Meteor|p1a: Almaaaaa
|-damage|p1a: Almaaaaa|38/100
|-unboost|p2a: A sol|spa|2
|move|p1a: Almaaaaa|Zen Headbutt|p2a: A sol
|-damage|p2a: A sol|35/100 psn
|
|-heal|p1a: Almaaaaa|44/100|[from] item: Leftovers
|-damage|p2a: A sol|22/100 psn|[from] psn
|upkeep
|turn|24
|
|t:|1641752235
|switch|p1a: Schmetterling|Volcarona, F|100/100
|move|p2a: A sol|Hydro Pump|p1a: Schmetterling
|-supereffective|p1a: Schmetterling
|-damage|p1a: Schmetterling|63/100
|
|-damage|p2a: A sol|10/100 psn|[from] psn
|upkeep
|turn|25
|
|t:|1641752243
|move|p2a: A sol|Hydro Pump|p1a: Schmetterling
|-supereffective|p1a: Schmetterling
|-damage|p1a: Schmetterling|25/100
|move|p1a: Schmetterling|Quiver Dance|p1a: Schmetterling
|-boost|p1a: Schmetterling|spa|1
|-boost|p1a: Schmetterling|spd|1
|-boost|p1a: Schmetterling|spe|1
|
|-damage|p2a: A sol|0 fnt|[from] psn
|faint|p2a: A sol
|upkeep
|
|t:|1641752251
|switch|p2a: Kennen|Regieleki, shiny|70/100 psn
|-damage|p2a: Kennen|58/100 psn|[from] Stealth Rock
|turn|26
|
|t:|1641752259
|switch|p1a: RockiElekiHelmi|Zeraora|65/100 tox
|move|p2a: Kennen|Thunder Cage|p1a: RockiElekiHelmi
|-heal|p1a: RockiElekiHelmi|89/100 tox|[from] ability: Volt Absorb|[of] p2a: Kennen
|
|-damage|p2a: Kennen|46/100 psn|[from] psn
|-damage|p1a: RockiElekiHelmi|83/100 tox|[from] psn
|upkeep
|turn|27
|
|t:|1641752267
|move|p2a: Kennen|Thunder Cage|p1a: RockiElekiHelmi
|-heal|p1a: RockiElekiHelmi|100/100 tox|[from] ability: Volt Absorb|[of] p2a: Kennen
|move|p1a: RockiElekiHelmi|Knock Off|p2a: Kennen
|-damage|p2a: Kennen|0 fnt
|-enditem|p2a: Kennen|Choice Scarf|[from] move: Knock Off|[of] p1a: RockiElekiHelmi
|faint|p2a: Kennen
|
|win|duzoe
|c|☆duzoe|gg
|c|☆duzoe|scarf? :D
|l| shio.desu
|c|☆duzoe|der war ja sogar doppelt so schnell wie ora :D
|n|☆Melnor|melnor
|c|☆duzoe|ich würd hochladen ja?
|c|☆Melnor|jup
|c|☆Melnor|gg
