|j|☆alucemet
|j|☆AlphaAero
|t:|1641761902
|gametype|singles
|player|p1|alucemet|266|1578
|player|p2|AlphaAero|dawn|1559
|teamsize|p1|6
|teamsize|p2|6
|gen|8
|tier|[Gen 8] OU
|rated|
|rule|Sleep Clause Mod: Limit one foe put to sleep
|rule|Species Clause: Limit one of each Pokémon
|rule|OHKO Clause: OHKO moves are banned
|rule|Evasion Moves Clause: Evasion moves are banned
|rule|Endless Battle Clause: Forcing endless battles is banned
|rule|HP Percentage Mod: HP is shown in percentages
|rule|Dynamax Clause: You cannot dynamax
|clearpoke
|poke|p1|Heatran, M|
|poke|p1|Rillaboom, F|
|poke|p1|Golisopod, F|
|poke|p1|Landorus-Therian, M|
|poke|p1|Urshifu-*, F|
|poke|p1|Tapu Fini|
|poke|p2|Azumarill, F|
|poke|p2|Heatran, F|
|poke|p2|Tangrowth, M|
|poke|p2|Weavile, M|
|poke|p2|Tornadus-Therian, M|
|poke|p2|Excadrill, M|
|teampreview
|inactive|Battle timer is ON: inactive players will automatically lose when time's up. (requested by AlphaAero)
|j| Erick lira
|
|t:|1641761918
|start
|switch|p1a: Urshifu|Urshifu-Rapid-Strike, F|100/100
|switch|p2a: Azumarill|Azumarill, F|100/100
|turn|1
|
|t:|1641761926
|move|p1a: Urshifu|Surging Strikes|p2a: Azumarill
|-resisted|p2a: Azumarill
|-crit|p2a: Azumarill
|-damage|p2a: Azumarill|83/100
|-resisted|p2a: Azumarill
|-crit|p2a: Azumarill
|-damage|p2a: Azumarill|66/100
|-resisted|p2a: Azumarill
|-crit|p2a: Azumarill
|-damage|p2a: Azumarill|50/100
|-hitcount|p2a: Azumarill|3
|move|p2a: Azumarill|Liquidation|p1a: Urshifu
|-resisted|p1a: Urshifu
|-damage|p1a: Urshifu|59/100
|
|upkeep
|turn|2
|
|t:|1641761932
|switch|p2a: Tangrowth|Tangrowth, M|100/100
|move|p1a: Urshifu|Surging Strikes|p2a: Tangrowth
|-resisted|p2a: Tangrowth
|-crit|p2a: Tangrowth
|-damage|p2a: Tangrowth|93/100
|-damage|p1a: Urshifu|43/100|[from] item: Rocky Helmet|[of] p2a: Tangrowth
|-resisted|p2a: Tangrowth
|-crit|p2a: Tangrowth
|-damage|p2a: Tangrowth|84/100
|-damage|p1a: Urshifu|26/100|[from] item: Rocky Helmet|[of] p2a: Tangrowth
|-resisted|p2a: Tangrowth
|-crit|p2a: Tangrowth
|-damage|p2a: Tangrowth|76/100
|-damage|p1a: Urshifu|10/100|[from] item: Rocky Helmet|[of] p2a: Tangrowth
|-hitcount|p2a: Tangrowth|3
|
|upkeep
|turn|3
|
|t:|1641761941
|move|p1a: Urshifu|Surging Strikes|p2a: Tangrowth
|-resisted|p2a: Tangrowth
|-crit|p2a: Tangrowth
|-damage|p2a: Tangrowth|69/100
|-damage|p1a: Urshifu|0 fnt|[from] item: Rocky Helmet|[of] p2a: Tangrowth
|faint|p1a: Urshifu
|-hitcount|p2a: Tangrowth|1
|move|p2a: Tangrowth|Knock Off|p1: Urshifu|[notarget]
|-fail|p2a: Tangrowth
|
|upkeep
|
|t:|1641761944
|switch|p1a: Heatran|Heatran, M|100/100
|turn|4
|
|t:|1641761949
|switch|p2a: Tornadus|Tornadus-Therian, M|100/100
|move|p1a: Heatran|Eruption|p2a: Tornadus
|-damage|p2a: Tornadus|0 fnt
|faint|p2a: Tornadus
|
|upkeep
|
|t:|1641761951
|switch|p2a: Heatran|Heatran, F|100/100
|turn|5
|
|t:|1641761958
|switch|p1a: Tapu Fini|Tapu Fini|100/100
|-fieldstart|move: Misty Terrain|[from] ability: Misty Surge|[of] p1a: Tapu Fini
|switch|p2a: Azumarill|Azumarill, F|50/100
|
|upkeep
|turn|6
|
|t:|1641761961
|move|p1a: Tapu Fini|Moonblast|p2a: Azumarill
|-damage|p2a: Azumarill|0 fnt
|faint|p2a: Azumarill
|
|upkeep
|
|t:|1641761967
|switch|p2a: Excadrill|Excadrill, M|100/100
|-ability|p2a: Excadrill|Mold Breaker
|turn|7
|
|t:|1641761970
|switch|p1a: Landorus|Landorus-Therian, M|100/100
|-ability|p1a: Landorus|Intimidate|boost
|-unboost|p2a: Excadrill|atk|1
|move|p2a: Excadrill|Stealth Rock|p1a: Landorus
|-sidestart|p1: alucemet|move: Stealth Rock
|
|upkeep
|turn|8
|
|t:|1641761977
|switch|p2a: Tangrowth|Tangrowth, M|100/100
|move|p1a: Landorus|Stealth Rock|p2a: Tangrowth
|-sidestart|p2: AlphaAero|move: Stealth Rock
|
|upkeep
|turn|9
|
|t:|1641761990
|move|p1a: Landorus|U-turn|p2a: Tangrowth
|-supereffective|p2a: Tangrowth
|-crit|p2a: Tangrowth
|-damage|p2a: Tangrowth|66/100
|-damage|p1a: Landorus|84/100|[from] item: Rocky Helmet|[of] p2a: Tangrowth
|
|t:|1641761992
|switch|p1a: Heatran|Heatran, M|100/100|[from]move: U-turn
|-damage|p1a: Heatran|88/100|[from] Stealth Rock
|move|p2a: Tangrowth|Earthquake|p1a: Heatran
|-supereffective|p1a: Heatran
|-damage|p1a: Heatran|0 fnt
|faint|p1a: Heatran
|
|-fieldend|Misty Terrain
|upkeep
|j| Blareglare
|
|t:|1641761995
|switch|p1a: Golisopod|Golisopod, F|100/100
|turn|10
|
|t:|1641762009
|move|p1a: Golisopod|Knock Off|p2a: Tangrowth
|-damage|p2a: Tangrowth|47/100
|-damage|p1a: Golisopod|84/100|[from] item: Rocky Helmet|[of] p2a: Tangrowth
|-enditem|p2a: Tangrowth|Rocky Helmet|[from] move: Knock Off|[of] p1a: Golisopod
|move|p2a: Tangrowth|Giga Drain|p1a: Golisopod
|-damage|p1a: Golisopod|51/100
|-heal|p2a: Tangrowth|60/100|[from] drain|[of] p1a: Golisopod
|
|upkeep
|turn|11
|
|t:|1641762014
|move|p1a: Golisopod|Spikes|p2a: Tangrowth
|-sidestart|p2: AlphaAero|Spikes
|move|p2a: Tangrowth|Giga Drain|p1a: Golisopod
|-damage|p1a: Golisopod|21/100
|-heal|p2a: Tangrowth|73/100|[from] drain|[of] p1a: Golisopod
|-activate|p1a: Golisopod|ability: Emergency Exit
|
|t:|1641762022
|switch|p1a: Landorus|Landorus-Therian, M|84/100
|-damage|p1a: Landorus|72/100|[from] Stealth Rock
|-ability|p1a: Landorus|Intimidate|boost
|-unboost|p2a: Tangrowth|atk|1
|
|-heal|p1a: Landorus|78/100|[from] item: Leftovers
|upkeep
|turn|12
|
|t:|1641762027
|move|p1a: Landorus|Toxic|p2a: Tangrowth
|-status|p2a: Tangrowth|tox
|move|p2a: Tangrowth|Giga Drain|p1a: Landorus
|-damage|p1a: Landorus|48/100
|-heal|p2a: Tangrowth|87/100 tox|[from] drain|[of] p1a: Landorus
|
|-heal|p1a: Landorus|54/100|[from] item: Leftovers
|-damage|p2a: Tangrowth|81/100 tox|[from] psn
|upkeep
|turn|13
|
|t:|1641762034
|move|p1a: Landorus|U-turn|p2a: Tangrowth
|-supereffective|p2a: Tangrowth
|-damage|p2a: Tangrowth|57/100 tox
|
|t:|1641762037
|switch|p1a: Rillaboom|Rillaboom, F|100/100|[from]move: U-turn
|-damage|p1a: Rillaboom|88/100|[from] Stealth Rock
|-fieldstart|move: Grassy Terrain|[from] ability: Grassy Surge|[of] p1a: Rillaboom
|move|p2a: Tangrowth|Sludge Bomb|p1a: Rillaboom
|-supereffective|p1a: Rillaboom
|-damage|p1a: Rillaboom|28/100
|-status|p1a: Rillaboom|psn
|
|-heal|p1a: Rillaboom|35/100 psn|[from] Grassy Terrain
|-heal|p2a: Tangrowth|63/100 tox|[from] Grassy Terrain
|-damage|p1a: Rillaboom|22/100 psn|[from] psn
|-damage|p2a: Tangrowth|51/100 tox|[from] psn
|upkeep
|turn|14
|
|t:|1641762042
|switch|p2a: Excadrill|Excadrill, M|100/100
|-damage|p2a: Excadrill|88/100|[from] Spikes
|-damage|p2a: Excadrill|85/100|[from] Stealth Rock
|-ability|p2a: Excadrill|Mold Breaker
|move|p1a: Rillaboom|Superpower|p2a: Excadrill
|-supereffective|p2a: Excadrill
|-damage|p2a: Excadrill|0 fnt
|-unboost|p1a: Rillaboom|atk|1
|-unboost|p1a: Rillaboom|def|1
|faint|p2a: Excadrill
|-damage|p1a: Rillaboom|12/100 psn|[from] item: Life Orb
|
|-heal|p1a: Rillaboom|18/100 psn|[from] Grassy Terrain
|-damage|p1a: Rillaboom|6/100 psn|[from] psn
|upkeep
|
|t:|1641762046
|switch|p2a: Weavile|Weavile, M|100/100
|-ability|p2a: Weavile|Pressure
|turn|15
|
|t:|1641762051
|move|p1a: Rillaboom|Grassy Glide|p2a: Weavile
|-damage|p2a: Weavile|20/100
|-damage|p1a: Rillaboom|0 fnt|[from] item: Life Orb
|faint|p1a: Rillaboom
|move|p2a: Weavile|Knock Off|p1: Rillaboom|[notarget]
|-fail|p2a: Weavile
|
|-heal|p2a: Weavile|26/100|[from] Grassy Terrain
|upkeep
|
|t:|1641762058
|switch|p1a: Tapu Fini|Tapu Fini|100/100
|-damage|p1a: Tapu Fini|88/100|[from] Stealth Rock
|-fieldstart|move: Misty Terrain|[from] ability: Misty Surge|[of] p1a: Tapu Fini
|turn|16
|
|t:|1641762063
|move|p1a: Tapu Fini|Hydro Pump|p2a: Weavile
|-damage|p2a: Weavile|0 fnt
|faint|p2a: Weavile
|
|upkeep
|
|t:|1641762065
|switch|p2a: Tangrowth|Tangrowth, M|84/100 tox
|-damage|p2a: Tangrowth|72/100 tox|[from] Spikes
|-damage|p2a: Tangrowth|59/100 tox|[from] Stealth Rock
|turn|17
|
|t:|1641762071
|switch|p1a: Golisopod|Golisopod, F|21/100
|move|p2a: Tangrowth|Knock Off|p1a: Golisopod
|-damage|p1a: Golisopod|5/100
|-enditem|p1a: Golisopod|Heavy-Duty Boots|[from] move: Knock Off|[of] p2a: Tangrowth
|
|-damage|p2a: Tangrowth|53/100 tox|[from] psn
|upkeep
|turn|18
|
|t:|1641762078
|switch|p2a: Heatran|Heatran, F|100/100
|-damage|p2a: Heatran|88/100|[from] Spikes
|-damage|p2a: Heatran|76/100|[from] Stealth Rock
|move|p1a: Golisopod|First Impression|p2a: Heatran
|-resisted|p2a: Heatran
|-damage|p2a: Heatran|65/100
|
|-heal|p2a: Heatran|71/100|[from] item: Leftovers
|upkeep
|turn|19
|
|t:|1641762083
|move|p2a: Heatran|Earth Power|p1a: Golisopod
|-resisted|p1a: Golisopod
|-damage|p1a: Golisopod|0 fnt
|faint|p1a: Golisopod
|
|-heal|p2a: Heatran|77/100|[from] item: Leftovers
|upkeep
|
|t:|1641762085
|switch|p1a: Landorus|Landorus-Therian, M|54/100
|-damage|p1a: Landorus|41/100|[from] Stealth Rock
|-ability|p1a: Landorus|Intimidate|boost
|-unboost|p2a: Heatran|atk|1
|turn|20
|
|t:|1641762089
|switch|p2a: Tangrowth|Tangrowth, M|86/100 tox
|-damage|p2a: Tangrowth|74/100 tox|[from] Stealth Rock
|-damage|p2a: Tangrowth|62/100 tox|[from] Spikes
|move|p1a: Landorus|Earthquake|p2a: Tangrowth
|-resisted|p2a: Tangrowth
|-damage|p2a: Tangrowth|50/100 tox
|
|-heal|p1a: Landorus|47/100|[from] item: Leftovers
|-damage|p2a: Tangrowth|44/100 tox|[from] psn
|-fieldend|Misty Terrain
|upkeep
|turn|21
|
|t:|1641762093
|move|p1a: Landorus|Earthquake|p2a: Tangrowth
|-resisted|p2a: Tangrowth
|-damage|p2a: Tangrowth|32/100 tox
|move|p2a: Tangrowth|Giga Drain|p1a: Landorus
|-damage|p1a: Landorus|16/100
|-heal|p2a: Tangrowth|47/100 tox|[from] drain|[of] p1a: Landorus
|
|-heal|p1a: Landorus|22/100|[from] item: Leftovers
|-damage|p2a: Tangrowth|34/100 tox|[from] psn
|upkeep
|turn|22
|
|t:|1641762102
|move|p1a: Landorus|Earthquake|p2a: Tangrowth
|-resisted|p2a: Tangrowth
|-damage|p2a: Tangrowth|22/100 tox
|move|p2a: Tangrowth|Giga Drain|p1a: Landorus
|-damage|p1a: Landorus|0 fnt
|-heal|p2a: Tangrowth|32/100 tox|[from] drain|[of] p1a: Landorus
|faint|p1a: Landorus
|
|-damage|p2a: Tangrowth|13/100 tox|[from] psn
|upkeep
|
|t:|1641762105
|switch|p1a: Tapu Fini|Tapu Fini|88/100
|-damage|p1a: Tapu Fini|76/100|[from] Stealth Rock
|-fieldstart|move: Misty Terrain|[from] ability: Misty Surge|[of] p1a: Tapu Fini
|turn|23
|
|t:|1641762108
|switch|p2a: Heatran|Heatran, F|77/100
|-damage|p2a: Heatran|65/100|[from] Spikes
|-damage|p2a: Heatran|52/100|[from] Stealth Rock
|move|p1a: Tapu Fini|Hydro Pump|p2a: Heatran
|-supereffective|p2a: Heatran
|-damage|p2a: Heatran|0 fnt
|faint|p2a: Heatran
|
|upkeep
|
|t:|1641762110
|switch|p2a: Tangrowth|Tangrowth, M|47/100 tox
|-damage|p2a: Tangrowth|34/100 tox|[from] Spikes
|-damage|p2a: Tangrowth|22/100 tox|[from] Stealth Rock
|turn|24
|
|t:|1641762112
|move|p1a: Tapu Fini|Hydro Pump|p2a: Tangrowth
|-resisted|p2a: Tangrowth
|-crit|p2a: Tangrowth
|-damage|p2a: Tangrowth|0 fnt
|faint|p2a: Tangrowth
|
|win|alucemet
|raw|alucemet's rating: 1578 &rarr; <strong>1597</strong><br />(+19 for winning)
|raw|AlphaAero's rating: 1559 &rarr; <strong>1540</strong><br />(-19 for losing)
|l|☆AlphaAero
|l|☆alucemet
||Ladder isn't responding, score probably updated but might not have (Request timeout).
|l| Erick lira
