|j|☆Bunnyhop 54
|j|☆Regipalmer
|t:|1641854172
|gametype|singles
|player|p1|Bunnyhop 54|lyra|1111
|player|p2|Regipalmer|266|1058
|teamsize|p1|6
|teamsize|p2|6
|gen|8
|tier|[Gen 8] OU
|rated|
|rule|Sleep Clause Mod: Limit one foe put to sleep
|rule|Species Clause: Limit one of each Pokémon
|rule|OHKO Clause: OHKO moves are banned
|rule|Evasion Moves Clause: Evasion moves are banned
|rule|Endless Battle Clause: Forcing endless battles is banned
|rule|HP Percentage Mod: HP is shown in percentages
|rule|Dynamax Clause: You cannot dynamax
|clearpoke
|poke|p1|Rillaboom, M|
|poke|p1|Celesteela|
|poke|p1|Regieleki|
|poke|p1|Blissey, F|
|poke|p1|Primarina, M|
|poke|p1|Dragapult, M|
|poke|p2|Tyranitar, M|
|poke|p2|Ferrothorn, M|
|poke|p2|Excadrill, F|
|poke|p2|Kartana|
|poke|p2|Zapdos|
|poke|p2|Tapu Lele|
|teampreview
|
|t:|1641854177
|start
|switch|p1a: Blissey|Blissey, F|100/100
|switch|p2a: Tyranitar|Tyranitar, M|100/100
|-weather|Sandstorm|[from] ability: Sand Stream|[of] p2a: Tyranitar
|turn|1
|
|t:|1641854186
|move|p2a: Tyranitar|Crunch|p1a: Blissey
|-damage|p1a: Blissey|68/100
|-unboost|p1a: Blissey|def|1
|move|p1a: Blissey|Stealth Rock|p2a: Tyranitar
|-sidestart|p2: Regipalmer|move: Stealth Rock
|
|-weather|Sandstorm|[upkeep]
|-damage|p1a: Blissey|62/100|[from] Sandstorm
|upkeep
|turn|2
|
|t:|1641854196
|move|p2a: Tyranitar|Crunch|p1a: Blissey
|-damage|p1a: Blissey|19/100
|move|p1a: Blissey|Toxic|p2a: Tyranitar
|-status|p2a: Tyranitar|tox
|
|-weather|Sandstorm|[upkeep]
|-damage|p1a: Blissey|13/100|[from] Sandstorm
|-damage|p2a: Tyranitar|94/100 tox|[from] psn
|upkeep
|turn|3
|
|t:|1641854206
|switch|p1a: Primarina|Primarina, M|100/100
|move|p2a: Tyranitar|Crunch|p1a: Primarina
|-resisted|p1a: Primarina
|-damage|p1a: Primarina|79/100
|-heal|p2a: Tyranitar|97/100 tox|[from] item: Shell Bell|[of] p1a: Primarina
|
|-weather|Sandstorm|[upkeep]
|-damage|p1a: Primarina|72/100|[from] Sandstorm
|-damage|p2a: Tyranitar|84/100 tox|[from] psn
|upkeep
|turn|4
|
|t:|1641854221
|switch|p2a: Ferrothorn|Ferrothorn, M|100/100
|-damage|p2a: Ferrothorn|94/100|[from] Stealth Rock
|move|p1a: Primarina|Sparkling Aria|p2a: Ferrothorn
|-resisted|p2a: Ferrothorn
|-damage|p2a: Ferrothorn|69/100
|
|-weather|Sandstorm|[upkeep]
|-damage|p1a: Primarina|66/100|[from] Sandstorm
|upkeep
|turn|5
|
|t:|1641854233
|move|p1a: Primarina|Perish Song|p1a: Primarina
|-start|p1a: Primarina|perish3|[silent]
|-start|p2a: Ferrothorn|perish3|[silent]
|-fieldactivate|move: Perish Song
|move|p2a: Ferrothorn|Gyro Ball|p1a: Primarina
|-damage|p1a: Primarina|14/100
|
|-weather|none
|-start|p1a: Primarina|perish3
|-start|p2a: Ferrothorn|perish3
|upkeep
|turn|6
|
|t:|1641854243
|switch|p1a: Celesteela|Celesteela|100/100
|move|p2a: Ferrothorn|Leech Seed|p1a: Celesteela
|-start|p1a: Celesteela|move: Leech Seed
|
|-damage|p1a: Celesteela|88/100|[from] Leech Seed|[of] p2a: Ferrothorn
|-heal|p2a: Ferrothorn|86/100|[silent]
|-start|p2a: Ferrothorn|perish2
|upkeep
|turn|7
|
|t:|1641854266
|switch|p2a: Zapdos|Zapdos|100/100
|move|p1a: Celesteela|Autotomize|p1a: Celesteela
|-boost|p1a: Celesteela|spe|2
|-start|p1a: Celesteela|Autotomize
|
|-damage|p1a: Celesteela|76/100|[from] Leech Seed|[of] p2a: Zapdos
|upkeep
|turn|8
|
|t:|1641854280
|move|p1a: Celesteela|Meteor Beam||[still]
|-prepare|p1a: Celesteela|Meteor Beam
|-boost|p1a: Celesteela|spa|1
|-enditem|p1a: Celesteela|Power Herb
|-anim|p1a: Celesteela|Meteor Beam|p2a: Zapdos
|-supereffective|p2a: Zapdos
|-damage|p2a: Zapdos|0 fnt
|faint|p2a: Zapdos
|-ability|p1a: Celesteela|Beast Boost|boost
|-boost|p1a: Celesteela|spa|1
|
|upkeep
|
|t:|1641854293
|switch|p2a: Tyranitar|Tyranitar, M|84/100 tox
|-damage|p2a: Tyranitar|72/100 tox|[from] Stealth Rock
|-weather|Sandstorm|[from] ability: Sand Stream|[of] p2a: Tyranitar
|turn|9
|
|t:|1641854303
|move|p1a: Celesteela|Air Slash|p2a: Tyranitar
|-resisted|p2a: Tyranitar
|-damage|p2a: Tyranitar|56/100 tox
|move|p2a: Tyranitar|Earthquake|p1a: Celesteela
|-immune|p1a: Celesteela
|
|-weather|Sandstorm|[upkeep]
|-damage|p1a: Celesteela|64/100|[from] Leech Seed|[of] p2a: Tyranitar
|-heal|p2a: Tyranitar|69/100 tox|[silent]
|-damage|p2a: Tyranitar|62/100 tox|[from] psn
|upkeep
|turn|10
|c|☆Bunnyhop 54|Bruh
|
|t:|1641854315
|move|p1a: Celesteela|Air Slash|p2a: Tyranitar|[miss]
|-miss|p1a: Celesteela|p2a: Tyranitar
|move|p2a: Tyranitar|Heavy Slam|p1a: Celesteela
|-resisted|p1a: Celesteela
|-damage|p1a: Celesteela|59/100
|-heal|p2a: Tyranitar|63/100 tox|[from] item: Shell Bell|[of] p1a: Celesteela
|
|-weather|Sandstorm|[upkeep]
|-damage|p1a: Celesteela|46/100|[from] Leech Seed|[of] p2a: Tyranitar
|-heal|p2a: Tyranitar|75/100 tox|[silent]
|-damage|p2a: Tyranitar|63/100 tox|[from] psn
|upkeep
|turn|11
|
|t:|1641854328
|switch|p1a: Rillaboom|Rillaboom, M|100/100
|-fieldstart|move: Grassy Terrain|[from] ability: Grassy Surge|[of] p1a: Rillaboom
|move|p2a: Tyranitar|Stone Edge|p1a: Rillaboom
|-damage|p1a: Rillaboom|52/100
|-heal|p2a: Tyranitar|68/100 tox|[from] item: Shell Bell|[of] p1a: Rillaboom
|
|-weather|Sandstorm|[upkeep]
|-damage|p1a: Rillaboom|46/100|[from] Sandstorm
|-heal|p1a: Rillaboom|52/100|[from] Grassy Terrain
|-heal|p2a: Tyranitar|74/100 tox|[from] Grassy Terrain
|-damage|p2a: Tyranitar|55/100 tox|[from] psn
|upkeep
|turn|12
|
|t:|1641854353
|switch|p2a: Ferrothorn|Ferrothorn, M|86/100
|-damage|p2a: Ferrothorn|80/100|[from] Stealth Rock
|move|p1a: Rillaboom|Fake Out|p2a: Ferrothorn
|-resisted|p2a: Ferrothorn
|-damage|p2a: Ferrothorn|75/100
|-damage|p1a: Rillaboom|40/100|[from] ability: Iron Barbs|[of] p2a: Ferrothorn
|
|-weather|Sandstorm|[upkeep]
|-damage|p1a: Rillaboom|34/100|[from] Sandstorm
|-heal|p1a: Rillaboom|40/100|[from] Grassy Terrain
|-heal|p2a: Ferrothorn|81/100|[from] Grassy Terrain
|upkeep
|turn|13
|
|t:|1641854372
|switch|p1a: Celesteela|Celesteela|46/100
|move|p2a: Ferrothorn|Gyro Ball|p1a: Celesteela
|-resisted|p1a: Celesteela
|-damage|p1a: Celesteela|30/100
|
|-weather|none
|-heal|p2a: Ferrothorn|88/100|[from] Grassy Terrain
|upkeep
|turn|14
|
|t:|1641854380
|move|p1a: Celesteela|Flamethrower|p2a: Ferrothorn
|-supereffective|p2a: Ferrothorn
|-damage|p2a: Ferrothorn|0 fnt
|faint|p2a: Ferrothorn
|-ability|p1a: Celesteela|Beast Boost|boost
|-boost|p1a: Celesteela|spa|1
|
|upkeep
|
|t:|1641854390
|switch|p2a: Excadrill|Excadrill, F|100/100
|-damage|p2a: Excadrill|97/100|[from] Stealth Rock
|turn|15
|
|t:|1641854397
|move|p2a: Excadrill|Rock Slide|p1a: Celesteela
|-damage|p1a: Celesteela|0 fnt
|faint|p1a: Celesteela
|-damage|p2a: Excadrill|87/100|[from] item: Life Orb
|
|-heal|p2a: Excadrill|94/100|[from] Grassy Terrain
|-fieldend|move: Grassy Terrain
|upkeep
|
|t:|1641854407
|switch|p1a: Rillaboom|Rillaboom, M|40/100
|-fieldstart|move: Grassy Terrain|[from] ability: Grassy Surge|[of] p1a: Rillaboom
|turn|16
|
|t:|1641854431
|move|p1a: Rillaboom|Fake Out|p2a: Excadrill
|-resisted|p2a: Excadrill
|-damage|p2a: Excadrill|84/100
|cant|p2a: Excadrill|flinch
|
|-heal|p1a: Rillaboom|46/100|[from] Grassy Terrain
|-heal|p2a: Excadrill|91/100|[from] Grassy Terrain
|upkeep
|turn|17
|
|t:|1641854441
|move|p1a: Rillaboom|Grassy Glide|p2a: Excadrill
|-damage|p2a: Excadrill|22/100
|move|p2a: Excadrill|Earthquake|p1a: Rillaboom
|-resisted|p1a: Rillaboom
|-damage|p1a: Rillaboom|25/100
|-damage|p2a: Excadrill|12/100|[from] item: Life Orb
|
|-heal|p1a: Rillaboom|32/100|[from] Grassy Terrain
|-heal|p2a: Excadrill|19/100|[from] Grassy Terrain
|upkeep
|turn|18
|
|t:|1641854453
|move|p1a: Rillaboom|Grassy Glide|p2a: Excadrill
|-damage|p2a: Excadrill|0 fnt
|faint|p2a: Excadrill
|
|-heal|p1a: Rillaboom|38/100|[from] Grassy Terrain
|upkeep
|
|t:|1641854461
|switch|p2a: Tapu Lele|Tapu Lele, shiny|100/100
|-damage|p2a: Tapu Lele|88/100|[from] Stealth Rock
|-fieldstart|move: Psychic Terrain|[from] ability: Psychic Surge|[of] p2a: Tapu Lele
|turn|19
|
|t:|1641854470
|move|p2a: Tapu Lele|Psychic|p1a: Rillaboom
|-damage|p1a: Rillaboom|0 fnt
|faint|p1a: Rillaboom
|
|upkeep
|
|t:|1641854479
|switch|p1a: Regieleki|Regieleki|100/100
|turn|20
|
|t:|1641854485
|move|p1a: Regieleki|Thunderbolt|p2a: Tapu Lele
|-crit|p2a: Tapu Lele
|-damage|p2a: Tapu Lele|0 fnt
|faint|p2a: Tapu Lele
|
|upkeep
|
|t:|1641854492
|switch|p2a: Tyranitar|Tyranitar, M|55/100 tox
|-damage|p2a: Tyranitar|43/100 tox|[from] Stealth Rock
|-weather|Sandstorm|[from] ability: Sand Stream|[of] p2a: Tyranitar
|turn|21
|
|t:|1641854500
|move|p1a: Regieleki|Extreme Speed|p2a: Tyranitar
|-activate|p2a: Tyranitar|move: Psychic Terrain
|move|p2a: Tyranitar|Earthquake|p1a: Regieleki
|-supereffective|p1a: Regieleki
|-enditem|p1a: Regieleki|Shuca Berry|[eat]
|-enditem|p1a: Regieleki|Shuca Berry|[weaken]
|-damage|p1a: Regieleki|43/100
|-heal|p2a: Tyranitar|48/100 tox|[from] item: Shell Bell|[of] p1a: Regieleki
|
|-weather|Sandstorm|[upkeep]
|-damage|p1a: Regieleki|37/100|[from] Sandstorm
|-damage|p2a: Tyranitar|42/100 tox|[from] psn
|upkeep
|turn|22
|
|t:|1641854514
|switch|p1a: Blissey|Blissey, F|13/100
|move|p2a: Tyranitar|Earthquake|p1a: Blissey
|-damage|p1a: Blissey|0 fnt
|faint|p1a: Blissey
|-heal|p2a: Tyranitar|45/100 tox|[from] item: Shell Bell|[of] p1: Blissey
|
|-weather|Sandstorm|[upkeep]
|-damage|p2a: Tyranitar|32/100 tox|[from] psn
|upkeep
|
|t:|1641854525
|switch|p1a: Dragapult|Dragapult, M|100/100
|turn|23
|
|t:|1641854531
|move|p1a: Dragapult|Protect|p1a: Dragapult
|-singleturn|p1a: Dragapult|Protect
|move|p2a: Tyranitar|Earthquake|p1a: Dragapult
|-activate|p1a: Dragapult|move: Protect
|
|-weather|Sandstorm|[upkeep]
|-damage|p1a: Dragapult|95/100|[from] Sandstorm
|-damage|p2a: Tyranitar|14/100 tox|[from] psn
|-fieldend|move: Psychic Terrain
|upkeep
|turn|24
|
|t:|1641854541
|move|p1a: Dragapult|Phantom Force||[still]
|-prepare|p1a: Dragapult|Phantom Force
|move|p2a: Tyranitar|Earthquake|p1a: Dragapult|[miss]
|-miss|p2a: Tyranitar|p1a: Dragapult
|
|-weather|Sandstorm|[upkeep]
|-damage|p1a: Dragapult|89/100|[from] Sandstorm
|-damage|p2a: Tyranitar|0 fnt|[from] psn
|faint|p2a: Tyranitar
|upkeep
|
|t:|1641854550
|switch|p2a: Kartana|Kartana|100/100
|-damage|p2a: Kartana|94/100|[from] Stealth Rock
|turn|25
|
|t:|1641854557
|move|p1a: Dragapult|Phantom Force|p2a: Kartana|[from]lockedmove
|-damage|p2a: Kartana|48/100
|move|p2a: Kartana|Knock Off|p1a: Dragapult
|-supereffective|p1a: Dragapult
|-damage|p1a: Dragapult|0 fnt
|-enditem|p1a: Dragapult|Weakness Policy|[from] move: Knock Off|[of] p2a: Kartana
|faint|p1a: Dragapult
|-ability|p2a: Kartana|Beast Boost|boost
|-boost|p2a: Kartana|atk|1
|-damage|p2a: Kartana|38/100|[from] item: Life Orb
|
|-weather|none
|upkeep
|
|t:|1641854573
|switch|p1a: Regieleki|Regieleki|37/100
|turn|26
|
|t:|1641854580
|move|p1a: Regieleki|Extreme Speed|p2a: Kartana
|-resisted|p2a: Kartana
|-damage|p2a: Kartana|29/100
|move|p2a: Kartana|Knock Off|p1a: Regieleki
|-damage|p1a: Regieleki|0 fnt
|faint|p1a: Regieleki
|-ability|p2a: Kartana|Beast Boost|boost
|-boost|p2a: Kartana|atk|1
|-damage|p2a: Kartana|19/100|[from] item: Life Orb
|
|upkeep
|
|t:|1641854591
|switch|p1a: Primarina|Primarina, M|14/100
|turn|27
|
|t:|1641854596
|move|p2a: Kartana|Leaf Blade|p1a: Primarina
|-supereffective|p1a: Primarina
|-damage|p1a: Primarina|0 fnt
|faint|p1a: Primarina
|-damage|p2a: Kartana|10/100|[from] item: Life Orb
|
|win|Regipalmer
|raw|Bunnyhop 54's rating: 1111 &rarr; <strong>1082</strong><br />(-29 for losing)
|raw|Regipalmer's rating: 1058 &rarr; <strong>1094</strong><br />(+36 for winning)
