|j|☆spectral secrets
|j|☆QuebecLibre
|t:|1641830200
|gametype|singles
|player|p1|spectral secrets|misty-gen2|1396
|player|p2|QuebecLibre|gambler|1436
|teamsize|p1|6
|teamsize|p2|6
|gen|8
|tier|[Gen 8] OU
|rated|
|rule|Sleep Clause Mod: Limit one foe put to sleep
|rule|Species Clause: Limit one of each Pokémon
|rule|OHKO Clause: OHKO moves are banned
|rule|Evasion Moves Clause: Evasion moves are banned
|rule|Endless Battle Clause: Forcing endless battles is banned
|rule|HP Percentage Mod: HP is shown in percentages
|rule|Dynamax Clause: You cannot dynamax
|clearpoke
|poke|p1|Weavile, F|
|poke|p1|Gengar, F|
|poke|p1|Landorus-Therian, M|
|poke|p1|Tapu Fini|
|poke|p1|Ferrothorn, F|
|poke|p1|Heatran, M|
|poke|p2|Landorus-Therian, M|
|poke|p2|Mandibuzz, F|
|poke|p2|Victini|
|poke|p2|Zeraora|
|poke|p2|Keldeo-Resolute|
|poke|p2|Slowking-Galar, M|
|teampreview
|inactive|Battle timer is ON: inactive players will automatically lose when time's up. (requested by QuebecLibre)
|
|t:|1641830222
|start
|switch|p1a: Tapu Fini|Tapu Fini|100/100
|switch|p2a: Victini|Victini|100/100
|-fieldstart|move: Misty Terrain|[from] ability: Misty Surge|[of] p1a: Tapu Fini
|turn|1
|
|t:|1641830230
|move|p2a: Victini|Final Gambit|p1a: Tapu Fini
|-damage|p1a: Tapu Fini|0 fnt
|faint|p2a: Victini
|faint|p1a: Tapu Fini
|
|upkeep
|
|t:|1641830240
|switch|p2a: Keldeo|Keldeo-Resolute|100/100
|switch|p1a: Landorus|Landorus-Therian, M|100/100
|-ability|p1a: Landorus|Intimidate|boost
|-unboost|p2a: Keldeo|atk|1
|turn|2
|
|t:|1641830249
|move|p2a: Keldeo|Secret Sword|p1a: Landorus
|-resisted|p1a: Landorus
|-damage|p1a: Landorus|69/100
|move|p1a: Landorus|Stealth Rock|p2a: Keldeo
|-sidestart|p2: QuebecLibre|move: Stealth Rock
|
|-heal|p1a: Landorus|75/100|[from] item: Leftovers
|upkeep
|turn|3
|
|t:|1641830257
|move|p2a: Keldeo|Secret Sword|p1a: Landorus
|-resisted|p1a: Landorus
|-damage|p1a: Landorus|46/100
|move|p1a: Landorus|Earthquake|p2a: Keldeo
|-damage|p2a: Keldeo|49/100
|
|-heal|p1a: Landorus|52/100|[from] item: Leftovers
|upkeep
|turn|4
|
|t:|1641830261
|switch|p2a: Mandibuzz|Mandibuzz, F|100/100
|move|p1a: Landorus|Earthquake|p2a: Mandibuzz
|-immune|p2a: Mandibuzz
|
|-heal|p1a: Landorus|59/100|[from] item: Leftovers
|upkeep
|turn|5
|
|t:|1641830265
|move|p2a: Mandibuzz|Defog|p1a: Landorus
|-unboost|p1a: Landorus|evasion|1
|-sideend|p2: QuebecLibre|Stealth Rock|[from] move: Defog|[of] p2a: Mandibuzz
|-fieldend|Misty Terrain
|move|p1a: Landorus|Toxic|p2a: Mandibuzz
|-status|p2a: Mandibuzz|tox
|
|-heal|p1a: Landorus|65/100|[from] item: Leftovers
|-damage|p2a: Mandibuzz|94/100 tox|[from] psn
|upkeep
|turn|6
|
|t:|1641830269
|move|p2a: Mandibuzz|Foul Play|p1a: Landorus
|-damage|p1a: Landorus|26/100
|move|p1a: Landorus|Stealth Rock|p2a: Mandibuzz
|-sidestart|p2: QuebecLibre|move: Stealth Rock
|
|-heal|p1a: Landorus|32/100|[from] item: Leftovers
|-damage|p2a: Mandibuzz|82/100 tox|[from] psn
|upkeep
|turn|7
|
|t:|1641830275
|switch|p1a: Ferrothorn|Ferrothorn, F|100/100
|move|p2a: Mandibuzz|Foul Play|p1a: Ferrothorn
|-damage|p1a: Ferrothorn|80/100
|-damage|p2a: Mandibuzz|70/100 tox|[from] ability: Iron Barbs|[of] p1a: Ferrothorn
|
|-heal|p1a: Ferrothorn|86/100|[from] item: Leftovers
|-damage|p2a: Mandibuzz|51/100 tox|[from] psn
|upkeep
|turn|8
|
|t:|1641830280
|switch|p2a: Zeraora|Zeraora|100/100
|move|p1a: Ferrothorn|Leech Seed|p2a: Zeraora
|-start|p2a: Zeraora|move: Leech Seed
|
|-heal|p1a: Ferrothorn|92/100|[from] item: Leftovers
|-damage|p2a: Zeraora|88/100|[from] Leech Seed|[of] p1a: Ferrothorn
|-heal|p1a: Ferrothorn|100/100|[silent]
|upkeep
|turn|9
|
|t:|1641830285
|move|p2a: Zeraora|Taunt|p1a: Ferrothorn
|-start|p1a: Ferrothorn|move: Taunt
|move|p1a: Ferrothorn|Gyro Ball|p2a: Zeraora
|-resisted|p2a: Zeraora
|-damage|p2a: Zeraora|53/100
|
|-damage|p2a: Zeraora|41/100|[from] Leech Seed|[of] p1a: Ferrothorn
|upkeep
|turn|10
|
|t:|1641830292
|switch|p2a: Mandibuzz|Mandibuzz, F|51/100 tox
|move|p1a: Ferrothorn|Knock Off|p2a: Mandibuzz
|-resisted|p2a: Mandibuzz
|-damage|p2a: Mandibuzz|44/100 tox
|-enditem|p2a: Mandibuzz|Heavy-Duty Boots|[from] move: Knock Off|[of] p1a: Ferrothorn
|
|-damage|p2a: Mandibuzz|38/100 tox|[from] psn
|upkeep
|turn|11
|
|t:|1641830302
|move|p2a: Mandibuzz|Defog|p1a: Ferrothorn
|-unboost|p1a: Ferrothorn|evasion|1
|-sideend|p2: QuebecLibre|Stealth Rock|[from] move: Defog|[of] p2a: Mandibuzz
|move|p1a: Ferrothorn|Gyro Ball|p2a: Mandibuzz
|-damage|p2a: Mandibuzz|11/100 tox
|
|-damage|p2a: Mandibuzz|0 fnt|[from] psn
|faint|p2a: Mandibuzz
|-end|p1a: Ferrothorn|move: Taunt
|upkeep
|
|t:|1641830310
|switch|p2a: Slowking|Slowking-Galar, M|100/100
|turn|12
|
|t:|1641830314
|move|p2a: Slowking|Flamethrower|p1a: Ferrothorn
|-supereffective|p1a: Ferrothorn
|-damage|p1a: Ferrothorn|34/100
|move|p1a: Ferrothorn|Knock Off|p2a: Slowking
|-supereffective|p2a: Slowking
|-damage|p2a: Slowking|57/100
|-enditem|p2a: Slowking|Assault Vest|[from] move: Knock Off|[of] p1a: Ferrothorn
|
|-heal|p1a: Ferrothorn|40/100|[from] item: Leftovers
|upkeep
|turn|13
|
|t:|1641830324
|switch|p2a: Keldeo|Keldeo-Resolute|49/100
|switch|p1a: Heatran|Heatran, M|100/100
|
|upkeep
|turn|14
|
|t:|1641830331
|move|p2a: Keldeo|Scald|p1a: Heatran
|-supereffective|p1a: Heatran
|-damage|p1a: Heatran|0 fnt
|faint|p1a: Heatran
|
|upkeep
|
|t:|1641830335
|switch|p1a: Ferrothorn|Ferrothorn, F|40/100
|turn|15
|
|t:|1641830342
|switch|p2a: Zeraora|Zeraora|41/100
|move|p1a: Ferrothorn|Knock Off|p2a: Zeraora
|-damage|p2a: Zeraora|13/100
|-enditem|p2a: Zeraora|Heavy-Duty Boots|[from] move: Knock Off|[of] p1a: Ferrothorn
|
|-heal|p1a: Ferrothorn|46/100|[from] item: Leftovers
|upkeep
|turn|16
|
|t:|1641830348
|move|p2a: Zeraora|Focus Blast|p1a: Ferrothorn
|-supereffective|p1a: Ferrothorn
|-damage|p1a: Ferrothorn|0 fnt
|faint|p1a: Ferrothorn
|
|upkeep
|
|t:|1641830352
|switch|p1a: Gengar|Gengar, F|100/100
|turn|17
|
|t:|1641830358
|move|p2a: Zeraora|Volt Switch|p1a: Gengar
|-damage|p1a: Gengar|49/100
|
|t:|1641830362
|switch|p2a: Landorus|Landorus-Therian, M|100/100|[from]move: Volt Switch
|-ability|p2a: Landorus|Intimidate|boost
|-unboost|p1a: Gengar|atk|1
|move|p1a: Gengar|Shadow Ball|p2a: Landorus
|-damage|p2a: Landorus|31/100
|
|-heal|p2a: Landorus|37/100|[from] item: Leftovers
|upkeep
|turn|18
|
|t:|1641830368
|move|p1a: Gengar|Shadow Ball|p2a: Landorus
|-damage|p2a: Landorus|0 fnt
|faint|p2a: Landorus
|
|upkeep
|
|t:|1641830371
|switch|p2a: Zeraora|Zeraora|13/100
|turn|19
|
|t:|1641830380
|switch|p2a: Keldeo|Keldeo-Resolute|49/100
|switch|p1a: Landorus|Landorus-Therian, M|32/100
|-ability|p1a: Landorus|Intimidate|boost
|-unboost|p2a: Keldeo|atk|1
|
|-heal|p1a: Landorus|38/100|[from] item: Leftovers
|upkeep
|turn|20
|
|t:|1641830388
|move|p2a: Keldeo|Scald|p1a: Landorus
|-supereffective|p1a: Landorus
|-damage|p1a: Landorus|0 fnt
|faint|p1a: Landorus
|
|upkeep
|
|t:|1641830392
|switch|p1a: Weavile|Weavile, F|100/100
|-ability|p1a: Weavile|Pressure
|turn|21
|
|t:|1641830398
|move|p1a: Weavile|Triple Axel|p2a: Keldeo
|-resisted|p2a: Keldeo
|-damage|p2a: Keldeo|44/100
|-resisted|p2a: Keldeo
|-damage|p2a: Keldeo|31/100
|-hitcount|p2a: Keldeo|2
|move|p2a: Keldeo|Scald|p1a: Weavile
|-damage|p1a: Weavile|16/100
|
|upkeep
|turn|22
|
|t:|1641830422
|move|p1a: Weavile|Knock Off|p2a: Keldeo
|-resisted|p2a: Keldeo
|-damage|p2a: Keldeo|4/100
|-ability|p2a: Keldeo|Justified|boost
|-boost|p2a: Keldeo|atk|1
|-enditem|p2a: Keldeo|Choice Specs|[from] move: Knock Off|[of] p1a: Weavile
|move|p2a: Keldeo|Scald|p1a: Weavile
|-damage|p1a: Weavile|0 fnt
|faint|p1a: Weavile
|
|upkeep
|
|t:|1641830427
|switch|p1a: Gengar|Gengar, F|49/100
|turn|23
|
|t:|1641830431
|move|p1a: Gengar|Shadow Ball|p2a: Keldeo
|-damage|p2a: Keldeo|0 fnt
|faint|p2a: Keldeo
|
|upkeep
|
|t:|1641830435
|switch|p2a: Zeraora|Zeraora|13/100
|turn|24
|
|t:|1641830437
|move|p2a: Zeraora|Volt Switch|p1a: Gengar
|-damage|p1a: Gengar|1/100
|-start|p2a: Zeraora|Disable|Volt Switch|[from] ability: Cursed Body|[of] p1a: Gengar
|
|t:|1641830440
|switch|p2a: Slowking|Slowking-Galar, M|91/100|[from]move: Volt Switch
|move|p1a: Gengar|Shadow Ball|p2a: Slowking
|-supereffective|p2a: Slowking
|-damage|p2a: Slowking|11/100
|-unboost|p2a: Slowking|spd|1
|
|upkeep
|turn|25
|
|t:|1641830444
|move|p1a: Gengar|Shadow Ball|p2a: Slowking
|-supereffective|p2a: Slowking
|-damage|p2a: Slowking|0 fnt
|faint|p2a: Slowking
|
|upkeep
|
|t:|1641830447
|switch|p2a: Zeraora|Zeraora|13/100
|turn|26
|c|☆spectral secrets|click focus blast if real
|c|☆spectral secrets|jk gg
|
|t:|1641830457
|move|p2a: Zeraora|Grass Knot|p1a: Gengar
|-resisted|p1a: Gengar
|-damage|p1a: Gengar|0 fnt
|faint|p1a: Gengar
|
|win|QuebecLibre
|raw|spectral secrets's rating: 1396 &rarr; <strong>1378</strong><br />(-18 for losing)
|raw|QuebecLibre's rating: 1436 &rarr; <strong>1454</strong><br />(+18 for winning)
|c|☆QuebecLibre|gengar kill by grass knot
||Ladder isn't responding, score probably updated but might not have (Request timeout).
|c|☆spectral secrets|legendary
