|j|☆argey_25
|j|☆Da Opponent
|t:|1641876989
|gametype|singles
|player|p1|argey_25|2|1000
|player|p2|Da Opponent|hilbert|1044
|teamsize|p1|6
|teamsize|p2|6
|gen|8
|tier|[Gen 8] OU
|rated|
|rule|Sleep Clause Mod: Limit one foe put to sleep
|rule|Species Clause: Limit one of each Pokémon
|rule|OHKO Clause: OHKO moves are banned
|rule|Evasion Moves Clause: Evasion moves are banned
|rule|Endless Battle Clause: Forcing endless battles is banned
|rule|HP Percentage Mod: HP is shown in percentages
|rule|Dynamax Clause: You cannot dynamax
|clearpoke
|poke|p1|Dragapult, M|
|poke|p1|Tapu Lele|
|poke|p1|Excadrill, F|
|poke|p1|Kartana|
|poke|p1|Tyranitar, F|
|poke|p1|Metagross|
|poke|p2|Tapu Lele|
|poke|p2|Victini|
|poke|p2|Landorus-Therian, M|
|poke|p2|Kartana|
|poke|p2|Melmetal|
|poke|p2|Dragapult, M|
|teampreview
|inactive|Battle timer is ON: inactive players will automatically lose when time's up. (requested by Da Opponent)
|c|☆Da Opponent|Glhf
|inactive|Da Opponent has 120 seconds left.
|
|t:|1641877023
|start
|switch|p1a: Excadrill|Excadrill, F|100/100
|switch|p2a: Melmetal|Melmetal|100/100
|-ability|p1a: Excadrill|Mold Breaker
|turn|1
|
|t:|1641877031
|move|p1a: Excadrill|Drill Run|p2a: Melmetal
|-supereffective|p2a: Melmetal
|-damage|p2a: Melmetal|55/100
|move|p2a: Melmetal|Earthquake|p1a: Excadrill
|-supereffective|p1a: Excadrill
|-damage|p1a: Excadrill|2/100
|
|upkeep
|turn|2
|
|t:|1641877040
|switch|p2a: Landorus|Landorus-Therian, M|100/100
|-ability|p2a: Landorus|Intimidate|boost
|-unboost|p1a: Excadrill|atk|1
|move|p1a: Excadrill|Focus Blast|p2a: Landorus
|-resisted|p2a: Landorus
|-damage|p2a: Landorus|93/100
|
|upkeep
|turn|3
|
|t:|1641877053
|move|p1a: Excadrill|Sludge Bomb|p2a: Landorus
|-resisted|p2a: Landorus
|-damage|p2a: Landorus|86/100
|move|p2a: Landorus|U-turn|p1a: Excadrill
|-resisted|p1a: Excadrill
|-damage|p1a: Excadrill|0 fnt
|faint|p1a: Excadrill
|
|t:|1641877069
|switch|p2a: Melmetal|Melmetal|55/100|[from]move: U-turn
|
|upkeep
|
|t:|1641877078
|switch|p1a: Kartana|Kartana|100/100
|turn|4
|
|t:|1641877086
|move|p1a: Kartana|Swords Dance|p1a: Kartana
|-boost|p1a: Kartana|atk|2
|move|p2a: Melmetal|Superpower|p1a: Kartana
|-supereffective|p1a: Kartana
|-enditem|p1a: Kartana|Focus Sash
|-damage|p1a: Kartana|1/100
|-unboost|p2a: Melmetal|atk|1
|-unboost|p2a: Melmetal|def|1
|
|upkeep
|turn|5
|
|t:|1641877098
|switch|p2a: Landorus|Landorus-Therian, M|86/100
|-ability|p2a: Landorus|Intimidate|boost
|-unboost|p1a: Kartana|atk|1
|move|p1a: Kartana|Sacred Sword|p2a: Landorus
|-resisted|p2a: Landorus
|-damage|p2a: Landorus|57/100
|
|upkeep
|turn|6
|
|t:|1641877128
|switch|p1a: Tapu Lele|Tapu Lele|100/100
|-fieldstart|move: Psychic Terrain|[from] ability: Psychic Surge|[of] p1a: Tapu Lele
|move|p2a: Landorus|U-turn|p1a: Tapu Lele
|-damage|p1a: Tapu Lele|68/100
|inactive|Da Opponent has 120 seconds left.
|
|t:|1641877145
|switch|p2a: Melmetal|Melmetal|55/100|[from]move: U-turn
|
|upkeep
|turn|7
|
|t:|1641877157
|switch|p1a: Metagross|Metagross|100/100
|move|p2a: Melmetal|Double Iron Bash|p1a: Metagross
|-resisted|p1a: Metagross
|-damage|p1a: Metagross|84/100
|-resisted|p1a: Metagross
|-damage|p1a: Metagross|69/100
|-hitcount|p1a: Metagross|2
|
|-heal|p1a: Metagross|75/100|[from] item: Leftovers
|upkeep
|turn|8
|
|t:|1641877170
|move|p1a: Metagross|Earthquake|p2a: Melmetal
|-supereffective|p2a: Melmetal
|-damage|p2a: Melmetal|22/100
|move|p2a: Melmetal|Earthquake|p1a: Metagross
|-supereffective|p1a: Metagross
|-damage|p1a: Metagross|16/100
|
|-heal|p1a: Metagross|22/100|[from] item: Leftovers
|upkeep
|turn|9
|inactive|Da Opponent has 120 seconds left.
|
|t:|1641877211
|switch|p2a: Kartana|Kartana|100/100
|move|p1a: Metagross|Brick Break|p2a: Kartana
|-supereffective|p2a: Kartana
|-damage|p2a: Kartana|51/100
|
|-heal|p1a: Metagross|28/100|[from] item: Leftovers
|upkeep
|turn|10
|inactive|argey_25 has 120 seconds left.
|
|t:|1641877232
|move|p1a: Metagross|Bullet Punch|p2a: Kartana
|-activate|p2a: Kartana|move: Psychic Terrain
|move|p2a: Kartana|Knock Off|p1a: Metagross
|-supereffective|p1a: Metagross
|-damage|p1a: Metagross|0 fnt
|-enditem|p1a: Metagross|Leftovers|[from] move: Knock Off|[of] p2a: Kartana
|faint|p1a: Metagross
|-ability|p2a: Kartana|Beast Boost|boost
|-boost|p2a: Kartana|atk|1
|
|-fieldend|move: Psychic Terrain
|upkeep
|
|t:|1641877248
|switch|p1a: Kartana|Kartana|1/100
|turn|11
|
|t:|1641877253
|move|p2a: Kartana|Knock Off|p1a: Kartana
|-damage|p1a: Kartana|0 fnt
|faint|p1a: Kartana
|-ability|p2a: Kartana|Beast Boost|boost
|-boost|p2a: Kartana|atk|1
|
|upkeep
|
|t:|1641877260
|switch|p1a: Tyranitar|Tyranitar, F|100/100
|-weather|Sandstorm|[from] ability: Sand Stream|[of] p1a: Tyranitar
|turn|12
|
|t:|1641877267
|switch|p2a: Landorus|Landorus-Therian, M|57/100
|-ability|p2a: Landorus|Intimidate|boost
|-unboost|p1a: Tyranitar|atk|1
|move|p1a: Tyranitar|Fire Punch|p2a: Landorus
|-damage|p2a: Landorus|40/100
|
|-weather|Sandstorm|[upkeep]
|upkeep
|turn|13
|inactive|argey_25 has 120 seconds left.
|
|t:|1641877282
|switch|p1a: Dragapult|Dragapult, M|100/100
|move|p2a: Landorus|Earthquake|p1a: Dragapult
|-damage|p1a: Dragapult|18/100
|
|-weather|Sandstorm|[upkeep]
|-damage|p1a: Dragapult|12/100|[from] Sandstorm
|upkeep
|turn|14
|
|t:|1641877293
|move|p1a: Dragapult|Phantom Force||[still]
|-prepare|p1a: Dragapult|Phantom Force
|move|p2a: Landorus|Earthquake|p1a: Dragapult|[miss]
|-miss|p2a: Landorus|p1a: Dragapult
|
|-weather|Sandstorm|[upkeep]
|-damage|p1a: Dragapult|6/100|[from] Sandstorm
|upkeep
|turn|15
|
|t:|1641877305
|move|p1a: Dragapult|Phantom Force|p2a: Landorus|[from]lockedmove
|-damage|p2a: Landorus|0 fnt
|faint|p2a: Landorus
|-damage|p1a: Dragapult|0 fnt|[from] item: Life Orb
|faint|p1a: Dragapult
|
|-weather|Sandstorm|[upkeep]
|upkeep
|inactive|argey_25 has 120 seconds left.
|
|t:|1641877314
|switch|p1a: Tyranitar|Tyranitar, F|100/100
|switch|p2a: Kartana|Kartana|51/100
|turn|16
|
|t:|1641877328
|move|p2a: Kartana|Knock Off|p1a: Tyranitar
|-resisted|p1a: Tyranitar
|-damage|p1a: Tyranitar|84/100
|-damage|p2a: Kartana|34/100|[from] item: Rocky Helmet|[of] p1a: Tyranitar
|-enditem|p1a: Tyranitar|Rocky Helmet|[from] move: Knock Off|[of] p2a: Kartana
|move|p1a: Tyranitar|Fire Punch|p2a: Kartana
|-supereffective|p2a: Kartana
|-damage|p2a: Kartana|0 fnt
|faint|p2a: Kartana
|
|-weather|none
|upkeep
|
|t:|1641877329
|switch|p2a: Victini|Victini|100/100
|turn|17
|
|t:|1641877346
|move|p2a: Victini|Scorching Sands|p1a: Tyranitar
|-supereffective|p1a: Tyranitar
|-damage|p1a: Tyranitar|50/100
|move|p1a: Tyranitar|Earthquake|p2a: Victini
|-supereffective|p2a: Victini
|-damage|p2a: Victini|29/100
|
|upkeep
|turn|18
|
|t:|1641877371
|switch|p2a: Tapu Lele|Tapu Lele|100/100
|-fieldstart|move: Psychic Terrain|[from] ability: Psychic Surge|[of] p2a: Tapu Lele
|move|p1a: Tyranitar|Foul Play|p2a: Tapu Lele
|-damage|p2a: Tapu Lele|69/100
|
|upkeep
|turn|19
|
|t:|1641877386
|move|p2a: Tapu Lele|Moonblast|p1a: Tyranitar
|-supereffective|p1a: Tyranitar
|-damage|p1a: Tyranitar|0 fnt
|faint|p1a: Tyranitar
|
|upkeep
|
|t:|1641877391
|switch|p1a: Tapu Lele|Tapu Lele|68/100
|turn|20
|
|t:|1641877420
|move|p2a: Tapu Lele|Moonblast|p1a: Tapu Lele
|-damage|p1a: Tapu Lele|0 fnt
|faint|p1a: Tapu Lele
|
|win|Da Opponent
|raw|argey_25's rating: 1000 &rarr; <strong>1000</strong><br />(+0 for losing)
|raw|Da Opponent's rating: 1044 &rarr; <strong>1073</strong><br />(+29 for winning)
|l|☆argey_25
