|j|☆HobbitGaming86
|j|☆1007966801qqcom
|t:|1641703182
|gametype|singles
|player|p1|HobbitGaming86|giovanni|1016
|player|p2|1007966801qqcom|169|1000
|teamsize|p1|6
|teamsize|p2|6
|gen|8
|tier|[Gen 8] OU
|rated|
|rule|Sleep Clause Mod: Limit one foe put to sleep
|rule|Species Clause: Limit one of each Pokémon
|rule|OHKO Clause: OHKO moves are banned
|rule|Evasion Moves Clause: Evasion moves are banned
|rule|Endless Battle Clause: Forcing endless battles is banned
|rule|HP Percentage Mod: HP is shown in percentages
|rule|Dynamax Clause: You cannot dynamax
|clearpoke
|poke|p1|Azumarill, M|
|poke|p1|Raichu-Alola, F|
|poke|p1|Tapu Koko|
|poke|p1|Rillaboom, M|
|poke|p1|Blaziken, M|
|poke|p1|Flygon, F|
|poke|p2|Blissey, F|
|poke|p2|Hippowdon, F|
|poke|p2|Celesteela|
|poke|p2|Gastrodon, F|
|poke|p2|Moltres-Galar|
|poke|p2|Aegislash, F|
|teampreview
|
|t:|1641703200
|start
|switch|p1a: Blaziken|Blaziken, M|100/100
|switch|p2a: Hippowdon|Hippowdon, F|100/100
|turn|1
|
|t:|1641703244
|switch|p1a: Rillaboom|Rillaboom, M|100/100
|-fieldstart|move: Grassy Terrain|[from] ability: Grassy Surge|[of] p1a: Rillaboom
|move|p2a: Hippowdon|Stealth Rock|p1a: Rillaboom
|-sidestart|p1: HobbitGaming86|move: Stealth Rock
|
|upkeep
|turn|2
|inactive|Battle timer is ON: inactive players will automatically lose when time's up. (requested by HobbitGaming86)
|
|t:|1641703265
|switch|p2a: Celesteela|Celesteela|100/100
|move|p1a: Rillaboom|Swords Dance|p1a: Rillaboom
|-boost|p1a: Rillaboom|atk|2
|
|upkeep
|turn|3
|
|t:|1641703278
|move|p1a: Rillaboom|Superpower|p2a: Celesteela
|-damage|p2a: Celesteela|19/100
|-unboost|p1a: Rillaboom|atk|1
|-unboost|p1a: Rillaboom|def|1
|-enditem|p2a: Celesteela|Aguav Berry|[eat]
|-heal|p2a: Celesteela|52/100|[from] item: Aguav Berry
|-damage|p1a: Rillaboom|91/100|[from] item: Life Orb
|move|p2a: Celesteela|Leech Seed|p1a: Rillaboom
|-immune|p1a: Rillaboom
|
|-heal|p1a: Rillaboom|97/100|[from] Grassy Terrain
|upkeep
|turn|4
|
|t:|1641703295
|move|p2a: Celesteela|Protect|p2a: Celesteela
|-singleturn|p2a: Celesteela|Protect
|move|p1a: Rillaboom|Superpower|p2a: Celesteela
|-activate|p2a: Celesteela|move: Protect
|
|-heal|p1a: Rillaboom|100/100|[from] Grassy Terrain
|upkeep
|turn|5
|
|t:|1641703305
|move|p1a: Rillaboom|Superpower|p2a: Celesteela
|-damage|p2a: Celesteela|0 fnt
|-unboost|p1a: Rillaboom|atk|1
|-unboost|p1a: Rillaboom|def|1
|faint|p2a: Celesteela
|-damage|p1a: Rillaboom|91/100|[from] item: Life Orb
|
|-heal|p1a: Rillaboom|97/100|[from] Grassy Terrain
|-fieldend|move: Grassy Terrain
|upkeep
|
|t:|1641703316
|switch|p2a: Blissey|Blissey, F|100/100
|turn|6
|
|t:|1641703340
|move|p1a: Rillaboom|Swords Dance|p1a: Rillaboom
|-boost|p1a: Rillaboom|atk|2
|move|p2a: Blissey|Toxic|p1a: Rillaboom
|-status|p1a: Rillaboom|tox
|
|-damage|p1a: Rillaboom|91/100 tox|[from] psn
|upkeep
|turn|7
|l|☆HobbitGaming86
|inactive|HobbitGaming86 disconnected and has a minute to reconnect!
|player|p1|
|j|☆HobbitGaming86
|inactive|HobbitGaming86 reconnected and has 135 seconds left.
|player|p1|HobbitGaming86|giovanni
|
|t:|1641703349
|move|p2a: Blissey|Protect|p2a: Blissey
|-singleturn|p2a: Blissey|Protect
|move|p1a: Rillaboom|Swords Dance|p1a: Rillaboom
|-boost|p1a: Rillaboom|atk|2
|
|-damage|p1a: Rillaboom|78/100 tox|[from] psn
|upkeep
|turn|8
|
|t:|1641703364
|move|p1a: Rillaboom|Superpower|p2a: Blissey
|-supereffective|p2a: Blissey
|-damage|p2a: Blissey|0 fnt
|-unboost|p1a: Rillaboom|atk|1
|-unboost|p1a: Rillaboom|def|1
|faint|p2a: Blissey
|-damage|p1a: Rillaboom|68/100 tox|[from] item: Life Orb
|
|-damage|p1a: Rillaboom|50/100 tox|[from] psn
|upkeep
|
|t:|1641703374
|switch|p2a: Moltres|Moltres-Galar|100/100
|turn|9
|
|t:|1641703380
|switch|p1a: Tapu Koko|Tapu Koko|100/100
|-fieldstart|move: Electric Terrain|[from] ability: Electric Surge|[of] p1a: Tapu Koko
|move|p2a: Moltres|Hurricane|p1a: Tapu Koko
|-resisted|p1a: Tapu Koko
|-damage|p1a: Tapu Koko|51/100
|-damage|p2a: Moltres|91/100|[from] item: Life Orb
|
|upkeep
|turn|10
|
|t:|1641703392
|switch|p2a: Hippowdon|Hippowdon, F|100/100
|move|p1a: Tapu Koko|Volt Switch|p2a: Hippowdon
|-immune|p2a: Hippowdon
|
|upkeep
|turn|11
|
|t:|1641703401
|move|p1a: Tapu Koko|U-turn|p2a: Hippowdon
|-damage|p2a: Hippowdon|90/100
|-damage|p1a: Tapu Koko|34/100|[from] item: Rocky Helmet|[of] p2a: Hippowdon
|
|t:|1641703406
|switch|p1a: Azumarill|Azumarill, M|100/100|[from]move: U-turn
|-damage|p1a: Azumarill|88/100|[from] Stealth Rock
|move|p2a: Hippowdon|Toxic|p1a: Azumarill
|-status|p1a: Azumarill|tox
|
|-damage|p1a: Azumarill|82/100 tox|[from] psn
|upkeep
|turn|12
|
|t:|1641703416
|move|p1a: Azumarill|Belly Drum|p1a: Azumarill
|-damage|p1a: Azumarill|32/100 tox
|-setboost|p1a: Azumarill|atk|6|[from] move: Belly Drum
|-enditem|p1a: Azumarill|Sitrus Berry|[eat]
|-heal|p1a: Azumarill|57/100 tox|[from] item: Sitrus Berry
|move|p2a: Hippowdon|Substitute|p2a: Hippowdon
|-start|p2a: Hippowdon|Substitute
|-damage|p2a: Hippowdon|65/100
|
|-damage|p1a: Azumarill|45/100 tox|[from] psn
|upkeep
|turn|13
|
|t:|1641703433
|move|p1a: Azumarill|Knock Off|p2a: Hippowdon
|-end|p2a: Hippowdon|Substitute
|move|p2a: Hippowdon|Substitute|p2a: Hippowdon
|-start|p2a: Hippowdon|Substitute
|-damage|p2a: Hippowdon|41/100
|
|-damage|p1a: Azumarill|26/100 tox|[from] psn
|-fieldend|move: Electric Terrain
|upkeep
|turn|14
|
|t:|1641703442
|move|p1a: Azumarill|Aqua Jet|p2a: Hippowdon
|-supereffective|p2a: Hippowdon
|-end|p2a: Hippowdon|Substitute
|move|p2a: Hippowdon|Substitute|p2a: Hippowdon
|-start|p2a: Hippowdon|Substitute
|-damage|p2a: Hippowdon|16/100
|
|-damage|p1a: Azumarill|2/100 tox|[from] psn
|upkeep
|turn|15
|
|t:|1641703453
|switch|p2a: Gastrodon|Gastrodon, F|100/100
|move|p1a: Azumarill|Aqua Jet|p2a: Gastrodon
|-ability|p2a: Gastrodon|Storm Drain|boost
|-boost|p2a: Gastrodon|spa|1
|
|-damage|p1a: Azumarill|0 fnt|[from] psn
|faint|p1a: Azumarill
|upkeep
|
|t:|1641703464
|switch|p1a: Rillaboom|Rillaboom, M|50/100 tox
|-damage|p1a: Rillaboom|37/100 tox|[from] Stealth Rock
|-fieldstart|move: Grassy Terrain|[from] ability: Grassy Surge|[of] p1a: Rillaboom
|turn|16
|
|t:|1641703471
|move|p2a: Gastrodon|Protect|p2a: Gastrodon
|-singleturn|p2a: Gastrodon|Protect
|move|p1a: Rillaboom|Grassy Glide|p2a: Gastrodon
|-activate|p2a: Gastrodon|move: Protect
|
|-heal|p1a: Rillaboom|44/100 tox|[from] Grassy Terrain
|-damage|p1a: Rillaboom|37/100 tox|[from] psn
|upkeep
|turn|17
|
|t:|1641703485
|switch|p2a: Hippowdon|Hippowdon, F|16/100
|move|p1a: Rillaboom|Grassy Glide|p2a: Hippowdon
|-supereffective|p2a: Hippowdon
|-damage|p2a: Hippowdon|0 fnt
|-damage|p1a: Rillaboom|21/100 tox|[from] item: Rocky Helmet|[of] p2a: Hippowdon
|faint|p2a: Hippowdon
|-damage|p1a: Rillaboom|11/100 tox|[from] item: Life Orb
|
|-heal|p1a: Rillaboom|17/100 tox|[from] Grassy Terrain
|-damage|p1a: Rillaboom|5/100 tox|[from] psn
|upkeep
|
|t:|1641703497
|switch|p2a: Aegislash|Aegislash, F|100/100
|turn|18
|
|t:|1641703502
|move|p1a: Rillaboom|Superpower|p2a: Aegislash
|-immune|p2a: Aegislash
|-formechange|p2a: Aegislash|Aegislash-Blade||[from] ability: Stance Change
|move|p2a: Aegislash|Iron Head|p1a: Rillaboom
|-damage|p1a: Rillaboom|0 fnt
|faint|p1a: Rillaboom
|
|upkeep
|
|t:|1641703512
|switch|p1a: Raichu|Raichu-Alola, F|100/100
|-damage|p1a: Raichu|88/100|[from] Stealth Rock
|turn|19
|
|t:|1641703520
|switch|p2a: Gastrodon|Gastrodon, F|100/100
|move|p1a: Raichu|Wish|p1a: Raichu
|
|-heal|p1a: Raichu|94/100|[from] Grassy Terrain
|-heal|p1a: Raichu|100/100|[from] item: Leftovers
|upkeep
|turn|20
|
|t:|1641703528
|move|p1a: Raichu|Calm Mind|p1a: Raichu
|-boost|p1a: Raichu|spa|1
|-boost|p1a: Raichu|spd|1
|move|p2a: Gastrodon|Toxic|p1a: Raichu
|-status|p1a: Raichu|tox
|
|-damage|p1a: Raichu|94/100 tox|[from] psn
|-fieldend|move: Grassy Terrain
|upkeep
|turn|21
|
|t:|1641703538
|move|p1a: Raichu|Calm Mind|p1a: Raichu
|-boost|p1a: Raichu|spa|1
|-boost|p1a: Raichu|spd|1
|move|p2a: Gastrodon|Hydro Pump|p1a: Raichu
|-damage|p1a: Raichu|67/100 tox
|
|-heal|p1a: Raichu|73/100 tox|[from] item: Leftovers
|-damage|p1a: Raichu|60/100 tox|[from] psn
|upkeep
|turn|22
|
|t:|1641703548
|move|p1a: Raichu|Psychic|p2a: Gastrodon
|-damage|p2a: Gastrodon|50/100
|move|p2a: Gastrodon|Hydro Pump|p1a: Raichu
|-damage|p1a: Raichu|32/100 tox
|
|-heal|p1a: Raichu|38/100 tox|[from] item: Leftovers
|-damage|p1a: Raichu|20/100 tox|[from] psn
|upkeep
|turn|23
|
|t:|1641703559
|move|p2a: Gastrodon|Protect|p2a: Gastrodon
|-singleturn|p2a: Gastrodon|Protect
|move|p1a: Raichu|Psychic|p2a: Gastrodon
|-activate|p2a: Gastrodon|move: Protect
|
|-heal|p1a: Raichu|26/100 tox|[from] item: Leftovers
|-damage|p1a: Raichu|1/100 tox|[from] psn
|upkeep
|turn|24
|
|t:|1641703569
|switch|p2a: Moltres|Moltres-Galar|91/100
|move|p1a: Raichu|Psychic|p2a: Moltres
|-immune|p2a: Moltres
|
|-heal|p1a: Raichu|8/100 tox|[from] item: Leftovers
|-damage|p1a: Raichu|0 fnt|[from] psn
|faint|p1a: Raichu
|upkeep
|
|t:|1641703579
|switch|p1a: Tapu Koko|Tapu Koko|34/100
|-fieldstart|move: Electric Terrain|[from] ability: Electric Surge|[of] p1a: Tapu Koko
|turn|25
|
|t:|1641703587
|switch|p2a: Gastrodon|Gastrodon, F|50/100
|move|p1a: Tapu Koko|Dazzling Gleam|p2a: Gastrodon
|-damage|p2a: Gastrodon|20/100
|
|upkeep
|turn|26
|
|t:|1641703595
|switch|p2a: Aegislash|Aegislash, F|100/100
|move|p1a: Tapu Koko|Dazzling Gleam|p2a: Aegislash
|-resisted|p2a: Aegislash
|-damage|p2a: Aegislash|89/100
|
|upkeep
|turn|27
|
|t:|1641703604
|move|p1a: Tapu Koko|Volt Switch|p2a: Aegislash
|-damage|p2a: Aegislash|65/100
|
|t:|1641703607
|switch|p1a: Blaziken|Blaziken, M|100/100|[from]move: Volt Switch
|-damage|p1a: Blaziken|88/100|[from] Stealth Rock
|-formechange|p2a: Aegislash|Aegislash-Blade||[from] ability: Stance Change
|move|p2a: Aegislash|Iron Head|p1a: Blaziken
|-resisted|p1a: Blaziken
|-damage|p1a: Blaziken|48/100
|
|upkeep
|turn|28
|
|t:|1641703622
|switch|p2a: Gastrodon|Gastrodon, F|20/100
|move|p1a: Blaziken|Blaze Kick|p2a: Gastrodon
|-resisted|p2a: Gastrodon
|-damage|p2a: Gastrodon|0 fnt
|faint|p2a: Gastrodon
|-damage|p1a: Blaziken|38/100|[from] item: Life Orb
|
|-ability|p1a: Blaziken|Speed Boost|boost
|-boost|p1a: Blaziken|spe|1
|upkeep
|
|t:|1641703631
|switch|p2a: Aegislash|Aegislash, F|65/100
|turn|29
|
|t:|1641703643
|move|p1a: Blaziken|Flare Blitz|p2a: Aegislash
|-supereffective|p2a: Aegislash
|-damage|p2a: Aegislash|0 fnt
|faint|p2a: Aegislash
|-damage|p1a: Blaziken|20/100|[from] Recoil
|-damage|p1a: Blaziken|10/100|[from] item: Life Orb
|
|-fieldend|move: Electric Terrain
|-ability|p1a: Blaziken|Speed Boost|boost
|-boost|p1a: Blaziken|spe|1
|upkeep
|
|t:|1641703651
|switch|p2a: Moltres|Moltres-Galar|91/100
|turn|30
|
|t:|1641703659
|move|p1a: Blaziken|Flare Blitz|p2a: Moltres
|-damage|p2a: Moltres|0 fnt
|faint|p2a: Moltres
|-damage|p1a: Blaziken|0 fnt|[from] Recoil
|faint|p1a: Blaziken
|
|win|HobbitGaming86
|raw|HobbitGaming86's rating: 1016 &rarr; <strong>1052</strong><br />(+36 for winning)
|raw|1007966801qqcom's rating: 1000 &rarr; <strong>1000</strong><br />(+0 for losing)
|l|☆1007966801qqcom
