|j|☆SJBLHX
|j|☆8jaggery
|t:|1641805861
|gametype|singles
|player|p1|SJBLHX|dawn-gen4pt|1169
|player|p2|8jaggery|265|1186
|teamsize|p1|6
|teamsize|p2|6
|gen|8
|tier|[Gen 8] OU
|rated|
|rule|Sleep Clause Mod: Limit one foe put to sleep
|rule|Species Clause: Limit one of each Pokémon
|rule|OHKO Clause: OHKO moves are banned
|rule|Evasion Moves Clause: Evasion moves are banned
|rule|Endless Battle Clause: Forcing endless battles is banned
|rule|HP Percentage Mod: HP is shown in percentages
|rule|Dynamax Clause: You cannot dynamax
|clearpoke
|poke|p1|Pelipper, M|
|poke|p1|Ferrothorn, F|
|poke|p1|Swampert, M|
|poke|p1|Rotom-Wash|
|poke|p1|Urshifu-*, M|
|poke|p1|Blacephalon|
|poke|p2|Hawlucha, F|
|poke|p2|Rillaboom, F|
|poke|p2|Heatran, M|
|poke|p2|Dragapult, F|
|poke|p2|Clefable, F|
|poke|p2|Blastoise, F|
|teampreview
|inactive|Battle timer is ON: inactive players will automatically lose when time's up. (requested by 8jaggery)
|
|t:|1641805885
|start
|switch|p1a: Pelipper|Pelipper, M|100/100
|switch|p2a: Blastoise|Blastoise, F|100/100
|-weather|RainDance|[from] ability: Drizzle|[of] p1a: Pelipper
|turn|1
|
|t:|1641805891
|switch|p1a: Rotom|Rotom-Wash|100/100
|move|p2a: Blastoise|Shell Smash|p2a: Blastoise
|-unboost|p2a: Blastoise|def|1
|-unboost|p2a: Blastoise|spd|1
|-boost|p2a: Blastoise|atk|2
|-boost|p2a: Blastoise|spa|2
|-boost|p2a: Blastoise|spe|2
|-enditem|p2a: Blastoise|White Herb
|-clearnegativeboost|p2a: Blastoise|[silent]
|
|-weather|RainDance|[upkeep]
|upkeep
|turn|2
|
|t:|1641805911
|move|p2a: Blastoise|Aura Sphere|p1a: Rotom
|-damage|p1a: Rotom|52/100
|move|p1a: Rotom|Thunder|p2a: Blastoise
|-supereffective|p2a: Blastoise
|-damage|p2a: Blastoise|0 fnt
|faint|p2a: Blastoise
|
|-weather|RainDance|[upkeep]
|upkeep
|
|t:|1641805919
|switch|p2a: Rillaboom|Rillaboom, F|100/100
|-fieldstart|move: Grassy Terrain|[from] ability: Grassy Surge|[of] p2a: Rillaboom
|turn|3
|
|t:|1641805923
|move|p2a: Rillaboom|Grassy Glide|p1a: Rotom
|-supereffective|p1a: Rotom
|-damage|p1a: Rotom|0 fnt
|faint|p1a: Rotom
|
|-weather|RainDance|[upkeep]
|upkeep
|
|t:|1641805930
|switch|p1a: Pelipper|Pelipper, M|100/100
|turn|4
|
|t:|1641805943
|switch|p2a: Clefable|Clefable, F|100/100
|move|p1a: Pelipper|Hurricane|p2a: Clefable
|-damage|p2a: Clefable|72/100
|
|-weather|RainDance|[upkeep]
|-heal|p2a: Clefable|78/100|[from] Grassy Terrain
|-heal|p2a: Clefable|84/100|[from] item: Leftovers
|upkeep
|turn|5
|
|t:|1641805955
|switch|p1a: Urshifu|Urshifu-Rapid-Strike, M|100/100
|move|p2a: Clefable|Moonblast|p1a: Urshifu
|-supereffective|p1a: Urshifu
|-damage|p1a: Urshifu|0 fnt
|faint|p1a: Urshifu
|
|-weather|none
|-heal|p2a: Clefable|90/100|[from] Grassy Terrain
|-heal|p2a: Clefable|96/100|[from] item: Leftovers
|upkeep
|
|t:|1641805964
|switch|p1a: Ferrothorn|Ferrothorn, F|100/100
|turn|6
|
|t:|1641805968
|switch|p2a: Heatran|Heatran, M|100/100
|-item|p2a: Heatran|Air Balloon
|move|p1a: Ferrothorn|Body Press|p2a: Heatran
|-supereffective|p2a: Heatran
|-damage|p2a: Heatran|50/100
|-enditem|p2a: Heatran|Air Balloon
|
|-heal|p2a: Heatran|56/100|[from] Grassy Terrain
|upkeep
|turn|7
|
|t:|1641805978
|switch|p1a: Pelipper|Pelipper, M|100/100
|-weather|RainDance|[from] ability: Drizzle|[of] p1a: Pelipper
|move|p2a: Heatran|Flamethrower|p1a: Pelipper
|-resisted|p1a: Pelipper
|-damage|p1a: Pelipper|82/100
|
|-weather|RainDance|[upkeep]
|-heal|p2a: Heatran|63/100|[from] Grassy Terrain
|-fieldend|move: Grassy Terrain
|upkeep
|turn|8
|
|t:|1641805989
|switch|p1a: Ferrothorn|Ferrothorn, F|100/100
|switch|p2a: Clefable|Clefable, F|96/100
|
|-weather|RainDance|[upkeep]
|-heal|p2a: Clefable|100/100|[from] item: Leftovers
|upkeep
|turn|9
|
|t:|1641805997
|switch|p2a: Hawlucha|Hawlucha, F|100/100
|move|p1a: Ferrothorn|Body Press|p2a: Hawlucha
|-resisted|p2a: Hawlucha
|-damage|p2a: Hawlucha|79/100
|
|-weather|RainDance|[upkeep]
|upkeep
|turn|10
|
|t:|1641806004
|move|p2a: Hawlucha|Close Combat|p1a: Ferrothorn
|-supereffective|p1a: Ferrothorn
|-damage|p1a: Ferrothorn|33/100
|-unboost|p2a: Hawlucha|def|1
|-unboost|p2a: Hawlucha|spd|1
|-damage|p2a: Hawlucha|66/100|[from] ability: Iron Barbs|[of] p1a: Ferrothorn
|move|p1a: Ferrothorn|Iron Defense|p1a: Ferrothorn
|-boost|p1a: Ferrothorn|def|2
|
|-weather|RainDance|[upkeep]
|-heal|p1a: Ferrothorn|40/100|[from] item: Leftovers
|upkeep
|turn|11
|
|t:|1641806016
|switch|p1a: Pelipper|Pelipper, M|82/100
|move|p2a: Hawlucha|Close Combat|p1a: Pelipper
|-resisted|p1a: Pelipper
|-damage|p1a: Pelipper|45/100
|-unboost|p2a: Hawlucha|def|1
|-unboost|p2a: Hawlucha|spd|1
|
|-weather|none
|upkeep
|turn|12
|
|t:|1641806030
|switch|p2a: Heatran|Heatran, M|63/100
|move|p1a: Pelipper|Hurricane|p2a: Heatran
|-resisted|p2a: Heatran
|-damage|p2a: Heatran|46/100
|
|upkeep
|turn|13
|
|t:|1641806037
|switch|p1a: Swampert|Swampert, M|100/100
|switch|p2a: Clefable|Clefable, F|100/100
|
|upkeep
|turn|14
|
|t:|1641806050
|switch|p2a: Rillaboom|Rillaboom, F|100/100
|-fieldstart|move: Grassy Terrain|[from] ability: Grassy Surge|[of] p2a: Rillaboom
|move|p1a: Swampert|Stealth Rock|p2a: Rillaboom
|-sidestart|p2: 8jaggery|move: Stealth Rock
|
|upkeep
|turn|15
|
|t:|1641806057
|switch|p1a: Pelipper|Pelipper, M|45/100
|-weather|RainDance|[from] ability: Drizzle|[of] p1a: Pelipper
|move|p2a: Rillaboom|Grassy Glide|p1a: Pelipper
|-damage|p1a: Pelipper|0 fnt
|faint|p1a: Pelipper
|
|-weather|RainDance|[upkeep]
|upkeep
|
|t:|1641806065
|switch|p1a: Blacephalon|Blacephalon|100/100
|turn|16
|
|t:|1641806084
|switch|p2a: Hawlucha|Hawlucha, F|66/100
|-damage|p2a: Hawlucha|54/100|[from] Stealth Rock
|-enditem|p2a: Hawlucha|Grassy Seed
|-boost|p2a: Hawlucha|def|1|[from] item: Grassy Seed
|move|p1a: Blacephalon|Shadow Ball|p2a: Hawlucha
|-damage|p2a: Hawlucha|0 fnt
|faint|p2a: Hawlucha
|-ability|p1a: Blacephalon|Beast Boost|boost
|-boost|p1a: Blacephalon|spa|1
|
|-weather|RainDance|[upkeep]
|upkeep
|
|t:|1641806096
|switch|p2a: Rillaboom|Rillaboom, F|100/100
|-damage|p2a: Rillaboom|88/100|[from] Stealth Rock
|turn|17
|
|t:|1641806101
|move|p1a: Blacephalon|Shadow Ball|p2a: Rillaboom
|-damage|p2a: Rillaboom|0 fnt
|faint|p2a: Rillaboom
|-ability|p1a: Blacephalon|Beast Boost|boost
|-boost|p1a: Blacephalon|spa|1
|
|-weather|RainDance|[upkeep]
|upkeep
|
|t:|1641806115
|switch|p2a: Clefable|Clefable, F|100/100
|-damage|p2a: Clefable|88/100|[from] Stealth Rock
|turn|18
|
|t:|1641806121
|move|p1a: Blacephalon|Shadow Ball|p2a: Clefable
|-damage|p2a: Clefable|42/100
|move|p2a: Clefable|Psychic|p1a: Blacephalon
|-damage|p1a: Blacephalon|65/100
|
|-weather|RainDance|[upkeep]
|-heal|p1a: Blacephalon|71/100|[from] Grassy Terrain
|-heal|p2a: Clefable|48/100|[from] Grassy Terrain
|-heal|p2a: Clefable|54/100|[from] item: Leftovers
|-fieldend|move: Grassy Terrain
|upkeep
|turn|19
|
|t:|1641806131
|move|p1a: Blacephalon|Shadow Ball|p2a: Clefable
|-damage|p2a: Clefable|8/100
|move|p2a: Clefable|Psychic|p1a: Blacephalon
|-damage|p1a: Blacephalon|35/100
|
|-weather|none
|-heal|p2a: Clefable|14/100|[from] item: Leftovers
|upkeep
|turn|20
|
|t:|1641806140
|move|p1a: Blacephalon|Shadow Ball|p2a: Clefable
|-damage|p2a: Clefable|0 fnt
|faint|p2a: Clefable
|-ability|p1a: Blacephalon|Beast Boost|boost
|-boost|p1a: Blacephalon|spa|1
|
|upkeep
|
|t:|1641806146
|switch|p2a: Dragapult|Dragapult, F|100/100
|-damage|p2a: Dragapult|88/100|[from] Stealth Rock
|turn|21
|
|t:|1641806151
|move|p2a: Dragapult|Scald|p1a: Blacephalon
|-supereffective|p1a: Blacephalon
|-damage|p1a: Blacephalon|0 fnt
|faint|p1a: Blacephalon
|-damage|p2a: Dragapult|78/100|[from] item: Life Orb
|
|upkeep
|
|t:|1641806157
|switch|p1a: Ferrothorn|Ferrothorn, F|40/100
|turn|22
|inactive|8jaggery has 120 seconds left.
|
|t:|1641806192
|move|p2a: Dragapult|U-turn|p1a: Ferrothorn
|-damage|p1a: Ferrothorn|25/100
|-damage|p2a: Dragapult|66/100|[from] ability: Iron Barbs|[of] p1a: Ferrothorn
|-damage|p2a: Dragapult|56/100|[from] item: Life Orb
|
|t:|1641806197
|switch|p2a: Heatran|Heatran, M|46/100|[from]move: U-turn
|-damage|p2a: Heatran|33/100|[from] Stealth Rock
|move|p1a: Ferrothorn|Gyro Ball|p2a: Heatran
|-resisted|p2a: Heatran
|-crit|p2a: Heatran
|-damage|p2a: Heatran|22/100
|
|-heal|p1a: Ferrothorn|31/100|[from] item: Leftovers
|upkeep
|turn|23
|inactive|8jaggery has 120 seconds left.
|
|t:|1641806206
|switch|p1a: Swampert|Swampert, M|100/100
|move|p2a: Heatran|Flamethrower|p1a: Swampert
|-resisted|p1a: Swampert
|-damage|p1a: Swampert|76/100
|
|-heal|p1a: Swampert|82/100|[from] item: Leftovers
|upkeep
|turn|24
|inactive|8jaggery has 120 seconds left.
|
|t:|1641806231
|move|p2a: Heatran|Earth Power|p1a: Swampert
|-damage|p1a: Swampert|49/100
|move|p1a: Swampert|Ice Punch|p2a: Heatran
|-resisted|p2a: Heatran
|-damage|p2a: Heatran|17/100
|
|-heal|p1a: Swampert|55/100|[from] item: Leftovers
|upkeep
|turn|25
|
|t:|1641806239
|move|p2a: Heatran|Earth Power|p1a: Swampert
|-crit|p1a: Swampert
|-damage|p1a: Swampert|5/100
|move|p1a: Swampert|Earthquake|p2a: Heatran
|-supereffective|p2a: Heatran
|-damage|p2a: Heatran|0 fnt
|faint|p2a: Heatran
|
|-heal|p1a: Swampert|12/100|[from] item: Leftovers
|upkeep
|
|t:|1641806248
|switch|p2a: Dragapult|Dragapult, F|56/100
|-damage|p2a: Dragapult|44/100|[from] Stealth Rock
|turn|26
|inactive|8jaggery has 120 seconds left.
|
|t:|1641806254
|move|p2a: Dragapult|Scald|p1a: Swampert
|-damage|p1a: Swampert|0 fnt
|faint|p1a: Swampert
|-damage|p2a: Dragapult|34/100|[from] item: Life Orb
|
|upkeep
|
|t:|1641806260
|switch|p1a: Ferrothorn|Ferrothorn, F|31/100
|turn|27
|
|t:|1641806263
|move|p2a: Dragapult|Draco Meteor|p1a: Ferrothorn
|-resisted|p1a: Ferrothorn
|-damage|p1a: Ferrothorn|4/100
|-unboost|p2a: Dragapult|spa|2
|-damage|p2a: Dragapult|24/100|[from] item: Life Orb
|move|p1a: Ferrothorn|Leech Seed|p2a: Dragapult
|-start|p2a: Dragapult|move: Leech Seed
|
|-heal|p1a: Ferrothorn|10/100|[from] item: Leftovers
|-damage|p2a: Dragapult|12/100|[from] Leech Seed|[of] p1a: Ferrothorn
|-heal|p1a: Ferrothorn|21/100|[silent]
|upkeep
|turn|28
|
|t:|1641806275
|move|p2a: Dragapult|Draco Meteor|p1a: Ferrothorn
|-resisted|p1a: Ferrothorn
|-damage|p1a: Ferrothorn|8/100
|-unboost|p2a: Dragapult|spa|2
|-damage|p2a: Dragapult|2/100|[from] item: Life Orb
|move|p1a: Ferrothorn|Gyro Ball|p2a: Dragapult
|-damage|p2a: Dragapult|0 fnt
|faint|p2a: Dragapult
|
|win|SJBLHX
|raw|SJBLHX's rating: 1169 &rarr; <strong>1195</strong><br />(+26 for winning)
|raw|8jaggery's rating: 1186 &rarr; <strong>1160</strong><br />(-26 for losing)
