|j|☆drizza17
|j|☆P0KESHOW
|t:|1641739586
|gametype|singles
|player|p1|drizza17|101|1069
|player|p2|P0KESHOW|battlegirl-gen4|1092
|teamsize|p1|6
|teamsize|p2|6
|gen|8
|tier|[Gen 8] OU
|rated|
|rule|Sleep Clause Mod: Limit one foe put to sleep
|rule|Species Clause: Limit one of each Pokémon
|rule|OHKO Clause: OHKO moves are banned
|rule|Evasion Moves Clause: Evasion moves are banned
|rule|Endless Battle Clause: Forcing endless battles is banned
|rule|HP Percentage Mod: HP is shown in percentages
|rule|Dynamax Clause: You cannot dynamax
|clearpoke
|poke|p1|Arcanine, M|
|poke|p1|Espeon, F|
|poke|p1|Kingdra, M|
|poke|p1|Tyranitar, F|
|poke|p1|Crobat, F|
|poke|p1|Qwilfish, M|
|poke|p2|Regieleki|
|poke|p2|Scizor, M|
|poke|p2|Barraskewda, M|
|poke|p2|Tapu Koko|
|poke|p2|Mew|
|poke|p2|Swampert, M|
|teampreview
|inactive|Battle timer is ON: inactive players will automatically lose when time's up. (requested by P0KESHOW)
|
|t:|1641739597
|start
|switch|p1a: Qwilfish|Qwilfish, M|100/100
|switch|p2a: Regieleki|Regieleki|100/100
|-ability|p1a: Qwilfish|Intimidate|boost
|-unboost|p2a: Regieleki|atk|1
|turn|1
|
|t:|1641739607
|move|p2a: Regieleki|Volt Switch|p1a: Qwilfish
|-supereffective|p1a: Qwilfish
|-damage|p1a: Qwilfish|0 fnt
|faint|p1a: Qwilfish
|
|t:|1641739611
|switch|p2a: Tapu Koko|Tapu Koko|100/100|[from]move: Volt Switch
|-fieldstart|move: Electric Terrain|[from] ability: Electric Surge|[of] p2a: Tapu Koko
|
|upkeep
|
|t:|1641739621
|switch|p1a: Tyranitar|Tyranitar, F|100/100
|-ability|p1a: Tyranitar|Unnerve
|turn|2
|
|t:|1641739626
|move|p2a: Tapu Koko|U-turn|p1a: Tyranitar
|-supereffective|p1a: Tyranitar
|-damage|p1a: Tyranitar|63/100
|-damage|p2a: Tapu Koko|91/100|[from] item: Life Orb
|
|t:|1641739631
|switch|p2a: Scizor|Scizor, M|100/100|[from]move: U-turn
|move|p1a: Tyranitar|Dragon Dance|p1a: Tyranitar
|-boost|p1a: Tyranitar|atk|1
|-boost|p1a: Tyranitar|spe|1
|
|upkeep
|turn|3
|
|t:|1641739649
|move|p1a: Tyranitar|High Horsepower|p2a: Scizor
|-damage|p2a: Scizor|44/100
|move|p2a: Scizor|U-turn|p1a: Tyranitar
|-supereffective|p1a: Tyranitar
|-damage|p1a: Tyranitar|0 fnt
|faint|p1a: Tyranitar
|
|t:|1641739655
|switch|p2a: Regieleki|Regieleki|100/100|[from]move: U-turn
|
|upkeep
|
|t:|1641739659
|switch|p1a: Arcanine|Arcanine, M|100/100
|-ability|p1a: Arcanine|Intimidate|boost
|-unboost|p2a: Regieleki|atk|1
|turn|4
|
|t:|1641739674
|move|p2a: Regieleki|Volt Switch|p1a: Arcanine
|-damage|p1a: Arcanine|6/100
|
|t:|1641739679
|switch|p2a: Swampert|Swampert, M|100/100|[from]move: Volt Switch
|move|p1a: Arcanine|Toxic|p2a: Swampert
|-status|p2a: Swampert|tox
|
|-heal|p1a: Arcanine|12/100|[from] item: Leftovers
|-damage|p2a: Swampert|94/100 tox|[from] psn
|upkeep
|turn|5
|
|t:|1641739687
|move|p2a: Swampert|Flip Turn|p1a: Arcanine
|-supereffective|p1a: Arcanine
|-damage|p1a: Arcanine|0 fnt
|faint|p1a: Arcanine
|
|t:|1641739692
|switch|p2a: Regieleki|Regieleki|100/100|[from]move: Flip Turn
|
|-fieldend|move: Electric Terrain
|upkeep
|
|t:|1641739701
|switch|p1a: Kingdra|Kingdra, M|100/100
|turn|6
|
|t:|1641739711
|move|p2a: Regieleki|Volt Switch|p1a: Kingdra
|-damage|p1a: Kingdra|15/100
|
|t:|1641739715
|switch|p2a: Tapu Koko|Tapu Koko|91/100|[from]move: Volt Switch
|-fieldstart|move: Electric Terrain|[from] ability: Electric Surge|[of] p2a: Tapu Koko
|move|p1a: Kingdra|Dragon Dance|p1a: Kingdra
|-boost|p1a: Kingdra|atk|1
|-boost|p1a: Kingdra|spe|1
|
|upkeep
|turn|7
|
|t:|1641739725
|move|p1a: Kingdra|Waterfall|p2a: Tapu Koko
|-damage|p2a: Tapu Koko|8/100
|move|p2a: Tapu Koko|Volt Switch|p1a: Kingdra
|-damage|p1a: Kingdra|0 fnt
|faint|p1a: Kingdra
|-damage|p2a: Tapu Koko|0 fnt|[from] item: Life Orb
|faint|p2a: Tapu Koko
|
|upkeep
|
|t:|1641739735
|switch|p2a: Regieleki|Regieleki|100/100
|switch|p1a: Crobat|Crobat, F|100/100
|turn|8
|
|t:|1641739743
|move|p2a: Regieleki|Volt Switch|p1a: Crobat
|-supereffective|p1a: Crobat
|-damage|p1a: Crobat|0 fnt
|faint|p1a: Crobat
|
|t:|1641739755
|switch|p2a: Mew|Mew|100/100|[from]move: Volt Switch
|
|upkeep
|
|t:|1641739759
|switch|p1a: Espeon|Espeon, F|100/100
|turn|9
|
|t:|1641739762
|move|p2a: Mew|U-turn|p1a: Espeon
|-supereffective|p1a: Espeon
|-damage|p1a: Espeon|5/100
|-enditem|p1a: Espeon|Salac Berry|[eat]
|-boost|p1a: Espeon|spe|1|[from] item: Salac Berry
|-damage|p2a: Mew|91/100|[from] item: Life Orb
|
|t:|1641739768
|switch|p2a: Regieleki|Regieleki|100/100|[from]move: U-turn
|move|p1a: Espeon|Calm Mind|p1a: Espeon
|-boost|p1a: Espeon|spa|1
|-boost|p1a: Espeon|spd|1
|
|upkeep
|turn|10
|
|t:|1641739775
|move|p2a: Regieleki|Volt Switch|p1a: Espeon
|-damage|p1a: Espeon|0 fnt
|faint|p1a: Espeon
|
|win|P0KESHOW
|raw|drizza17's rating: 1069 &rarr; <strong>1050</strong><br />(-19 for losing)
|raw|P0KESHOW's rating: 1092 &rarr; <strong>1116</strong><br />(+24 for winning)
|l|☆drizza17
