|j|☆Showdownone
|j|☆SCP 888
|t:|1641743488
|gametype|singles
|player|p1|Showdownone|colress|1489
|player|p2|SCP 888|unknown|1430
|teamsize|p1|6
|teamsize|p2|6
|gen|8
|tier|[Gen 8] OU
|rated|
|rule|Sleep Clause Mod: Limit one foe put to sleep
|rule|Species Clause: Limit one of each Pokémon
|rule|OHKO Clause: OHKO moves are banned
|rule|Evasion Moves Clause: Evasion moves are banned
|rule|Endless Battle Clause: Forcing endless battles is banned
|rule|HP Percentage Mod: HP is shown in percentages
|rule|Dynamax Clause: You cannot dynamax
|clearpoke
|poke|p1|Pelipper, M|
|poke|p1|Barraskewda, M|
|poke|p1|Regieleki|
|poke|p1|Tapu Lele|
|poke|p1|Landorus-Therian, M|
|poke|p1|Ferrothorn, M|
|poke|p2|Landorus-Therian, M|
|poke|p2|Ninetales-Alola, F|
|poke|p2|Dragapult, F|
|poke|p2|Blastoise, M|
|poke|p2|Volcarona, F|
|poke|p2|Regieleki|
|teampreview
|
|t:|1641743502
|start
|switch|p1a: Tapu Lele|Tapu Lele|100/100
|switch|p2a: Landorus|Landorus-Therian, M|100/100
|-ability|p2a: Landorus|Intimidate|boost
|-unboost|p1a: Tapu Lele|atk|1
|-fieldstart|move: Psychic Terrain|[from] ability: Psychic Surge|[of] p1a: Tapu Lele
|turn|1
|
|t:|1641743508
|switch|p1a: Ferrothorn|Ferrothorn, M|100/100
|move|p2a: Landorus|U-turn|p1a: Ferrothorn
|-damage|p1a: Ferrothorn|80/100
|-damage|p2a: Landorus|88/100|[from] ability: Iron Barbs|[of] p1a: Ferrothorn
|
|t:|1641743511
|switch|p2a: Volcarona|Volcarona, F|100/100|[from]move: U-turn
|
|-heal|p1a: Ferrothorn|86/100|[from] item: Leftovers
|upkeep
|turn|2
|
|t:|1641743517
|switch|p2a: Regieleki|Regieleki|100/100
|switch|p1a: Tapu Lele|Tapu Lele|100/100
|
|upkeep
|turn|3
|
|t:|1641743525
|move|p2a: Regieleki|Volt Switch|p1a: Tapu Lele
|-damage|p1a: Tapu Lele|30/100
|
|t:|1641743530
|switch|p2a: Landorus|Landorus-Therian, M|88/100|[from]move: Volt Switch
|-ability|p2a: Landorus|Intimidate|boost
|-unboost|p1a: Tapu Lele|atk|1
|move|p1a: Tapu Lele|Psyshock|p2a: Landorus
|-damage|p2a: Landorus|20/100
|
|upkeep
|turn|4
|
|t:|1641743538
|move|p2a: Landorus|U-turn|p1a: Tapu Lele
|-damage|p1a: Tapu Lele|0 fnt
|faint|p1a: Tapu Lele
|
|t:|1641743548
|switch|p2a: Volcarona|Volcarona, F|100/100|[from]move: U-turn
|
|upkeep
|
|t:|1641743552
|switch|p1a: Pelipper|Pelipper, M|100/100
|-weather|RainDance|[from] ability: Drizzle|[of] p1a: Pelipper
|turn|5
|
|t:|1641743561
|switch|p2a: Ninetales|Ninetales-Alola, F|100/100
|-weather|Hail|[from] ability: Snow Warning|[of] p2a: Ninetales
|move|p1a: Pelipper|Surf|p2a: Ninetales
|-damage|p2a: Ninetales|24/100
|
|-weather|Hail|[upkeep]
|-damage|p1a: Pelipper|95/100|[from] Hail
|-fieldend|move: Psychic Terrain
|upkeep
|turn|6
|
|t:|1641743570
|switch|p1a: Ferrothorn|Ferrothorn, M|86/100
|move|p2a: Ninetales|Freeze-Dry|p1a: Ferrothorn
|-damage|p1a: Ferrothorn|70/100
|
|-weather|Hail|[upkeep]
|-damage|p1a: Ferrothorn|64/100|[from] Hail
|-heal|p1a: Ferrothorn|70/100|[from] item: Leftovers
|upkeep
|turn|7
|
|t:|1641743579
|move|p2a: Ninetales|Protect|p2a: Ninetales
|-singleturn|p2a: Ninetales|Protect
|move|p1a: Ferrothorn|Iron Head|p2a: Ninetales
|-activate|p2a: Ninetales|move: Protect
|
|-weather|Hail|[upkeep]
|-damage|p1a: Ferrothorn|64/100|[from] Hail
|-heal|p1a: Ferrothorn|70/100|[from] item: Leftovers
|upkeep
|turn|8
|
|t:|1641743608
|switch|p2a: Volcarona|Volcarona, F|100/100
|move|p1a: Ferrothorn|Spikes|p2a: Volcarona
|-sidestart|p2: SCP 888|Spikes
|
|-weather|Hail|[upkeep]
|-damage|p2a: Volcarona|94/100|[from] Hail
|-damage|p1a: Ferrothorn|64/100|[from] Hail
|-heal|p1a: Ferrothorn|70/100|[from] item: Leftovers
|upkeep
|turn|9
|
|t:|1641743618
|switch|p1a: Pelipper|Pelipper, M|95/100
|-weather|RainDance|[from] ability: Drizzle|[of] p1a: Pelipper
|move|p2a: Volcarona|Fiery Dance|p1a: Pelipper
|-resisted|p1a: Pelipper
|-damage|p1a: Pelipper|73/100
|
|-weather|RainDance|[upkeep]
|upkeep
|turn|10
|l|☆SCP 888
|player|p2|
|inactive|Battle timer is ON: inactive players will automatically lose when time's up. (requested by Showdownone)
|j|☆SCP 888
|inactive|SCP 888 reconnected and has 140 seconds left.
|player|p2|SCP 888|unknown
|
|t:|1641743691
|switch|p2a: Blastoise|Blastoise, M|100/100
|-damage|p2a: Blastoise|88/100|[from] Spikes
|move|p1a: Pelipper|Hurricane|p2a: Blastoise
|-damage|p2a: Blastoise|11/100
|
|-weather|RainDance|[upkeep]
|upkeep
|turn|11
|
|t:|1641743701
|move|p2a: Blastoise|Ice Beam|p1a: Pelipper
|-damage|p1a: Pelipper|27/100
|move|p1a: Pelipper|Hurricane|p2a: Blastoise
|-damage|p2a: Blastoise|0 fnt
|faint|p2a: Blastoise
|
|-weather|RainDance|[upkeep]
|upkeep
|
|t:|1641743714
|switch|p2a: Volcarona|Volcarona, F|94/100
|turn|12
|
|t:|1641743723
|move|p2a: Volcarona|Giga Drain|p1a: Pelipper
|-damage|p1a: Pelipper|0 fnt
|-heal|p2a: Volcarona|100/100|[from] drain|[of] p1a: Pelipper
|faint|p1a: Pelipper
|
|-weather|RainDance|[upkeep]
|upkeep
|
|t:|1641743728
|switch|p1a: Barraskewda|Barraskewda, M|100/100
|turn|13
|
|t:|1641743733
|switch|p2a: Ninetales|Ninetales-Alola, F|24/100
|-damage|p2a: Ninetales|12/100|[from] Spikes
|-weather|Hail|[from] ability: Snow Warning|[of] p2a: Ninetales
|move|p1a: Barraskewda|Flip Turn|p2a: Ninetales
|-damage|p2a: Ninetales|0 fnt
|faint|p2a: Ninetales
|
|t:|1641743738
|switch|p1a: Landorus|Landorus-Therian, M|100/100|[from]move: Flip Turn
|
|-weather|Hail|[upkeep]
|-damage|p1a: Landorus|94/100|[from] Hail
|-heal|p1a: Landorus|100/100|[from] item: Leftovers
|upkeep
|
|t:|1641743747
|switch|p2a: Dragapult|Dragapult, F|100/100
|-damage|p2a: Dragapult|88/100|[from] Spikes
|turn|14
|
|t:|1641743754
|move|p2a: Dragapult|Dragon Dance|p2a: Dragapult
|-boost|p2a: Dragapult|atk|1
|-boost|p2a: Dragapult|spe|1
|move|p1a: Landorus|Earthquake|p2a: Dragapult
|-damage|p2a: Dragapult|14/100
|
|-weather|Hail|[upkeep]
|-damage|p2a: Dragapult|8/100|[from] Hail
|-damage|p1a: Landorus|94/100|[from] Hail
|-heal|p1a: Landorus|100/100|[from] item: Leftovers
|upkeep
|turn|15
|
|t:|1641743761
|move|p2a: Dragapult|Dragon Darts|p1a: Landorus
|-damage|p1a: Landorus|51/100
|-anim|p2a: Dragapult|Dragon Darts|p1a: Landorus
|-damage|p1a: Landorus|3/100
|-damage|p2a: Dragapult|0 fnt|[from] item: Life Orb
|faint|p2a: Dragapult
|move|p1a: Landorus|U-turn|p2: Dragapult|[notarget]
|-fail|p1a: Landorus
|
|-weather|Hail|[upkeep]
|-damage|p1a: Landorus|0 fnt|[from] Hail
|faint|p1a: Landorus
|upkeep
|
|t:|1641743785
|switch|p2a: Regieleki|Regieleki|100/100
|switch|p1a: Ferrothorn|Ferrothorn, M|70/100
|-damage|p2a: Regieleki|88/100|[from] Spikes
|turn|16
|
|t:|1641743796
|move|p2a: Regieleki|Thunderbolt|p1a: Ferrothorn
|-resisted|p1a: Ferrothorn
|-damage|p1a: Ferrothorn|41/100
|move|p1a: Ferrothorn|Leech Seed|p2a: Regieleki
|-start|p2a: Regieleki|move: Leech Seed
|
|-weather|Hail|[upkeep]
|-damage|p2a: Regieleki|82/100|[from] Hail
|-damage|p1a: Ferrothorn|35/100|[from] Hail
|-heal|p1a: Ferrothorn|41/100|[from] item: Leftovers
|-damage|p2a: Regieleki|70/100|[from] Leech Seed|[of] p1a: Ferrothorn
|-heal|p1a: Ferrothorn|52/100|[silent]
|upkeep
|turn|17
|
|t:|1641743803
|switch|p2a: Volcarona|Volcarona, F|100/100
|move|p1a: Ferrothorn|Knock Off|p2a: Volcarona
|-damage|p2a: Volcarona|68/100
|-enditem|p2a: Volcarona|Heavy-Duty Boots|[from] move: Knock Off|[of] p1a: Ferrothorn
|
|-weather|none
|-heal|p1a: Ferrothorn|58/100|[from] item: Leftovers
|upkeep
|turn|18
|
|t:|1641743811
|switch|p1a: Barraskewda|Barraskewda, M|100/100
|move|p2a: Volcarona|Quiver Dance|p2a: Volcarona
|-boost|p2a: Volcarona|spa|1
|-boost|p2a: Volcarona|spd|1
|-boost|p2a: Volcarona|spe|1
|
|upkeep
|turn|19
|
|t:|1641743821
|move|p2a: Volcarona|Giga Drain|p1a: Barraskewda
|-supereffective|p1a: Barraskewda
|-damage|p1a: Barraskewda|0 fnt
|-heal|p2a: Volcarona|100/100|[from] drain|[of] p1a: Barraskewda
|faint|p1a: Barraskewda
|
|upkeep
|
|t:|1641743824
|switch|p1a: Regieleki|Regieleki|100/100
|turn|20
|
|t:|1641743827
|move|p1a: Regieleki|Ancient Power|p2a: Volcarona
|-supereffective|p2a: Volcarona
|-damage|p2a: Volcarona|48/100
|move|p2a: Volcarona|Fiery Dance|p1a: Regieleki
|-damage|p1a: Regieleki|0 fnt
|-boost|p2a: Volcarona|spa|1
|faint|p1a: Regieleki
|
|upkeep
|
|t:|1641743830
|switch|p1a: Ferrothorn|Ferrothorn, M|58/100
|turn|21
|c|☆SCP 888|gg
|
|t:|1641743835
|move|p2a: Volcarona|Fiery Dance|p1a: Ferrothorn
|-supereffective|p1a: Ferrothorn
|-damage|p1a: Ferrothorn|0 fnt
|faint|p1a: Ferrothorn
|
|win|SCP 888
|raw|Showdownone's rating: 1489 &rarr; <strong>1466</strong><br />(-23 for losing)
|raw|SCP 888's rating: 1430 &rarr; <strong>1453</strong><br />(+23 for winning)
