|j|☆Jirirk
|j|☆Ceking99
|t:|1641707261
|gametype|singles
|player|p1|Jirirk|byron|1015
|player|p2|Ceking99|170|1000
|teamsize|p1|6
|teamsize|p2|1
|gen|8
|tier|[Gen 8] OU
|rated|
|rule|Sleep Clause Mod: Limit one foe put to sleep
|rule|Species Clause: Limit one of each Pokémon
|rule|OHKO Clause: OHKO moves are banned
|rule|Evasion Moves Clause: Evasion moves are banned
|rule|Endless Battle Clause: Forcing endless battles is banned
|rule|HP Percentage Mod: HP is shown in percentages
|rule|Dynamax Clause: You cannot dynamax
|clearpoke
|poke|p1|Garchomp, F|
|poke|p1|Kommo-o, F|
|poke|p1|Kartana|
|poke|p1|Magnezone|
|poke|p1|Tapu Koko|
|poke|p1|Dragonite, M|
|poke|p2|Mew|
|teampreview
|
|t:|1641707265
|start
|switch|p1a: Jahuriun|Kommo-o, F|100/100
|switch|p2a: Mew|Mew|100/100
|turn|1
|
|t:|1641707271
|move|p2a: Mew|Cosmic Power|p2a: Mew
|-boost|p2a: Mew|def|1
|-boost|p2a: Mew|spd|1
|move|p1a: Jahuriun|Substitute|p1a: Jahuriun
|-start|p1a: Jahuriun|Substitute
|-damage|p1a: Jahuriun|76/100
|
|-heal|p1a: Jahuriun|82/100|[from] item: Leftovers
|upkeep
|turn|2
|
|t:|1641707280
|move|p2a: Mew|Cosmic Power|p2a: Mew
|-boost|p2a: Mew|def|1
|-boost|p2a: Mew|spd|1
|move|p1a: Jahuriun|Clangorous Soul|p1a: Jahuriun
|-boost|p1a: Jahuriun|atk|1
|-boost|p1a: Jahuriun|def|1
|-boost|p1a: Jahuriun|spa|1
|-boost|p1a: Jahuriun|spd|1
|-boost|p1a: Jahuriun|spe|1
|-damage|p1a: Jahuriun|49/100
|
|-heal|p1a: Jahuriun|55/100|[from] item: Leftovers
|upkeep
|turn|3
|
|t:|1641707293
|move|p1a: Jahuriun|Drain Punch|p2a: Mew
|-resisted|p2a: Mew
|-damage|p2a: Mew|88/100
|-heal|p1a: Jahuriun|62/100|[from] drain|[of] p2a: Mew
|move|p2a: Mew|Cosmic Power|p2a: Mew
|-boost|p2a: Mew|def|1
|-boost|p2a: Mew|spd|1
|
|-heal|p1a: Jahuriun|69/100|[from] item: Leftovers
|-heal|p2a: Mew|94/100|[from] item: Leftovers
|upkeep
|turn|4
|
|t:|1641707308
|move|p1a: Jahuriun|Clangorous Soul|p1a: Jahuriun
|-boost|p1a: Jahuriun|atk|1
|-boost|p1a: Jahuriun|def|1
|-boost|p1a: Jahuriun|spa|1
|-boost|p1a: Jahuriun|spd|1
|-boost|p1a: Jahuriun|spe|1
|-damage|p1a: Jahuriun|36/100
|move|p2a: Mew|Cosmic Power|p2a: Mew
|-boost|p2a: Mew|def|1
|-boost|p2a: Mew|spd|1
|
|-heal|p1a: Jahuriun|42/100|[from] item: Leftovers
|-heal|p2a: Mew|100/100|[from] item: Leftovers
|upkeep
|turn|5
|
|t:|1641707321
|move|p1a: Jahuriun|Clangorous Soul|p1a: Jahuriun
|-boost|p1a: Jahuriun|atk|1
|-boost|p1a: Jahuriun|def|1
|-boost|p1a: Jahuriun|spa|1
|-boost|p1a: Jahuriun|spd|1
|-boost|p1a: Jahuriun|spe|1
|-damage|p1a: Jahuriun|9/100
|move|p2a: Mew|Cosmic Power|p2a: Mew
|-boost|p2a: Mew|def|1
|-boost|p2a: Mew|spd|1
|
|-heal|p1a: Jahuriun|15/100|[from] item: Leftovers
|upkeep
|turn|6
|
|t:|1641707334
|move|p1a: Jahuriun|Drain Punch|p2a: Mew
|-resisted|p2a: Mew
|-damage|p2a: Mew|88/100
|-heal|p1a: Jahuriun|22/100|[from] drain|[of] p2a: Mew
|move|p2a: Mew|Stored Power|p1a: Jahuriun
|-supereffective|p1a: Jahuriun
|-end|p1a: Jahuriun|Substitute
|
|-heal|p1a: Jahuriun|29/100|[from] item: Leftovers
|-heal|p2a: Mew|94/100|[from] item: Leftovers
|upkeep
|turn|7
|
|t:|1641707345
|move|p1a: Jahuriun|Drain Punch|p2a: Mew
|-resisted|p2a: Mew
|-damage|p2a: Mew|82/100
|-heal|p1a: Jahuriun|36/100|[from] drain|[of] p2a: Mew
|move|p2a: Mew|Stored Power|p1a: Jahuriun
|-supereffective|p1a: Jahuriun
|-damage|p1a: Jahuriun|0 fnt
|faint|p1a: Jahuriun
|
|-heal|p2a: Mew|89/100|[from] item: Leftovers
|upkeep
|
|t:|1641707359
|switch|p1a: Garchomp|Garchomp, F|100/100
|turn|8
|
|t:|1641707364
|move|p2a: Mew|Body Press|p1a: Garchomp
|-damage|p1a: Garchomp|54/100
|-damage|p2a: Mew|76/100|[from] ability: Rough Skin|[of] p1a: Garchomp
|move|p1a: Garchomp|Toxic|p2a: Mew
|-status|p2a: Mew|tox
|-activate|p2a: Mew|ability: Synchronize
|-status|p1a: Garchomp|tox
|
|-heal|p2a: Mew|82/100 tox|[from] item: Leftovers
|-heal|p1a: Garchomp|60/100 tox|[from] item: Leftovers
|-damage|p2a: Mew|76/100 tox|[from] psn
|-damage|p1a: Garchomp|54/100 tox|[from] psn
|upkeep
|turn|9
|
|t:|1641707378
|move|p2a: Mew|Stored Power|p1a: Garchomp
|-damage|p1a: Garchomp|0 fnt
|faint|p1a: Garchomp
|
|-heal|p2a: Mew|82/100 tox|[from] item: Leftovers
|-damage|p2a: Mew|70/100 tox|[from] psn
|upkeep
|
|t:|1641707386
|switch|p1a: Dragonite|Dragonite, M|100/100
|turn|10
|
|t:|1641707390
|move|p2a: Mew|Stored Power|p1a: Dragonite
|-damage|p1a: Dragonite|62/100
|move|p1a: Dragonite|Ice Beam|p2a: Mew
|-damage|p2a: Mew|64/100 tox
|
|-heal|p2a: Mew|70/100 tox|[from] item: Leftovers
|-damage|p2a: Mew|52/100 tox|[from] psn
|upkeep
|turn|11
|
|t:|1641707400
|move|p2a: Mew|Body Press|p1a: Dragonite
|-resisted|p1a: Dragonite
|-damage|p1a: Dragonite|42/100
|move|p1a: Dragonite|Roost|p1a: Dragonite
|-heal|p1a: Dragonite|92/100
|-singleturn|p1a: Dragonite|move: Roost
|
|-heal|p2a: Mew|58/100 tox|[from] item: Leftovers
|-damage|p2a: Mew|34/100 tox|[from] psn
|upkeep
|turn|12
|
|t:|1641707411
|move|p2a: Mew|Roost|p2a: Mew
|-heal|p2a: Mew|84/100 tox
|-singleturn|p2a: Mew|move: Roost
|move|p1a: Dragonite|Roost|p1a: Dragonite
|-heal|p1a: Dragonite|100/100
|-singleturn|p1a: Dragonite|move: Roost
|
|-heal|p2a: Mew|90/100 tox|[from] item: Leftovers
|-damage|p2a: Mew|59/100 tox|[from] psn
|upkeep
|turn|13
|
|t:|1641707423
|move|p2a: Mew|Stored Power|p1a: Dragonite
|-damage|p1a: Dragonite|65/100
|move|p1a: Dragonite|Ice Beam|p2a: Mew
|-damage|p2a: Mew|53/100 tox
|
|-heal|p2a: Mew|59/100 tox|[from] item: Leftovers
|-damage|p2a: Mew|22/100 tox|[from] psn
|upkeep
|turn|14
|
|t:|1641707432
|move|p2a: Mew|Roost|p2a: Mew
|-heal|p2a: Mew|72/100 tox
|-singleturn|p2a: Mew|move: Roost
|move|p1a: Dragonite|Roost|p1a: Dragonite
|-heal|p1a: Dragonite|100/100
|-singleturn|p1a: Dragonite|move: Roost
|
|-heal|p2a: Mew|79/100 tox|[from] item: Leftovers
|-damage|p2a: Mew|36/100 tox|[from] psn
|upkeep
|turn|15
|
|t:|1641707443
|move|p2a: Mew|Roost|p2a: Mew
|-heal|p2a: Mew|86/100 tox
|-singleturn|p2a: Mew|move: Roost
|move|p1a: Dragonite|Earthquake|p2a: Mew
|-damage|p2a: Mew|77/100 tox
|
|-heal|p2a: Mew|83/100 tox|[from] item: Leftovers
|-damage|p2a: Mew|34/100 tox|[from] psn
|upkeep
|turn|16
|
|t:|1641707453
|move|p2a: Mew|Roost|p2a: Mew
|-heal|p2a: Mew|84/100 tox
|-singleturn|p2a: Mew|move: Roost
|move|p1a: Dragonite|Ice Beam|p2a: Mew
|-damage|p2a: Mew|78/100 tox
|
|-heal|p2a: Mew|84/100 tox|[from] item: Leftovers
|-damage|p2a: Mew|29/100 tox|[from] psn
|upkeep
|turn|17
|
|t:|1641707463
|switch|p1a: Kartana|Kartana|100/100
|move|p2a: Mew|Stored Power|p1a: Kartana
|-resisted|p1a: Kartana
|-damage|p1a: Kartana|0 fnt
|faint|p1a: Kartana
|
|-heal|p2a: Mew|35/100 tox|[from] item: Leftovers
|-damage|p2a: Mew|0 fnt|[from] psn
|faint|p2a: Mew
|
|win|Jirirk
|upkeep
|raw|Jirirk's rating: 1015 &rarr; <strong>1051</strong><br />(+36 for winning)
|raw|Ceking99's rating: 1000 &rarr; <strong>1000</strong><br />(+0 for losing)
|c|☆Jirirk|gg
