|j|☆DumbLick1337
|j|☆EyitsJohn
|t:|1641837030
|gametype|singles
|player|p1|DumbLick1337|102|1313
|player|p2|EyitsJohn|102|1239
|teamsize|p1|6
|teamsize|p2|6
|gen|8
|tier|[Gen 8] OU
|rated|
|rule|Sleep Clause Mod: Limit one foe put to sleep
|rule|Species Clause: Limit one of each Pokémon
|rule|OHKO Clause: OHKO moves are banned
|rule|Evasion Moves Clause: Evasion moves are banned
|rule|Endless Battle Clause: Forcing endless battles is banned
|rule|HP Percentage Mod: HP is shown in percentages
|rule|Dynamax Clause: You cannot dynamax
|clearpoke
|poke|p1|Seismitoad, F|
|poke|p1|Rotom-Heat|
|poke|p1|Corviknight, F|
|poke|p1|Hatterene, F|
|poke|p1|Dragapult, M|
|poke|p1|Hippowdon, F|
|poke|p2|Urshifu-*, M|
|poke|p2|Magnezone|
|poke|p2|Dragapult, F|
|poke|p2|Toxapex, F|
|poke|p2|Ninetales-Alola, M|
|poke|p2|Scizor, F|
|teampreview
|c|☆DumbLick1337|hf
|inactive|Battle timer is ON: inactive players will automatically lose when time's up. (requested by DumbLick1337)
|
|t:|1641837047
|start
|switch|p1a: Hippowdon|Hippowdon, F|100/100
|switch|p2a: Toxapex|Toxapex, F|100/100
|-weather|Sandstorm|[from] ability: Sand Stream|[of] p1a: Hippowdon
|turn|1
|
|t:|1641837054
|move|p1a: Hippowdon|Earthquake|p2a: Toxapex
|-supereffective|p2a: Toxapex
|-damage|p2a: Toxapex|48/100
|move|p2a: Toxapex|Toxic|p1a: Hippowdon
|-status|p1a: Hippowdon|tox
|
|-weather|Sandstorm|[upkeep]
|-damage|p2a: Toxapex|42/100|[from] Sandstorm
|-heal|p2a: Toxapex|48/100|[from] item: Leftovers
|-damage|p1a: Hippowdon|94/100 tox|[from] psn
|upkeep
|turn|2
|
|t:|1641837064
|move|p1a: Hippowdon|Earthquake|p2a: Toxapex
|-supereffective|p2a: Toxapex
|-damage|p2a: Toxapex|0 fnt
|faint|p2a: Toxapex
|
|-weather|Sandstorm|[upkeep]
|-damage|p1a: Hippowdon|82/100 tox|[from] psn
|upkeep
|
|t:|1641837076
|switch|p2a: Urshifu|Urshifu-Rapid-Strike, M|100/100
|turn|3
|
|t:|1641837081
|switch|p1a: Dragapult|Dragapult, M|100/100
|move|p2a: Urshifu|Surging Strikes|p1a: Dragapult
|-resisted|p1a: Dragapult
|-crit|p1a: Dragapult
|-damage|p1a: Dragapult|83/100
|-resisted|p1a: Dragapult
|-crit|p1a: Dragapult
|-damage|p1a: Dragapult|64/100
|-resisted|p1a: Dragapult
|-crit|p1a: Dragapult
|-damage|p1a: Dragapult|47/100
|-hitcount|p1a: Dragapult|3
|
|-weather|Sandstorm|[upkeep]
|-damage|p1a: Dragapult|41/100|[from] Sandstorm
|-damage|p2a: Urshifu|94/100|[from] Sandstorm
|upkeep
|turn|4
|
|t:|1641837092
|move|p1a: Dragapult|U-turn|p2a: Urshifu
|-resisted|p2a: Urshifu
|-damage|p2a: Urshifu|87/100
|
|t:|1641837093
|switch|p1a: Seismitoad|Seismitoad, F|100/100|[from]move: U-turn
|move|p2a: Urshifu|Surging Strikes|p1a: Seismitoad
|-immune|p1a: Seismitoad|[from] ability: Water Absorb
|
|-weather|Sandstorm|[upkeep]
|-damage|p2a: Urshifu|81/100|[from] Sandstorm
|upkeep
|turn|5
|
|t:|1641837108
|switch|p2a: Scizor|Scizor, F|100/100
|move|p1a: Seismitoad|Earthquake|p2a: Scizor
|-damage|p2a: Scizor|26/100
|
|-weather|none
|-heal|p2a: Scizor|33/100|[from] item: Leftovers
|upkeep
|turn|6
|
|t:|1641837121
|move|p1a: Seismitoad|Earthquake|p2a: Scizor
|-damage|p2a: Scizor|0 fnt
|faint|p2a: Scizor
|
|upkeep
|
|t:|1641837130
|switch|p2a: Urshifu|Urshifu-Rapid-Strike, M|81/100
|turn|7
|
|t:|1641837133
|switch|p1a: Hippowdon|Hippowdon, F|82/100 tox
|-weather|Sandstorm|[from] ability: Sand Stream|[of] p1a: Hippowdon
|move|p2a: Urshifu|Drain Punch|p1a: Hippowdon
|-damage|p1a: Hippowdon|55/100 tox
|-heal|p2a: Urshifu|96/100|[from] drain|[of] p1a: Hippowdon
|-damage|p2a: Urshifu|80/100|[from] item: Rocky Helmet|[of] p1a: Hippowdon
|
|-weather|Sandstorm|[upkeep]
|-damage|p2a: Urshifu|74/100|[from] Sandstorm
|-damage|p1a: Hippowdon|49/100 tox|[from] psn
|upkeep
|turn|8
|
|t:|1641837147
|switch|p2a: Ninetales|Ninetales-Alola, M|100/100
|-weather|Hail|[from] ability: Snow Warning|[of] p2a: Ninetales
|switch|p1a: Hatterene|Hatterene, F|100/100
|
|-weather|Hail|[upkeep]
|-damage|p1a: Hatterene|95/100|[from] Hail
|upkeep
|turn|9
|
|t:|1641837163
|move|p2a: Ninetales|Blizzard|p1a: Hatterene
|-damage|p1a: Hatterene|65/100
|move|p1a: Hatterene|Nuzzle|p2a: Ninetales
|-damage|p2a: Ninetales|95/100
|-status|p2a: Ninetales|par
|
|-weather|Hail|[upkeep]
|-damage|p1a: Hatterene|59/100|[from] Hail
|upkeep
|turn|10
|
|t:|1641837173
|move|p2a: Ninetales|Blizzard|p1a: Hatterene
|-damage|p1a: Hatterene|31/100
|move|p1a: Hatterene|Psychic|p2a: Ninetales
|-damage|p2a: Ninetales|42/100 par
|
|-weather|Hail|[upkeep]
|-damage|p1a: Hatterene|25/100|[from] Hail
|upkeep
|turn|11
|
|t:|1641837180
|switch|p1a: rotomheat|Rotom-Heat|100/100
|move|p2a: Ninetales|Blizzard|p1a: rotomheat
|-resisted|p1a: rotomheat
|-damage|p1a: rotomheat|70/100
|
|-weather|Hail|[upkeep]
|-damage|p1a: rotomheat|64/100|[from] Hail
|upkeep
|turn|12
|
|t:|1641837197
|switch|p2a: Urshifu|Urshifu-Rapid-Strike, M|74/100
|move|p1a: rotomheat|Overheat|p2a: Urshifu
|-resisted|p2a: Urshifu
|-damage|p2a: Urshifu|34/100
|-unboost|p1a: rotomheat|spa|2
|
|-weather|none
|upkeep
|turn|13
|
|t:|1641837211
|switch|p1a: Hippowdon|Hippowdon, F|49/100 tox
|-weather|Sandstorm|[from] ability: Sand Stream|[of] p1a: Hippowdon
|move|p2a: Urshifu|Surging Strikes|p1a: Hippowdon
|-supereffective|p1a: Hippowdon
|-crit|p1a: Hippowdon
|-damage|p1a: Hippowdon|20/100 tox
|-damage|p2a: Urshifu|17/100|[from] item: Rocky Helmet|[of] p1a: Hippowdon
|-supereffective|p1a: Hippowdon
|-crit|p1a: Hippowdon
|-damage|p1a: Hippowdon|0 fnt
|-damage|p2a: Urshifu|0 fnt|[from] item: Rocky Helmet|[of] p1a: Hippowdon
|faint|p1a: Hippowdon
|faint|p2a: Urshifu
|-hitcount|p1: Hippowdon|2
|
|-weather|Sandstorm|[upkeep]
|upkeep
|
|t:|1641837236
|switch|p2a: Dragapult|Dragapult, F|100/100
|switch|p1a: rotomheat|Rotom-Heat|64/100
|turn|14
|
|t:|1641837241
|move|p2a: Dragapult|Steel Wing|p1a: rotomheat
|-resisted|p1a: rotomheat
|-damage|p1a: rotomheat|56/100
|move|p1a: rotomheat|Overheat|p2a: Dragapult
|-resisted|p2a: Dragapult
|-damage|p2a: Dragapult|61/100
|-unboost|p1a: rotomheat|spa|2
|
|-weather|Sandstorm|[upkeep]
|-damage|p2a: Dragapult|55/100|[from] Sandstorm
|-damage|p1a: rotomheat|50/100|[from] Sandstorm
|upkeep
|turn|15
|
|t:|1641837255
|switch|p2a: Ninetales|Ninetales-Alola, M|42/100 par
|-weather|Hail|[from] ability: Snow Warning|[of] p2a: Ninetales
|switch|p1a: Seismitoad|Seismitoad, F|100/100
|
|-weather|Hail|[upkeep]
|-damage|p1a: Seismitoad|95/100|[from] Hail
|upkeep
|turn|16
|
|t:|1641837263
|move|p1a: Seismitoad|Earthquake|p2a: Ninetales
|-damage|p2a: Ninetales|0 fnt
|faint|p2a: Ninetales
|
|-weather|Hail|[upkeep]
|-damage|p1a: Seismitoad|89/100|[from] Hail
|upkeep
|
|t:|1641837273
|switch|p2a: Dragapult|Dragapult, F|55/100
|turn|17
|
|t:|1641837276
|move|p2a: Dragapult|Dragon Darts|p1a: Seismitoad
|-damage|p1a: Seismitoad|56/100
|-anim|p2a: Dragapult|Dragon Darts|p1a: Seismitoad
|-damage|p1a: Seismitoad|27/100
|move|p1a: Seismitoad|Earthquake|p2a: Dragapult
|-damage|p2a: Dragapult|0 fnt
|faint|p2a: Dragapult
|
|-weather|Hail|[upkeep]
|-damage|p1a: Seismitoad|21/100|[from] Hail
|upkeep
|
|t:|1641837285
|switch|p2a: Magnezone|Magnezone|100/100
|turn|18
|
|t:|1641837290
|move|p1a: Seismitoad|Earthquake|p2a: Magnezone
|-supereffective|p2a: Magnezone
|-damage|p2a: Magnezone|0 fnt
|faint|p2a: Magnezone
|
|win|DumbLick1337
|raw|DumbLick1337's rating: 1313 &rarr; <strong>1329</strong><br />(+16 for winning)
|raw|EyitsJohn's rating: 1239 &rarr; <strong>1219</strong><br />(-20 for losing)
|c|☆DumbLick1337|gg
