|j|☆big man pringle!!!
|j|☆Chaotic Raos
|t:|1641771033
|gametype|singles
|player|p1|big man pringle!!!|hiker-gen4|
|player|p2|Chaotic Raos|266|
|teamsize|p1|6
|teamsize|p2|6
|gen|8
|tier|[Gen 8] OU
|rule|Sleep Clause Mod: Limit one foe put to sleep
|rule|Species Clause: Limit one of each Pokémon
|rule|OHKO Clause: OHKO moves are banned
|rule|Evasion Moves Clause: Evasion moves are banned
|rule|Endless Battle Clause: Forcing endless battles is banned
|rule|HP Percentage Mod: HP is shown in percentages
|rule|Dynamax Clause: You cannot dynamax
|clearpoke
|poke|p1|Regirock|
|poke|p1|Heatran, F|
|poke|p1|Conkeldurr, M|
|poke|p1|Landorus-Therian, M|
|poke|p1|Dragalge, M|
|poke|p1|Noctowl, M|
|poke|p2|Golisopod, M|
|poke|p2|Ferrothorn, M|
|poke|p2|Excadrill, M|
|poke|p2|Urshifu-*, M|
|poke|p2|Terrakion|
|poke|p2|Magnezone|
|teampreview
|c|☆Chaotic Raos|glhf
|
|t:|1641771055
|start
|switch|p1a: Landorus|Landorus-Therian, M|100/100
|switch|p2a: Ferrothorn|Ferrothorn, M|100/100
|-ability|p1a: Landorus|Intimidate|boost
|-unboost|p2a: Ferrothorn|atk|1
|turn|1
|
|t:|1641771063
|move|p1a: Landorus|Knock Off|p2a: Ferrothorn
|-damage|p2a: Ferrothorn|71/100
|-damage|p1a: Landorus|88/100|[from] ability: Iron Barbs|[of] p2a: Ferrothorn
|-enditem|p2a: Ferrothorn|Leftovers|[from] move: Knock Off|[of] p1a: Landorus
|move|p2a: Ferrothorn|Stealth Rock|p1a: Landorus
|-sidestart|p1: big man pringle!!!|move: Stealth Rock
|
|upkeep
|turn|2
|
|t:|1641771073
|switch|p1a: Noctowl|Noctowl, M|100/100
|move|p2a: Ferrothorn|Leech Seed|p1a: Noctowl
|-start|p1a: Noctowl|move: Leech Seed
|
|-damage|p1a: Noctowl|88/100|[from] Leech Seed|[of] p2a: Ferrothorn
|-heal|p2a: Ferrothorn|85/100|[silent]
|upkeep
|turn|3
|
|t:|1641771080
|move|p1a: Noctowl|Defog|p2a: Ferrothorn
|-unboost|p2a: Ferrothorn|evasion|1
|-sideend|p1: big man pringle!!!|Stealth Rock|[from] move: Defog|[of] p1a: Noctowl
|move|p2a: Ferrothorn|Iron Defense|p2a: Ferrothorn
|-boost|p2a: Ferrothorn|def|2
|
|-damage|p1a: Noctowl|76/100|[from] Leech Seed|[of] p2a: Ferrothorn
|-heal|p2a: Ferrothorn|99/100|[silent]
|upkeep
|turn|4
|
|t:|1641771088
|switch|p1a: Heatran|Heatran, F|100/100
|-item|p1a: Heatran|Air Balloon
|move|p2a: Ferrothorn|Body Press|p1a: Heatran
|-supereffective|p1a: Heatran
|-damage|p1a: Heatran|27/100
|-enditem|p1a: Heatran|Air Balloon
|
|upkeep
|turn|5
|
|t:|1641771105
|switch|p2a: Golisopod|Golisopod, M|100/100
|move|p1a: Heatran|Magma Storm|p2a: Golisopod|[miss]
|-miss|p1a: Heatran|p2a: Golisopod
|
|upkeep
|turn|6
|
|t:|1641771119
|switch|p1a: Dragalge|Dragalge, M|100/100
|move|p2a: Golisopod|Aqua Jet|p1a: Dragalge
|-resisted|p1a: Dragalge
|-damage|p1a: Dragalge|88/100
|
|-heal|p1a: Dragalge|94/100|[from] item: Black Sludge
|upkeep
|turn|7
|
|t:|1641771128
|switch|p2a: Ferrothorn|Ferrothorn, M|99/100
|move|p1a: Dragalge|Flip Turn|p2a: Ferrothorn
|-resisted|p2a: Ferrothorn
|-damage|p2a: Ferrothorn|95/100
|-damage|p1a: Dragalge|82/100|[from] ability: Iron Barbs|[of] p2a: Ferrothorn
|
|t:|1641771135
|switch|p1a: Heatran|Heatran, F|27/100|[from]move: Flip Turn
|
|upkeep
|turn|8
|
|t:|1641771141
|switch|p2a: Golisopod|Golisopod, M|100/100
|move|p1a: Heatran|Magma Storm|p2a: Golisopod
|-damage|p2a: Golisopod|71/100
|-activate|p2a: Golisopod|move: Magma Storm|[of] p1a: Heatran
|
|-damage|p2a: Golisopod|59/100|[from] move: Magma Storm|[partiallytrapped]
|upkeep
|turn|9
|
|t:|1641771153
|switch|p1a: Landorus|Landorus-Therian, M|88/100
|-ability|p1a: Landorus|Intimidate|boost
|-unboost|p2a: Golisopod|atk|1
|move|p2a: Golisopod|Aqua Jet|p1a: Landorus
|-supereffective|p1a: Landorus
|-damage|p1a: Landorus|53/100
|
|-end|p2a: Golisopod|Magma Storm|[partiallytrapped]|[silent]
|upkeep
|turn|10
|
|t:|1641771162
|move|p2a: Golisopod|Aqua Jet|p1a: Landorus
|-supereffective|p1a: Landorus
|-damage|p1a: Landorus|17/100
|move|p1a: Landorus|Knock Off|p2a: Golisopod
|-damage|p2a: Golisopod|32/100
|-enditem|p2a: Golisopod|Assault Vest|[from] move: Knock Off|[of] p1a: Landorus
|-activate|p2a: Golisopod|ability: Emergency Exit
|
|t:|1641771171
|switch|p2a: Urshifu|Urshifu-Rapid-Strike, M|100/100
|
|upkeep
|turn|11
|
|t:|1641771180
|switch|p1a: Dragalge|Dragalge, M|82/100
|move|p2a: Urshifu|Aqua Jet|p1a: Dragalge
|-resisted|p1a: Dragalge
|-damage|p1a: Dragalge|70/100
|
|-heal|p1a: Dragalge|76/100|[from] item: Black Sludge
|upkeep
|turn|12
|
|t:|1641771196
|move|p2a: Urshifu|U-turn|p1a: Dragalge
|-resisted|p1a: Dragalge
|-damage|p1a: Dragalge|62/100
|
|t:|1641771203
|switch|p2a: Ferrothorn|Ferrothorn, M|95/100|[from]move: U-turn
|move|p1a: Dragalge|Dragon Pulse|p2a: Ferrothorn
|-resisted|p2a: Ferrothorn
|-damage|p2a: Ferrothorn|79/100
|
|-heal|p1a: Dragalge|68/100|[from] item: Black Sludge
|upkeep
|turn|13
|
|t:|1641771212
|move|p1a: Dragalge|Toxic Spikes|p2a: Ferrothorn
|-sidestart|p2: Chaotic Raos|move: Toxic Spikes
|move|p2a: Ferrothorn|Leech Seed|p1a: Dragalge
|-start|p1a: Dragalge|move: Leech Seed
|
|-heal|p1a: Dragalge|74/100|[from] item: Black Sludge
|-damage|p1a: Dragalge|62/100|[from] Leech Seed|[of] p2a: Ferrothorn
|-heal|p2a: Ferrothorn|91/100|[silent]
|upkeep
|turn|14
|
|t:|1641771219
|move|p1a: Dragalge|Toxic Spikes|p2a: Ferrothorn
|-sidestart|p2: Chaotic Raos|move: Toxic Spikes
|move|p2a: Ferrothorn|Stealth Rock|p1a: Dragalge
|-sidestart|p1: big man pringle!!!|move: Stealth Rock
|
|-heal|p1a: Dragalge|68/100|[from] item: Black Sludge
|-damage|p1a: Dragalge|56/100|[from] Leech Seed|[of] p2a: Ferrothorn
|-heal|p2a: Ferrothorn|100/100|[silent]
|upkeep
|turn|15
|
|t:|1641771228
|switch|p1a: Noctowl|Noctowl, M|76/100
|move|p2a: Ferrothorn|Body Press|p1a: Noctowl
|-damage|p1a: Noctowl|42/100
|
|upkeep
|turn|16
|
|t:|1641771236
|move|p1a: Noctowl|Magic Coat|p1a: Noctowl
|-singleturn|p1a: Noctowl|move: Magic Coat
|move|p2a: Ferrothorn|Leech Seed|p1a: Noctowl
|move|p1a: Noctowl|Leech Seed|p2a: Ferrothorn|[from]Magic Coat
|-immune|p2a: Ferrothorn
|
|upkeep
|turn|17
|
|t:|1641771243
|move|p1a: Noctowl|Roost|p1a: Noctowl
|-heal|p1a: Noctowl|92/100
|-singleturn|p1a: Noctowl|move: Roost
|move|p2a: Ferrothorn|Iron Defense|p2a: Ferrothorn
|-boost|p2a: Ferrothorn|def|2
|
|upkeep
|turn|18
|
|t:|1641771255
|move|p1a: Noctowl|Air Slash|p2a: Ferrothorn
|-crit|p2a: Ferrothorn
|-damage|p2a: Ferrothorn|80/100
|move|p2a: Ferrothorn|Body Press|p1a: Noctowl
|-damage|p1a: Noctowl|25/100
|
|upkeep
|turn|19
|
|t:|1641771263
|move|p1a: Noctowl|Air Slash|p2a: Ferrothorn
|-damage|p2a: Ferrothorn|65/100
|move|p2a: Ferrothorn|Body Press|p1a: Noctowl
|-damage|p1a: Noctowl|0 fnt
|faint|p1a: Noctowl
|
|upkeep
|
|t:|1641771275
|switch|p1a: Conkeldurr|Conkeldurr, M|100/100
|-damage|p1a: Conkeldurr|94/100|[from] Stealth Rock
|turn|20
|
|t:|1641771284
|move|p1a: Conkeldurr|Drain Punch|p2a: Ferrothorn
|-supereffective|p2a: Ferrothorn
|-damage|p2a: Ferrothorn|29/100
|-heal|p1a: Conkeldurr|100/100|[from] drain|[of] p2a: Ferrothorn
|-damage|p1a: Conkeldurr|88/100|[from] ability: Iron Barbs|[of] p2a: Ferrothorn
|move|p2a: Ferrothorn|Leech Seed|p1a: Conkeldurr
|-start|p1a: Conkeldurr|move: Leech Seed
|
|-damage|p1a: Conkeldurr|76/100|[from] Leech Seed|[of] p2a: Ferrothorn
|-heal|p2a: Ferrothorn|43/100|[silent]
|-status|p1a: Conkeldurr|brn|[from] item: Flame Orb
|upkeep
|turn|21
|
|t:|1641771309
|move|p1a: Conkeldurr|Drain Punch|p2a: Ferrothorn
|-supereffective|p2a: Ferrothorn
|-damage|p2a: Ferrothorn|0 fnt
|-heal|p1a: Conkeldurr|94/100 brn|[from] drain|[of] p2a: Ferrothorn
|-damage|p1a: Conkeldurr|82/100 brn|[from] ability: Iron Barbs|[of] p2a: Ferrothorn
|faint|p2a: Ferrothorn
|
|-damage|p1a: Conkeldurr|76/100 brn|[from] brn
|upkeep
|
|t:|1641771320
|switch|p2a: Golisopod|Golisopod, M|32/100
|-status|p2a: Golisopod|tox
|turn|22
|
|t:|1641771338
|move|p2a: Golisopod|First Impression|p1a: Conkeldurr
|-resisted|p1a: Conkeldurr
|-damage|p1a: Conkeldurr|53/100 brn
|move|p1a: Conkeldurr|Drain Punch|p2a: Golisopod
|-resisted|p2a: Golisopod
|-damage|p2a: Golisopod|8/100 tox
|-heal|p1a: Conkeldurr|63/100 brn|[from] drain|[of] p2a: Golisopod
|
|-damage|p1a: Conkeldurr|51/100 brn|[from] Leech Seed|[of] p2a: Golisopod
|-heal|p2a: Golisopod|23/100 tox|[silent]
|-damage|p2a: Golisopod|17/100 tox|[from] psn
|-damage|p1a: Conkeldurr|45/100 brn|[from] brn
|upkeep
|turn|23
|
|t:|1641771368
|switch|p1a: Dragalge|Dragalge, M|56/100
|-damage|p1a: Dragalge|43/100|[from] Stealth Rock
|move|p2a: Golisopod|Aqua Jet|p1a: Dragalge
|-resisted|p1a: Dragalge
|-damage|p1a: Dragalge|30/100
|
|-heal|p1a: Dragalge|36/100|[from] item: Black Sludge
|-damage|p2a: Golisopod|4/100 tox|[from] psn
|upkeep
|turn|24
|
|t:|1641771379
|move|p1a: Dragalge|Dragon Pulse|p2a: Golisopod
|-damage|p2a: Golisopod|0 fnt
|faint|p2a: Golisopod
|
|-heal|p1a: Dragalge|42/100|[from] item: Black Sludge
|upkeep
|
|t:|1641771385
|switch|p2a: Excadrill|Excadrill, M|100/100
|turn|25
|
|t:|1641771393
|move|p2a: Excadrill|Rapid Spin|p1a: Dragalge
|-damage|p1a: Dragalge|20/100
|-boost|p2a: Excadrill|spe|1
|-sideend|p2: Chaotic Raos|Toxic Spikes|[from] move: Rapid Spin|[of] p2a: Excadrill
|move|p1a: Dragalge|Flip Turn|p2a: Excadrill
|-supereffective|p2a: Excadrill
|-damage|p2a: Excadrill|72/100
|
|t:|1641771407
|switch|p1a: Landorus|Landorus-Therian, M|17/100|[from]move: Flip Turn
|-damage|p1a: Landorus|5/100|[from] Stealth Rock
|-ability|p1a: Landorus|Intimidate|boost
|-unboost|p2a: Excadrill|atk|1
|
|-heal|p2a: Excadrill|78/100|[from] item: Leftovers
|upkeep
|turn|26
|
|t:|1641771419
|move|p1a: Landorus|Earthquake|p2a: Excadrill
|-supereffective|p2a: Excadrill
|-damage|p2a: Excadrill|0 fnt
|faint|p2a: Excadrill
|
|upkeep
|
|t:|1641771424
|switch|p2a: Urshifu|Urshifu-Rapid-Strike, M|100/100
|turn|27
|
|t:|1641771431
|move|p2a: Urshifu|Aqua Jet|p1a: Landorus
|-supereffective|p1a: Landorus
|-damage|p1a: Landorus|0 fnt
|faint|p1a: Landorus
|
|upkeep
|
|t:|1641771452
|switch|p1a: Regirock|Regirock|100/100
|-damage|p1a: Regirock|88/100|[from] Stealth Rock
|turn|28
|
|t:|1641771461
|move|p2a: Urshifu|Surging Strikes|p1a: Regirock
|-supereffective|p1a: Regirock
|-crit|p1a: Regirock
|-damage|p1a: Regirock|71/100
|-supereffective|p1a: Regirock
|-crit|p1a: Regirock
|-damage|p1a: Regirock|56/100
|-supereffective|p1a: Regirock
|-crit|p1a: Regirock
|-damage|p1a: Regirock|40/100
|-hitcount|p1a: Regirock|3
|move|p1a: Regirock|Thunder Wave|p2a: Urshifu
|-status|p2a: Urshifu|par
|
|upkeep
|turn|29
|
|t:|1641771475
|move|p2a: Urshifu|Surging Strikes|p1a: Regirock
|-supereffective|p1a: Regirock
|-crit|p1a: Regirock
|-damage|p1a: Regirock|25/100
|-enditem|p1a: Regirock|Figy Berry|[eat]
|-heal|p1a: Regirock|58/100|[from] item: Figy Berry
|-supereffective|p1a: Regirock
|-crit|p1a: Regirock
|-damage|p1a: Regirock|44/100
|-supereffective|p1a: Regirock
|-crit|p1a: Regirock
|-damage|p1a: Regirock|27/100
|-hitcount|p1a: Regirock|3
|move|p1a: Regirock|Stealth Rock|p2a: Urshifu
|-sidestart|p2: Chaotic Raos|move: Stealth Rock
|
|upkeep
|turn|30
|
|t:|1641771491
|move|p2a: Urshifu|Surging Strikes|p1a: Regirock
|-supereffective|p1a: Regirock
|-crit|p1a: Regirock
|-damage|p1a: Regirock|10/100
|-supereffective|p1a: Regirock
|-crit|p1a: Regirock
|-damage|p1a: Regirock|0 fnt
|faint|p1a: Regirock
|-hitcount|p1: Regirock|2
|
|upkeep
|
|t:|1641771499
|switch|p1a: Dragalge|Dragalge, M|20/100
|-damage|p1a: Dragalge|8/100|[from] Stealth Rock
|turn|31
|
|t:|1641771507
|move|p2a: Urshifu|U-turn|p1a: Dragalge
|-resisted|p1a: Dragalge
|-damage|p1a: Dragalge|0 fnt
|faint|p1a: Dragalge
|
|t:|1641771522
|switch|p2a: Magnezone|Magnezone|100/100|[from]move: U-turn
|-damage|p2a: Magnezone|94/100|[from] Stealth Rock
|
|upkeep
|
|t:|1641771528
|switch|p1a: Heatran|Heatran, F|27/100
|-damage|p1a: Heatran|15/100|[from] Stealth Rock
|turn|32
|
|t:|1641771535
|move|p1a: Heatran|Magma Storm|p2a: Magnezone
|-supereffective|p2a: Magnezone
|-damage|p2a: Magnezone|3/100
|-activate|p2a: Magnezone|move: Magma Storm|[of] p1a: Heatran
|move|p2a: Magnezone|Thunderbolt|p1a: Heatran
|-damage|p1a: Heatran|0 fnt
|faint|p1a: Heatran
|
|-end|p2a: Magnezone|Magma Storm|[partiallytrapped]|[silent]
|upkeep
|
|t:|1641771542
|switch|p1a: Conkeldurr|Conkeldurr, M|45/100 brn
|-damage|p1a: Conkeldurr|39/100 brn|[from] Stealth Rock
|turn|33
|
|t:|1641771545
|move|p1a: Conkeldurr|Mach Punch|p2a: Magnezone
|-supereffective|p2a: Magnezone
|-damage|p2a: Magnezone|0 fnt
|faint|p2a: Magnezone
|
|-damage|p1a: Conkeldurr|33/100 brn|[from] brn
|upkeep
|
|t:|1641771554
|switch|p2a: Terrakion|Terrakion|100/100
|-damage|p2a: Terrakion|94/100|[from] Stealth Rock
|turn|34
|
|t:|1641771575
|move|p1a: Conkeldurr|Mach Punch|p2a: Terrakion
|-supereffective|p2a: Terrakion
|-damage|p2a: Terrakion|6/100
|move|p2a: Terrakion|Close Combat|p1a: Conkeldurr
|-damage|p1a: Conkeldurr|0 fnt
|-unboost|p2a: Terrakion|def|1
|-unboost|p2a: Terrakion|spd|1
|faint|p1a: Conkeldurr
|
|win|Chaotic Raos
|c|☆Chaotic Raos|gg
|c|☆big man pringle!!!|gg
