|j|☆DumbLick1337
|j|☆mushed shrooms
|t:|1641836605
|gametype|singles
|player|p1|DumbLick1337|102|1343
|player|p2|mushed shrooms|veteran|1448
|teamsize|p1|6
|teamsize|p2|6
|gen|8
|tier|[Gen 8] OU
|rated|
|rule|Sleep Clause Mod: Limit one foe put to sleep
|rule|Species Clause: Limit one of each Pokémon
|rule|OHKO Clause: OHKO moves are banned
|rule|Evasion Moves Clause: Evasion moves are banned
|rule|Endless Battle Clause: Forcing endless battles is banned
|rule|HP Percentage Mod: HP is shown in percentages
|rule|Dynamax Clause: You cannot dynamax
|clearpoke
|poke|p1|Seismitoad, F|
|poke|p1|Rotom-Heat|
|poke|p1|Corviknight, F|
|poke|p1|Hatterene, F|
|poke|p1|Dragapult, F|
|poke|p1|Hippowdon, M|
|poke|p2|Blacephalon|
|poke|p2|Weavile, F|
|poke|p2|Dragapult, M|
|poke|p2|Garchomp, F|
|poke|p2|Tapu Fini|
|poke|p2|Corviknight, F|
|teampreview
|inactive|Battle timer is ON: inactive players will automatically lose when time's up. (requested by mushed shrooms)
|
|t:|1641836610
|start
|switch|p1a: Hatterene|Hatterene, F|100/100
|switch|p2a: Weavile|Weavile, F|100/100
|-ability|p2a: Weavile|Pressure
|turn|1
|c|☆DumbLick1337|hf
|inactive|DumbLick1337 also wants the timer to be on.
|
|t:|1641836616
|move|p2a: Weavile|Triple Axel|p1a: Hatterene
|-crit|p1a: Hatterene
|-damage|p1a: Hatterene|75/100
|-hitcount|p1a: Hatterene|1
|move|p1a: Hatterene|Mystical Fire|p2a: Weavile
|-supereffective|p2a: Weavile
|-damage|p2a: Weavile|26/100
|-unboost|p2a: Weavile|spa|1
|
|upkeep
|turn|2
|
|t:|1641836622
|move|p2a: Weavile|Triple Axel|p1a: Hatterene
|-damage|p1a: Hatterene|59/100
|-damage|p1a: Hatterene|28/100
|-damage|p1a: Hatterene|0 fnt
|faint|p1a: Hatterene
|-hitcount|p1: Hatterene|3
|
|upkeep
|
|t:|1641836622
|switch|p1a: Hippowdon|Hippowdon, M|100/100
|-weather|Sandstorm|[from] ability: Sand Stream|[of] p1a: Hippowdon
|turn|3
|
|t:|1641836627
|move|p2a: Weavile|Triple Axel|p1a: Hippowdon
|-supereffective|p1a: Hippowdon
|-damage|p1a: Hippowdon|86/100
|-damage|p2a: Weavile|10/100|[from] item: Rocky Helmet|[of] p1a: Hippowdon
|-supereffective|p1a: Hippowdon
|-damage|p1a: Hippowdon|57/100
|-damage|p2a: Weavile|0 fnt|[from] item: Rocky Helmet|[of] p1a: Hippowdon
|faint|p2a: Weavile
|-hitcount|p1a: Hippowdon|2
|move|p1a: Hippowdon|Earthquake|p2: Weavile|[notarget]
|-fail|p1a: Hippowdon
|
|-weather|Sandstorm|[upkeep]
|upkeep
|
|t:|1641836636
|switch|p2a: Tapu Fini|Tapu Fini|100/100
|turn|4
|
|t:|1641836644
|switch|p1a: Corviknight|Corviknight, F|100/100
|-ability|p1a: Corviknight|Pressure
|move|p2a: Tapu Fini|Moonblast|p1a: Corviknight
|-resisted|p1a: Corviknight
|-damage|p1a: Corviknight|82/100
|
|-weather|Sandstorm|[upkeep]
|-damage|p2a: Tapu Fini|94/100|[from] Sandstorm
|-heal|p1a: Corviknight|89/100|[from] item: Leftovers
|upkeep
|turn|5
|
|t:|1641836650
|switch|p2a: Blacephalon|Blacephalon|100/100
|move|p1a: Corviknight|Iron Head|p2a: Blacephalon
|-resisted|p2a: Blacephalon
|-damage|p2a: Blacephalon|75/100
|
|-weather|Sandstorm|[upkeep]
|-damage|p2a: Blacephalon|69/100|[from] Sandstorm
|-heal|p1a: Corviknight|95/100|[from] item: Leftovers
|upkeep
|turn|6
|
|t:|1641836654
|switch|p1a: Hippowdon|Hippowdon, M|57/100
|move|p2a: Blacephalon|Shadow Ball|p1a: Hippowdon
|-damage|p1a: Hippowdon|5/100
|-unboost|p1a: Hippowdon|spd|1
|
|-weather|Sandstorm|[upkeep]
|-damage|p2a: Blacephalon|62/100|[from] Sandstorm
|upkeep
|turn|7
|
|t:|1641836656
|switch|p1a: Corviknight|Corviknight, F|95/100
|-ability|p1a: Corviknight|Pressure
|move|p2a: Blacephalon|Shadow Ball|p1a: Corviknight
|-damage|p1a: Corviknight|51/100
|
|-weather|none
|-heal|p1a: Corviknight|58/100|[from] item: Leftovers
|upkeep
|turn|8
|
|t:|1641836664
|switch|p2a: Dragapult|Dragapult, M|100/100
|move|p1a: Corviknight|Roost|p1a: Corviknight
|-heal|p1a: Corviknight|100/100
|-singleturn|p1a: Corviknight|move: Roost
|
|upkeep
|turn|9
|
|t:|1641836672
|move|p2a: Dragapult|Flamethrower|p1a: Corviknight
|-supereffective|p1a: Corviknight
|-damage|p1a: Corviknight|35/100
|move|p1a: Corviknight|Roost|p1a: Corviknight
|-heal|p1a: Corviknight|85/100
|-singleturn|p1a: Corviknight|move: Roost
|
|-heal|p1a: Corviknight|91/100|[from] item: Leftovers
|upkeep
|turn|10
|
|t:|1641836675
|switch|p1a: Seismitoad|Seismitoad, F|100/100
|move|p2a: Dragapult|Flamethrower|p1a: Seismitoad
|-resisted|p1a: Seismitoad
|-damage|p1a: Seismitoad|75/100
|
|upkeep
|turn|11
|
|t:|1641836679
|switch|p2a: Tapu Fini|Tapu Fini|94/100
|move|p1a: Seismitoad|Liquidation|p2a: Tapu Fini
|-resisted|p2a: Tapu Fini
|-damage|p2a: Tapu Fini|62/100
|
|upkeep
|turn|12
|
|t:|1641836685
|move|p2a: Tapu Fini|Moonblast|p1a: Seismitoad
|-damage|p1a: Seismitoad|26/100
|move|p1a: Seismitoad|Liquidation|p2a: Tapu Fini
|-resisted|p2a: Tapu Fini
|-damage|p2a: Tapu Fini|30/100
|
|upkeep
|turn|13
|
|t:|1641836689
|switch|p1a: rotomheat|Rotom-Heat|100/100
|move|p2a: Tapu Fini|Moonblast|p1a: rotomheat
|-resisted|p1a: rotomheat
|-damage|p1a: rotomheat|75/100
|-unboost|p1a: rotomheat|spa|1
|
|upkeep
|turn|14
|
|t:|1641836693
|switch|p2a: Garchomp|Garchomp, F|100/100
|move|p1a: rotomheat|Overheat|p2a: Garchomp
|-resisted|p2a: Garchomp
|-damage|p2a: Garchomp|78/100
|-unboost|p1a: rotomheat|spa|2
|
|-heal|p2a: Garchomp|84/100|[from] item: Leftovers
|upkeep
|turn|15
|
|t:|1641836695
|switch|p1a: Corviknight|Corviknight, F|91/100
|-ability|p1a: Corviknight|Pressure
|move|p2a: Garchomp|Swords Dance|p2a: Garchomp
|-boost|p2a: Garchomp|atk|2
|
|-heal|p2a: Garchomp|90/100|[from] item: Leftovers
|-heal|p1a: Corviknight|97/100|[from] item: Leftovers
|upkeep
|turn|16
|
|t:|1641836703
|move|p2a: Garchomp|Scale Shot|p1a: Corviknight
|-resisted|p1a: Corviknight
|-damage|p1a: Corviknight|89/100
|-resisted|p1a: Corviknight
|-damage|p1a: Corviknight|80/100
|-resisted|p1a: Corviknight
|-damage|p1a: Corviknight|71/100
|-resisted|p1a: Corviknight
|-damage|p1a: Corviknight|63/100
|-hitcount|p1a: Corviknight|4
|-unboost|p2a: Garchomp|def|1
|-boost|p2a: Garchomp|spe|1
|move|p1a: Corviknight|Roost|p1a: Corviknight
|-heal|p1a: Corviknight|100/100
|-singleturn|p1a: Corviknight|move: Roost
|
|-heal|p2a: Garchomp|96/100|[from] item: Leftovers
|upkeep
|turn|17
|
|t:|1641836705
|move|p2a: Garchomp|Swords Dance|p2a: Garchomp
|-boost|p2a: Garchomp|atk|2
|move|p1a: Corviknight|Roost||[still]
|-fail|p1a: Corviknight|heal
|
|-heal|p2a: Garchomp|100/100|[from] item: Leftovers
|upkeep
|turn|18
|
|t:|1641836707
|switch|p1a: Hippowdon|Hippowdon, M|5/100
|-weather|Sandstorm|[from] ability: Sand Stream|[of] p1a: Hippowdon
|move|p2a: Garchomp|Fire Fang|p1a: Hippowdon
|-damage|p1a: Hippowdon|0 fnt
|-damage|p2a: Garchomp|84/100|[from] item: Rocky Helmet|[of] p1a: Hippowdon
|faint|p1a: Hippowdon
|
|-weather|Sandstorm|[upkeep]
|-heal|p2a: Garchomp|90/100|[from] item: Leftovers
|upkeep
|
|t:|1641836707
|switch|p1a: Corviknight|Corviknight, F|100/100
|-ability|p1a: Corviknight|Pressure
|turn|19
|
|t:|1641836709
|switch|p1a: Seismitoad|Seismitoad, F|26/100
|move|p2a: Garchomp|Fire Fang|p1a: Seismitoad
|-resisted|p1a: Seismitoad
|-damage|p1a: Seismitoad|0 fnt
|faint|p1a: Seismitoad
|
|-weather|Sandstorm|[upkeep]
|-heal|p2a: Garchomp|96/100|[from] item: Leftovers
|upkeep
|
|t:|1641836709
|switch|p1a: Corviknight|Corviknight, F|100/100
|-ability|p1a: Corviknight|Pressure
|turn|20
|
|t:|1641836711
|move|p2a: Garchomp|Fire Fang|p1a: Corviknight
|-supereffective|p1a: Corviknight
|-damage|p1a: Corviknight|10/100
|-status|p1a: Corviknight|brn
|move|p1a: Corviknight|Iron Head|p2a: Garchomp
|-damage|p2a: Garchomp|78/100
|-damage|p1a: Corviknight|0 fnt|[from] ability: Rough Skin|[of] p2a: Garchomp
|faint|p1a: Corviknight
|
|-weather|Sandstorm|[upkeep]
|-heal|p2a: Garchomp|84/100|[from] item: Leftovers
|upkeep
|
|t:|1641836711
|switch|p1a: rotomheat|Rotom-Heat|75/100
|turn|21
|
|t:|1641836715
|move|p2a: Garchomp|Scale Shot|p1a: rotomheat
|-damage|p1a: rotomheat|23/100
|-damage|p1a: rotomheat|0 fnt
|faint|p1a: rotomheat
|-hitcount|p1: rotomheat|2
|-unboost|p2a: Garchomp|def|1
|-boost|p2a: Garchomp|spe|1
|
|-weather|Sandstorm|[upkeep]
|-heal|p2a: Garchomp|90/100|[from] item: Leftovers
|upkeep
|
|t:|1641836715
|switch|p1a: Dragapult|Dragapult, F|100/100
|turn|22
|
|t:|1641836718
|move|p2a: Garchomp|Earthquake|p1a: Dragapult
|-damage|p1a: Dragapult|0 fnt
|faint|p1a: Dragapult
|
|win|mushed shrooms
|raw|DumbLick1337's rating: 1343 &rarr; <strong>1329</strong><br />(-14 for losing)
|raw|mushed shrooms's rating: 1448 &rarr; <strong>1462</strong><br />(+14 for winning)
|c|☆DumbLick1337|gg
