|j|☆GalarianN00b
|j|☆LittleMissBashful
|t:|1641772386
|gametype|singles
|player|p1|GalarianN00b|ethan|1564
|player|p2|LittleMissBashful|waitress-gen4|1561
|teamsize|p1|6
|teamsize|p2|6
|gen|8
|tier|[Gen 8] OU
|rated|
|rule|Sleep Clause Mod: Limit one foe put to sleep
|rule|Species Clause: Limit one of each Pokémon
|rule|OHKO Clause: OHKO moves are banned
|rule|Evasion Moves Clause: Evasion moves are banned
|rule|Endless Battle Clause: Forcing endless battles is banned
|rule|HP Percentage Mod: HP is shown in percentages
|rule|Dynamax Clause: You cannot dynamax
|clearpoke
|poke|p1|Torkoal, M|
|poke|p1|Venusaur, F|
|poke|p1|Blaziken, M|
|poke|p1|Charizard, F|
|poke|p1|Landorus-Therian, M|
|poke|p1|Tapu Fini|
|poke|p2|Nihilego|
|poke|p2|Tapu Lele|
|poke|p2|Magnezone|
|poke|p2|Weavile, F|
|poke|p2|Slowbro, F|
|poke|p2|Landorus-Therian, M|
|teampreview
|inactive|Battle timer is ON: inactive players will automatically lose when time's up. (requested by GalarianN00b)
|
|t:|1641772422
|start
|switch|p1a: Tapu Fini|Tapu Fini|100/100
|switch|p2a: Nihilego|Nihilego, shiny|100/100
|-fieldstart|move: Misty Terrain|[from] ability: Misty Surge|[of] p1a: Tapu Fini
|turn|1
|
|t:|1641772431
|move|p2a: Nihilego|Sludge Bomb|p1a: Tapu Fini
|-supereffective|p1a: Tapu Fini
|-damage|p1a: Tapu Fini|22/100
|move|p1a: Tapu Fini|Nature's Madness|p2a: Nihilego
|-damage|p2a: Nihilego|51/100
|
|-heal|p1a: Tapu Fini|28/100|[from] item: Leftovers
|upkeep
|turn|2
|
|t:|1641772458
|switch|p1a: Landorus|Landorus-Therian, M|100/100
|-ability|p1a: Landorus|Intimidate|boost
|-unboost|p2a: Nihilego|atk|1
|move|p2a: Nihilego|Sludge Bomb|p1a: Landorus
|-resisted|p1a: Landorus
|-damage|p1a: Landorus|64/100
|
|-heal|p1a: Landorus|70/100|[from] item: Leftovers
|upkeep
|turn|3
|
|t:|1641772466
|switch|p2a: Landorus|Landorus-Therian, M|100/100
|-ability|p2a: Landorus|Intimidate|boost
|-unboost|p1a: Landorus|atk|1
|move|p1a: Landorus|U-turn|p2a: Landorus
|-resisted|p2a: Landorus
|-damage|p2a: Landorus|94/100
|
|t:|1641772473
|switch|p1a: Charizard|Charizard, F|100/100|[from]move: U-turn
|
|-heal|p2a: Landorus|99/100|[from] item: Leftovers
|upkeep
|turn|4
|
|t:|1641772479
|move|p1a: Charizard|Overheat|p2a: Landorus
|-damage|p2a: Landorus|16/100
|-unboost|p1a: Charizard|spa|2
|move|p2a: Landorus|Stealth Rock|p1a: Charizard
|-sidestart|p1: GalarianN00b|move: Stealth Rock
|
|-heal|p2a: Landorus|22/100|[from] item: Leftovers
|upkeep
|turn|5
|
|t:|1641772487
|switch|p1a: Landorus|Landorus-Therian, M|70/100
|-damage|p1a: Landorus|57/100|[from] Stealth Rock
|-ability|p1a: Landorus|Intimidate|boost
|-unboost|p2a: Landorus|atk|1
|move|p2a: Landorus|U-turn|p1a: Landorus
|-resisted|p1a: Landorus
|-damage|p1a: Landorus|52/100
|
|t:|1641772493
|switch|p2a: Weavile|Weavile, F|100/100|[from]move: U-turn
|
|-heal|p1a: Landorus|58/100|[from] item: Leftovers
|-fieldend|Misty Terrain
|upkeep
|turn|6
|
|t:|1641772517
|move|p2a: Weavile|Knock Off|p1a: Landorus
|-damage|p1a: Landorus|20/100
|-enditem|p1a: Landorus|Leftovers|[from] move: Knock Off|[of] p2a: Weavile
|move|p1a: Landorus|U-turn|p2a: Weavile
|-supereffective|p2a: Weavile
|-damage|p2a: Weavile|29/100
|
|t:|1641772523
|switch|p1a: Torkoal|Torkoal, M|100/100|[from]move: U-turn
|-damage|p1a: Torkoal|75/100|[from] Stealth Rock
|-weather|SunnyDay|[from] ability: Drought|[of] p1a: Torkoal
|
|-weather|SunnyDay|[upkeep]
|upkeep
|turn|7
|
|t:|1641772531
|move|p2a: Weavile|Swords Dance|p2a: Weavile
|-boost|p2a: Weavile|atk|2
|move|p1a: Torkoal|Rapid Spin|p2a: Weavile
|-damage|p2a: Weavile|11/100
|-boost|p1a: Torkoal|spe|1
|-sideend|p1: GalarianN00b|Stealth Rock|[from] move: Rapid Spin|[of] p1a: Torkoal
|
|-weather|SunnyDay|[upkeep]
|upkeep
|turn|8
|
|t:|1641772543
|switch|p1a: Tapu Fini|Tapu Fini|28/100
|-fieldstart|move: Misty Terrain|[from] ability: Misty Surge|[of] p1a: Tapu Fini
|move|p2a: Weavile|Knock Off|p1a: Tapu Fini
|-resisted|p1a: Tapu Fini
|-damage|p1a: Tapu Fini|0 fnt
|-enditem|p1a: Tapu Fini|Leftovers|[from] move: Knock Off|[of] p2a: Weavile
|faint|p1a: Tapu Fini
|
|-weather|SunnyDay|[upkeep]
|upkeep
|j| jeanmilapipe
|
|t:|1641772554
|switch|p1a: Blaziken|Blaziken, M|100/100
|-item|p1a: Blaziken|Air Balloon
|turn|9
|
|t:|1641772560
|move|p1a: Blaziken|Protect|p1a: Blaziken
|-singleturn|p1a: Blaziken|Protect
|move|p2a: Weavile|Ice Shard|p1a: Blaziken
|-activate|p1a: Blaziken|move: Protect
|
|-weather|SunnyDay|[upkeep]
|-ability|p1a: Blaziken|Speed Boost|boost
|-boost|p1a: Blaziken|spe|1
|upkeep
|turn|10
|j| HeadphonesGirl
|j| Poliboiz
|
|t:|1641772573
|move|p2a: Weavile|Ice Shard|p1a: Blaziken
|-resisted|p1a: Blaziken
|-damage|p1a: Blaziken|65/100
|-enditem|p1a: Blaziken|Air Balloon
|move|p1a: Blaziken|Close Combat|p2a: Weavile
|-supereffective|p2a: Weavile
|-damage|p2a: Weavile|0 fnt
|-unboost|p1a: Blaziken|def|1
|-unboost|p1a: Blaziken|spd|1
|faint|p2a: Weavile
|
|-weather|SunnyDay|[upkeep]
|-ability|p1a: Blaziken|Speed Boost|boost
|-boost|p1a: Blaziken|spe|1
|upkeep
|
|t:|1641772579
|switch|p2a: Slowbro|Slowbro, F|100/100
|turn|11
|
|t:|1641772592
|switch|p1a: Venusaur|Venusaur, F|100/100
|switch|p2a: Landorus|Landorus-Therian, M|22/100
|-ability|p2a: Landorus|Intimidate|boost
|-unboost|p1a: Venusaur|atk|1
|
|-weather|SunnyDay|[upkeep]
|-heal|p2a: Landorus|28/100|[from] item: Leftovers
|upkeep
|turn|12
|j| CoreyTrevorSmokes
|
|t:|1641772600
|move|p1a: Venusaur|Weather Ball|p2a: Landorus
|-damage|p2a: Landorus|0 fnt
|faint|p2a: Landorus
|-damage|p1a: Venusaur|91/100|[from] item: Life Orb
|
|-weather|SunnyDay|[upkeep]
|-fieldend|Misty Terrain
|upkeep
|
|t:|1641772619
|switch|p2a: Nihilego|Nihilego, shiny|51/100
|turn|13
|
|t:|1641772633
|switch|p1a: Landorus|Landorus-Therian, M|20/100
|-ability|p1a: Landorus|Intimidate|boost
|-unboost|p2a: Nihilego|atk|1
|switch|p2a: Slowbro|Slowbro, F|100/100
|
|-weather|none
|upkeep
|turn|14
|
|t:|1641772641
|move|p1a: Landorus|Toxic|p2a: Slowbro
|-status|p2a: Slowbro|tox
|move|p2a: Slowbro|Future Sight|p1a: Landorus
|-start|p2a: Slowbro|move: Future Sight
|
|-damage|p2a: Slowbro|94/100 tox|[from] psn
|upkeep
|turn|15
|
|t:|1641772647
|move|p1a: Landorus|U-turn|p2a: Slowbro
|-supereffective|p2a: Slowbro
|-damage|p2a: Slowbro|56/100 tox
|
|t:|1641772650
|switch|p1a: Torkoal|Torkoal, M|75/100|[from]move: U-turn
|-weather|SunnyDay|[from] ability: Drought|[of] p1a: Torkoal
|move|p2a: Slowbro|Scald|p1a: Torkoal
|-supereffective|p1a: Torkoal
|-damage|p1a: Torkoal|37/100
|
|-weather|SunnyDay|[upkeep]
|-damage|p2a: Slowbro|44/100 tox|[from] psn
|upkeep
|turn|16
|
|t:|1641772660
|switch|p1a: Landorus|Landorus-Therian, M|20/100
|-ability|p1a: Landorus|Intimidate|boost
|-unboost|p2a: Slowbro|atk|1
|move|p2a: Slowbro|Future Sight||[still]
|-fail|p2a: Slowbro
|
|-weather|SunnyDay|[upkeep]
|-end|p1a: Landorus|move: Future Sight
|-damage|p1a: Landorus|0 fnt
|faint|p1a: Landorus
|-damage|p2a: Slowbro|26/100 tox|[from] psn
|upkeep
|
|t:|1641772675
|switch|p1a: Blaziken|Blaziken, M|65/100
|turn|17
|
|t:|1641772682
|move|p1a: Blaziken|Flare Blitz|p2a: Slowbro
|-resisted|p2a: Slowbro
|-damage|p2a: Slowbro|0 fnt
|faint|p2a: Slowbro
|-damage|p1a: Blaziken|54/100|[from] Recoil
|
|-weather|SunnyDay|[upkeep]
|-ability|p1a: Blaziken|Speed Boost|boost
|-boost|p1a: Blaziken|spe|1
|upkeep
|
|t:|1641772688
|switch|p2a: Tapu Lele|Tapu Lele|100/100
|-fieldstart|move: Psychic Terrain|[from] ability: Psychic Surge|[of] p2a: Tapu Lele
|turn|18
|
|t:|1641772693
|move|p1a: Blaziken|Protect|p1a: Blaziken
|-singleturn|p1a: Blaziken|Protect
|move|p2a: Tapu Lele|Psyshock|p1a: Blaziken
|-activate|p1a: Blaziken|move: Protect
|
|-weather|SunnyDay|[upkeep]
|-ability|p1a: Blaziken|Speed Boost|boost
|-boost|p1a: Blaziken|spe|1
|upkeep
|turn|19
|
|t:|1641772700
|move|p1a: Blaziken|Flare Blitz|p2a: Tapu Lele
|-damage|p2a: Tapu Lele|0 fnt
|faint|p2a: Tapu Lele
|-damage|p1a: Blaziken|23/100|[from] Recoil
|
|-weather|SunnyDay|[upkeep]
|-ability|p1a: Blaziken|Speed Boost|boost
|-boost|p1a: Blaziken|spe|1
|upkeep
|-message|LittleMissBashful forfeited.
|
|win|GalarianN00b
|raw|GalarianN00b's rating: 1564 &rarr; <strong>1584</strong><br />(+20 for winning)
|raw|LittleMissBashful's rating: 1561 &rarr; <strong>1541</strong><br />(-20 for losing)
|l|☆LittleMissBashful
