|j|☆Mochi_Dani 3
|j|☆support pikachu
|t:|1641805155
|gametype|singles
|player|p1|Mochi_Dani 3|266|
|player|p2|support pikachu|2|
|teamsize|p1|6
|teamsize|p2|6
|gen|8
|tier|[Gen 8] OU
|rule|Sleep Clause Mod: Limit one foe put to sleep
|rule|Species Clause: Limit one of each Pokémon
|rule|OHKO Clause: OHKO moves are banned
|rule|Evasion Moves Clause: Evasion moves are banned
|rule|Endless Battle Clause: Forcing endless battles is banned
|rule|HP Percentage Mod: HP is shown in percentages
|rule|Dynamax Clause: You cannot dynamax
|clearpoke
|poke|p1|Pelipper, M|
|poke|p1|Barraskewda, F|
|poke|p1|Regieleki|
|poke|p1|Tapu Lele|
|poke|p1|Landorus-Therian, M|
|poke|p1|Ferrothorn, F|
|poke|p2|Azumarill, M|
|poke|p2|Salazzle, F|
|poke|p2|Malamar, F|
|poke|p2|Riolu, M|
|poke|p2|Excadrill, F|
|poke|p2|Araquanid, F|
|teampreview
|j| DTrident
|
|t:|1641805179
|start
|switch|p1a: Pelipper|Pelipper, M|100/100
|switch|p2a: Araquanid|Araquanid, F|100/100
|-weather|RainDance|[from] ability: Drizzle|[of] p1a: Pelipper
|turn|1
|
|t:|1641805187
|move|p1a: Pelipper|Hurricane|p2a: Araquanid
|-supereffective|p2a: Araquanid
|-damage|p2a: Araquanid|0 fnt
|faint|p2a: Araquanid
|
|-weather|RainDance|[upkeep]
|upkeep
|
|t:|1641805215
|switch|p2a: Riolu|Riolu, M|100/100
|turn|2
|
|t:|1641805219
|move|p1a: Pelipper|Hurricane|p2a: Riolu
|-supereffective|p2a: Riolu
|-enditem|p2a: Riolu|Focus Sash
|-damage|p2a: Riolu|1/100
|-start|p2a: Riolu|confusion
|-activate|p2a: Riolu|confusion
|move|p2a: Riolu|Reversal|p1a: Pelipper
|-resisted|p1a: Pelipper
|-damage|p1a: Pelipper|52/100
|
|-weather|RainDance|[upkeep]
|upkeep
|turn|3
|
|t:|1641805229
|-activate|p2a: Riolu|confusion
|move|p2a: Riolu|Copycat|p2a: Riolu
|move|p2a: Riolu|Reversal|p1a: Pelipper|[from]move: Copycat
|-resisted|p1a: Pelipper
|-damage|p1a: Pelipper|4/100
|move|p1a: Pelipper|Hurricane|p2a: Riolu
|-supereffective|p2a: Riolu
|-damage|p2a: Riolu|0 fnt
|faint|p2a: Riolu
|
|-weather|RainDance|[upkeep]
|upkeep
|
|t:|1641805241
|switch|p2a: Excadrill|Excadrill, F|100/100
|-ability|p2a: Excadrill|Mold Breaker
|turn|4
|
|t:|1641805256
|switch|p1a: Barraskewda|Barraskewda, F|100/100
|move|p2a: Excadrill|Iron Head|p1a: Barraskewda
|-resisted|p1a: Barraskewda
|-damage|p1a: Barraskewda|40/100
|
|-weather|RainDance|[upkeep]
|upkeep
|turn|5
|
|t:|1641805277
|switch|p2a: Azumarill|Azumarill, M|100/100
|move|p1a: Barraskewda|Flip Turn|p2a: Azumarill
|-resisted|p2a: Azumarill
|-damage|p2a: Azumarill|73/100
|
|t:|1641805283
|switch|p1a: Regieleki|Regieleki|100/100|[from]move: Flip Turn
|
|-weather|none
|-heal|p2a: Azumarill|79/100|[from] item: Leftovers
|upkeep
|turn|6
|
|t:|1641805293
|switch|p2a: Excadrill|Excadrill, F|100/100
|-ability|p2a: Excadrill|Mold Breaker
|move|p1a: Regieleki|Electro Ball|p2a: Excadrill
|-immune|p2a: Excadrill
|
|upkeep
|turn|7
|
|t:|1641805303
|switch|p1a: Landorus|Landorus-Therian, M|100/100
|-ability|p1a: Landorus|Intimidate|boost
|-unboost|p2a: Excadrill|atk|1
|move|p2a: Excadrill|Rock Tomb|p1a: Landorus
|-damage|p1a: Landorus|82/100
|-unboost|p1a: Landorus|spe|1
|
|-heal|p1a: Landorus|88/100|[from] item: Leftovers
|upkeep
|turn|8
|
|t:|1641805319
|switch|p2a: Malamar|Malamar, F|100/100
|move|p1a: Landorus|Earthquake|p2a: Malamar
|-damage|p2a: Malamar|39/100
|
|-heal|p2a: Malamar|45/100|[from] item: Leftovers
|-heal|p1a: Landorus|94/100|[from] item: Leftovers
|upkeep
|turn|9
|
|t:|1641805330
|switch|p2a: Azumarill|Azumarill, M|79/100
|move|p1a: Landorus|Earthquake|p2a: Azumarill
|-damage|p2a: Azumarill|49/100
|
|-heal|p1a: Landorus|99/100|[from] item: Leftovers
|-heal|p2a: Azumarill|55/100|[from] item: Leftovers
|upkeep
|turn|10
|
|t:|1641805347
|switch|p1a: Ferrothorn|Ferrothorn, F|100/100
|move|p2a: Azumarill|Perish Song|p2a: Azumarill
|-start|p1a: Ferrothorn|perish3|[silent]
|-start|p2a: Azumarill|perish3|[silent]
|-fieldactivate|move: Perish Song
|
|-heal|p2a: Azumarill|61/100|[from] item: Leftovers
|-start|p2a: Azumarill|perish3
|-start|p1a: Ferrothorn|perish3
|upkeep
|turn|11
|
|t:|1641805362
|move|p2a: Azumarill|Whirlpool|p1a: Ferrothorn
|-resisted|p1a: Ferrothorn
|-damage|p1a: Ferrothorn|98/100
|-activate|p1a: Ferrothorn|move: Whirlpool|[of] p2a: Azumarill
|move|p1a: Ferrothorn|Iron Head|p2a: Azumarill
|-damage|p2a: Azumarill|43/100
|
|-heal|p2a: Azumarill|49/100|[from] item: Leftovers
|-heal|p1a: Ferrothorn|100/100|[from] item: Leftovers
|-damage|p1a: Ferrothorn|88/100|[from] move: Whirlpool|[partiallytrapped]
|-start|p2a: Azumarill|perish2
|-start|p1a: Ferrothorn|perish2
|upkeep
|turn|12
|
|t:|1641805382
|move|p2a: Azumarill|Protect|p2a: Azumarill
|-singleturn|p2a: Azumarill|Protect
|move|p1a: Ferrothorn|Knock Off|p2a: Azumarill
|-activate|p2a: Azumarill|move: Protect
|
|-heal|p2a: Azumarill|55/100|[from] item: Leftovers
|-heal|p1a: Ferrothorn|94/100|[from] item: Leftovers
|-damage|p1a: Ferrothorn|82/100|[from] move: Whirlpool|[partiallytrapped]
|-start|p2a: Azumarill|perish1
|-start|p1a: Ferrothorn|perish1
|upkeep
|turn|13
|
|t:|1641805395
|switch|p2a: Malamar|Malamar, F|45/100
|move|p1a: Ferrothorn|Knock Off|p2a: Malamar
|-damage|p2a: Malamar|21/100
|-enditem|p2a: Malamar|Leftovers|[from] move: Knock Off|[of] p1a: Ferrothorn
|
|-heal|p1a: Ferrothorn|88/100|[from] item: Leftovers
|-end|p1a: Ferrothorn|Whirlpool|[partiallytrapped]|[silent]
|-start|p1a: Ferrothorn|perish0
|upkeep
|faint|p1a: Ferrothorn
|
|t:|1641805410
|switch|p1a: Tapu Lele|Tapu Lele|100/100
|-fieldstart|move: Psychic Terrain|[from] ability: Psychic Surge|[of] p1a: Tapu Lele
|turn|14
|
|t:|1641805434
|switch|p2a: Excadrill|Excadrill, F|100/100
|-ability|p2a: Excadrill|Mold Breaker
|move|p1a: Tapu Lele|Moonblast|p2a: Excadrill
|-resisted|p2a: Excadrill
|-damage|p2a: Excadrill|62/100
|
|upkeep
|turn|15
|
|t:|1641805445
|switch|p1a: Landorus|Landorus-Therian, M|99/100
|-ability|p1a: Landorus|Intimidate|boost
|-unboost|p2a: Excadrill|atk|1
|move|p2a: Excadrill|Iron Head|p1a: Landorus
|-damage|p1a: Landorus|65/100
|
|-heal|p1a: Landorus|71/100|[from] item: Leftovers
|upkeep
|turn|16
|
|t:|1641805454
|switch|p2a: Azumarill|Azumarill, M|55/100
|move|p1a: Landorus|Earthquake|p2a: Azumarill
|-damage|p2a: Azumarill|21/100
|
|-heal|p1a: Landorus|77/100|[from] item: Leftovers
|-heal|p2a: Azumarill|27/100|[from] item: Leftovers
|upkeep
|turn|17
|
|t:|1641805466
|move|p1a: Landorus|Earthquake|p2a: Azumarill
|-damage|p2a: Azumarill|0 fnt
|faint|p2a: Azumarill
|
|-heal|p1a: Landorus|83/100|[from] item: Leftovers
|upkeep
|
|t:|1641805478
|switch|p2a: Salazzle|Salazzle, F|100/100
|turn|18
|
|t:|1641805481
|move|p2a: Salazzle|Toxic|p1a: Landorus
|-status|p1a: Landorus|tox
|move|p1a: Landorus|Earthquake|p2a: Salazzle
|-supereffective|p2a: Salazzle
|-damage|p2a: Salazzle|0 fnt
|faint|p2a: Salazzle
|
|-heal|p1a: Landorus|89/100 tox|[from] item: Leftovers
|-damage|p1a: Landorus|83/100 tox|[from] psn
|-fieldend|move: Psychic Terrain
|upkeep
|
|t:|1641805498
|switch|p2a: Excadrill|Excadrill, F|62/100
|-ability|p2a: Excadrill|Mold Breaker
|turn|19
|
|t:|1641805504
|move|p2a: Excadrill|Iron Head|p1a: Landorus
|-damage|p1a: Landorus|29/100 tox
|move|p1a: Landorus|Earthquake|p2a: Excadrill
|-supereffective|p2a: Excadrill
|-damage|p2a: Excadrill|0 fnt
|faint|p2a: Excadrill
|
|-heal|p1a: Landorus|35/100 tox|[from] item: Leftovers
|-damage|p1a: Landorus|23/100 tox|[from] psn
|upkeep
|
|t:|1641805513
|switch|p2a: Malamar|Malamar, F|21/100
|turn|20
|
|t:|1641805517
|move|p2a: Malamar|Superpower|p1a: Landorus
|-resisted|p1a: Landorus
|-damage|p1a: Landorus|9/100 tox
|-boost|p2a: Malamar|atk|1
|-boost|p2a: Malamar|def|1
|move|p1a: Landorus|Earthquake|p2a: Malamar
|-damage|p2a: Malamar|0 fnt
|faint|p2a: Malamar
|
|win|Mochi_Dani 3
|l|☆support pikachu
