|j|☆Ghidx
|j|☆darthputin
|t:|1641774648
|gametype|singles
|player|p1|Ghidx|lucas|1421
|player|p2|darthputin|265|1379
|teamsize|p1|6
|teamsize|p2|6
|gen|8
|tier|[Gen 8] OU
|rated|
|rule|Sleep Clause Mod: Limit one foe put to sleep
|rule|Species Clause: Limit one of each Pokémon
|rule|OHKO Clause: OHKO moves are banned
|rule|Evasion Moves Clause: Evasion moves are banned
|rule|Endless Battle Clause: Forcing endless battles is banned
|rule|HP Percentage Mod: HP is shown in percentages
|rule|Dynamax Clause: You cannot dynamax
|clearpoke
|poke|p1|Froslass, F|
|poke|p1|Bisharp, M|
|poke|p1|Landorus-Therian, M|
|poke|p1|Zapdos-Galar|
|poke|p1|Dragapult, F|
|poke|p1|Heatran, M|
|poke|p2|Dragonite, M|
|poke|p2|Tapu Koko|
|poke|p2|Blissey, F|
|poke|p2|Ditto|
|poke|p2|Kartana|
|poke|p2|Hawlucha, F|
|teampreview
|inactive|Battle timer is ON: inactive players will automatically lose when time's up. (requested by darthputin)
|
|t:|1641774654
|start
|switch|p1a: Heatran|Heatran, M|100/100
|switch|p2a: Kartana|Kartana|100/100
|turn|1
|
|t:|1641774659
|move|p2a: Kartana|Swords Dance|p2a: Kartana
|-boost|p2a: Kartana|atk|2
|move|p1a: Heatran|Earth Power|p2a: Kartana
|-damage|p2a: Kartana|23/100
|
|-heal|p2a: Kartana|29/100|[from] item: Leftovers
|upkeep
|turn|2
|
|t:|1641774664
|switch|p1a: Froslass|Froslass, F|100/100
|move|p2a: Kartana|Sacred Sword|p1a: Froslass
|-immune|p1a: Froslass
|
|-heal|p2a: Kartana|35/100|[from] item: Leftovers
|upkeep
|turn|3
|
|t:|1641774671
|move|p1a: Froslass|Shadow Ball|p2a: Kartana
|-damage|p2a: Kartana|0 fnt
|faint|p2a: Kartana
|
|upkeep
|
|t:|1641774680
|switch|p2a: Ditto|Ditto|100/100
|-transform|p2a: Ditto|p1a: Froslass|[from] ability: Imposter
|turn|4
|
|t:|1641774690
|switch|p1a: Heatran|Heatran, M|100/100
|move|p2a: Ditto|Shadow Ball|p1a: Heatran
|-damage|p1a: Heatran|80/100
|
|-heal|p1a: Heatran|86/100|[from] item: Leftovers
|upkeep
|turn|5
|
|t:|1641774694
|switch|p2a: Blissey|Blissey, F|100/100
|move|p1a: Heatran|Stealth Rock|p2a: Blissey
|-sidestart|p2: darthputin|move: Stealth Rock
|
|-heal|p1a: Heatran|92/100|[from] item: Leftovers
|upkeep
|turn|6
|
|t:|1641774696
|move|p1a: Heatran|Magma Storm|p2a: Blissey
|-damage|p2a: Blissey|85/100
|-activate|p2a: Blissey|move: Magma Storm|[of] p1a: Heatran
|move|p2a: Blissey|Seismic Toss|p1a: Heatran
|-damage|p1a: Heatran|66/100
|
|-heal|p1a: Heatran|72/100|[from] item: Leftovers
|-heal|p2a: Blissey|92/100|[from] item: Leftovers
|-damage|p2a: Blissey|79/100|[from] move: Magma Storm|[partiallytrapped]
|upkeep
|turn|7
|
|t:|1641774698
|move|p1a: Heatran|Taunt|p2a: Blissey
|-start|p2a: Blissey|move: Taunt
|move|p2a: Blissey|Seismic Toss|p1a: Heatran
|-damage|p1a: Heatran|46/100
|
|-heal|p1a: Heatran|52/100|[from] item: Leftovers
|-heal|p2a: Blissey|85/100|[from] item: Leftovers
|-damage|p2a: Blissey|73/100|[from] move: Magma Storm|[partiallytrapped]
|upkeep
|turn|8
|
|t:|1641774707
|switch|p1a: Dragapult|Dragapult, F|100/100
|move|p2a: Blissey|Seismic Toss|p1a: Dragapult
|-immune|p1a: Dragapult
|
|-heal|p2a: Blissey|79/100|[from] item: Leftovers
|-end|p2a: Blissey|Magma Storm|[partiallytrapped]|[silent]
|upkeep
|turn|9
|
|t:|1641774712
|move|p1a: Dragapult|U-turn|p2a: Blissey
|-damage|p2a: Blissey|64/100
|
|t:|1641774719
|switch|p1a: Landorus|Landorus-Therian, M|100/100|[from]move: U-turn
|-ability|p1a: Landorus|Intimidate|boost
|-unboost|p2a: Blissey|atk|1
|move|p2a: Blissey|Seismic Toss|p1a: Landorus
|-damage|p1a: Landorus|74/100
|
|-heal|p1a: Landorus|80/100|[from] item: Leftovers
|-heal|p2a: Blissey|70/100|[from] item: Leftovers
|-end|p2a: Blissey|move: Taunt
|upkeep
|turn|10
|
|t:|1641774728
|move|p2a: Blissey|Protect|p2a: Blissey
|-singleturn|p2a: Blissey|Protect
|move|p1a: Landorus|Earthquake|p2a: Blissey
|-activate|p2a: Blissey|move: Protect
|
|-heal|p1a: Landorus|86/100|[from] item: Leftovers
|-heal|p2a: Blissey|76/100|[from] item: Leftovers
|upkeep
|turn|11
|
|t:|1641774731
|move|p1a: Landorus|U-turn|p2a: Blissey
|-damage|p2a: Blissey|57/100
|
|t:|1641774737
|switch|p1a: Dragapult|Dragapult, F|100/100|[from]move: U-turn
|move|p2a: Blissey|Soft-Boiled|p2a: Blissey
|-heal|p2a: Blissey|100/100
|
|upkeep
|turn|12
|
|t:|1641774741
|move|p1a: Dragapult|U-turn|p2a: Blissey
|-damage|p2a: Blissey|86/100
|
|t:|1641774744
|switch|p1a: Heatran|Heatran, M|52/100|[from]move: U-turn
|move|p2a: Blissey|Toxic|p1a: Heatran
|-immune|p1a: Heatran
|
|-heal|p1a: Heatran|58/100|[from] item: Leftovers
|-heal|p2a: Blissey|92/100|[from] item: Leftovers
|upkeep
|turn|13
|
|t:|1641774745
|move|p1a: Heatran|Taunt|p2a: Blissey
|-start|p2a: Blissey|move: Taunt
|move|p2a: Blissey|Seismic Toss|p1a: Heatran
|-damage|p1a: Heatran|32/100
|
|-heal|p1a: Heatran|38/100|[from] item: Leftovers
|-heal|p2a: Blissey|98/100|[from] item: Leftovers
|upkeep
|turn|14
|
|t:|1641774748
|switch|p1a: Bisharp|Bisharp, M|100/100
|move|p2a: Blissey|Seismic Toss|p1a: Bisharp
|-damage|p1a: Bisharp|64/100
|
|-heal|p2a: Blissey|100/100|[from] item: Leftovers
|upkeep
|turn|15
|
|t:|1641774750
|move|p1a: Bisharp|Knock Off|p2a: Blissey
|-damage|p2a: Blissey|48/100
|-enditem|p2a: Blissey|Leftovers|[from] move: Knock Off|[of] p1a: Bisharp
|move|p2a: Blissey|Seismic Toss|p1a: Bisharp
|-damage|p1a: Bisharp|27/100
|
|-end|p2a: Blissey|move: Taunt
|upkeep
|turn|16
|
|t:|1641774754
|move|p2a: Blissey|Protect|p2a: Blissey
|-singleturn|p2a: Blissey|Protect
|move|p1a: Bisharp|Iron Head|p2a: Blissey
|-activate|p2a: Blissey|move: Protect
|
|upkeep
|turn|17
|
|t:|1641774757
|move|p1a: Bisharp|Iron Head|p2a: Blissey
|-damage|p2a: Blissey|10/100
|move|p2a: Blissey|Seismic Toss|p1a: Bisharp
|-damage|p1a: Bisharp|0 fnt
|faint|p1a: Bisharp
|
|upkeep
|
|t:|1641774764
|switch|p1a: Zapdos|Zapdos-Galar|100/100
|turn|18
|
|t:|1641774767
|move|p2a: Blissey|Protect|p2a: Blissey
|-singleturn|p2a: Blissey|Protect
|move|p1a: Zapdos|Brave Bird|p2a: Blissey
|-activate|p2a: Blissey|move: Protect
|
|upkeep
|turn|19
|
|t:|1641774775
|switch|p1a: Landorus|Landorus-Therian, M|86/100
|-ability|p1a: Landorus|Intimidate|boost
|-unboost|p2a: Blissey|atk|1
|move|p2a: Blissey|Soft-Boiled|p2a: Blissey
|-heal|p2a: Blissey|60/100
|
|-heal|p1a: Landorus|92/100|[from] item: Leftovers
|upkeep
|turn|20
|
|t:|1641774779
|move|p1a: Landorus|Toxic|p2a: Blissey
|-status|p2a: Blissey|tox
|move|p2a: Blissey|Soft-Boiled|p2a: Blissey
|-heal|p2a: Blissey|100/100 tox
|
|-heal|p1a: Landorus|98/100|[from] item: Leftovers
|-damage|p2a: Blissey|94/100 tox|[from] psn
|upkeep
|turn|21
|
|t:|1641774786
|-curestatus|p2a: Blissey|tox|[from] ability: Natural Cure
|switch|p2a: Tapu Koko|Tapu Koko|100/100
|-fieldstart|move: Electric Terrain|[from] ability: Electric Surge|[of] p2a: Tapu Koko
|move|p1a: Landorus|Earthquake|p2a: Tapu Koko
|-supereffective|p2a: Tapu Koko
|-damage|p2a: Tapu Koko|0 fnt
|faint|p2a: Tapu Koko
|
|-heal|p1a: Landorus|100/100|[from] item: Leftovers
|upkeep
|
|t:|1641774788
|switch|p2a: Hawlucha|Hawlucha, F|100/100
|-damage|p2a: Hawlucha|88/100|[from] Stealth Rock
|-enditem|p2a: Hawlucha|Electric Seed
|-boost|p2a: Hawlucha|def|1|[from] item: Electric Seed
|turn|22
|
|t:|1641774796
|move|p2a: Hawlucha|Swords Dance|p2a: Hawlucha
|-boost|p2a: Hawlucha|atk|2
|move|p1a: Landorus|Toxic|p2a: Hawlucha
|-status|p2a: Hawlucha|tox
|
|-damage|p2a: Hawlucha|82/100 tox|[from] psn
|upkeep
|turn|23
|
|t:|1641774799
|switch|p1a: Heatran|Heatran, M|38/100
|move|p2a: Hawlucha|Swords Dance|p2a: Hawlucha
|-boost|p2a: Hawlucha|atk|2
|
|-heal|p1a: Heatran|44/100|[from] item: Leftovers
|-damage|p2a: Hawlucha|70/100 tox|[from] psn
|upkeep
|turn|24
|
|t:|1641774805
|move|p2a: Hawlucha|Acrobatics|p1a: Heatran
|-resisted|p1a: Heatran
|-damage|p1a: Heatran|0 fnt
|faint|p1a: Heatran
|
|-damage|p2a: Hawlucha|52/100 tox|[from] psn
|upkeep
|
|t:|1641774808
|switch|p1a: Froslass|Froslass, F|100/100
|turn|25
|
|t:|1641774811
|move|p2a: Hawlucha|Acrobatics|p1a: Froslass
|-enditem|p1a: Froslass|Focus Sash
|-damage|p1a: Froslass|1/100
|move|p1a: Froslass|Ice Beam|p2a: Hawlucha
|-supereffective|p2a: Hawlucha
|-damage|p2a: Hawlucha|0 fnt
|faint|p2a: Hawlucha
|
|-fieldend|move: Electric Terrain
|upkeep
|
|t:|1641774823
|switch|p2a: Ditto|Ditto|100/100
|-damage|p2a: Ditto|88/100|[from] Stealth Rock
|-transform|p2a: Ditto|p1a: Froslass|[from] ability: Imposter
|turn|26
|
|t:|1641774832
|move|p2a: Ditto|Ice Beam|p1a: Froslass
|-resisted|p1a: Froslass
|-damage|p1a: Froslass|0 fnt
|faint|p1a: Froslass
|
|upkeep
|
|t:|1641774838
|switch|p1a: Zapdos|Zapdos-Galar|100/100
|turn|27
|
|t:|1641774840
|move|p2a: Ditto|Ice Beam|p1a: Zapdos
|-supereffective|p1a: Zapdos
|-crit|p1a: Zapdos
|-damage|p1a: Zapdos|0 fnt
|faint|p1a: Zapdos
|
|upkeep
|-message|Ghidx forfeited.
|
|win|darthputin
|raw|Ghidx's rating: 1421 &rarr; <strong>1399</strong><br />(-22 for losing)
|raw|darthputin's rating: 1379 &rarr; <strong>1401</strong><br />(+22 for winning)
|l|☆Ghidx
