|j|☆RepeatUntilDrunk9
|j|☆not a dog grrr
|t:|1641789949
|gametype|singles
|player|p1|RepeatUntilDrunk9|marlon|1201
|player|p2|not a dog grrr|dawn-gen4pt|1152
|teamsize|p1|6
|teamsize|p2|6
|gen|8
|tier|[Gen 8] OU
|rated|
|rule|Sleep Clause Mod: Limit one foe put to sleep
|rule|Species Clause: Limit one of each Pokémon
|rule|OHKO Clause: OHKO moves are banned
|rule|Evasion Moves Clause: Evasion moves are banned
|rule|Endless Battle Clause: Forcing endless battles is banned
|rule|HP Percentage Mod: HP is shown in percentages
|rule|Dynamax Clause: You cannot dynamax
|clearpoke
|poke|p1|Excadrill, F|
|poke|p1|Diggersby, F|
|poke|p1|Gigalith, F|
|poke|p1|Landorus-Therian, M|
|poke|p1|Buzzwole|
|poke|p1|Slowbro, F|
|poke|p2|Excadrill, F|
|poke|p2|Tyranitar, F|
|poke|p2|Magnezone|
|poke|p2|Dragapult, F|
|poke|p2|Tapu Fini|
|poke|p2|Tornadus-Therian, M|
|teampreview
|inactive|Battle timer is ON: inactive players will automatically lose when time's up. (requested by not a dog grrr)
|
|t:|1641789967
|start
|switch|p1a: Gigalith|Gigalith, F|100/100
|switch|p2a: Tapu Fini|Tapu Fini|100/100
|-fieldstart|move: Misty Terrain|[from] ability: Misty Surge|[of] p2a: Tapu Fini
|-weather|Sandstorm|[from] ability: Sand Stream|[of] p1a: Gigalith
|turn|1
|
|t:|1641789986
|switch|p1a: Slowbro|Slowbro, F|100/100
|move|p2a: Tapu Fini|Whirlpool|p1a: Slowbro|[miss]
|-miss|p2a: Tapu Fini|p1a: Slowbro
|
|-weather|Sandstorm|[upkeep]
|-damage|p2a: Tapu Fini|94/100|[from] Sandstorm
|-damage|p1a: Slowbro|94/100|[from] Sandstorm
|-heal|p2a: Tapu Fini|100/100|[from] item: Leftovers
|upkeep
|turn|2
|inactive|RepeatUntilDrunk9 has 120 seconds left.
|
|t:|1641790016
|move|p2a: Tapu Fini|Nature's Madness|p1a: Slowbro|[miss]
|-miss|p2a: Tapu Fini|p1a: Slowbro
|move|p1a: Slowbro|Teleport|p1a: Slowbro
|inactive|RepeatUntilDrunk9 has 120 seconds left.
|
|t:|1641790022
|switch|p1a: Diggersby|Diggersby, F|100/100|[from]move: Teleport
|
|-weather|Sandstorm|[upkeep]
|-damage|p2a: Tapu Fini|94/100|[from] Sandstorm
|-heal|p2a: Tapu Fini|100/100|[from] item: Leftovers
|upkeep
|turn|3
|inactive|RepeatUntilDrunk9 has 120 seconds left.
|
|t:|1641790045
|switch|p2a: Dragapult|Dragapult, F|100/100
|move|p1a: Diggersby|Mega Kick|p2a: Dragapult
|-immune|p2a: Dragapult
|
|-weather|Sandstorm|[upkeep]
|-damage|p2a: Dragapult|94/100|[from] Sandstorm
|-heal|p2a: Dragapult|100/100|[from] item: Leftovers
|upkeep
|turn|4
|inactive|RepeatUntilDrunk9 has 120 seconds left.
|
|t:|1641790055
|move|p2a: Dragapult|U-turn|p1a: Diggersby
|-damage|p1a: Diggersby|76/100
|
|t:|1641790056
|switch|p2a: Tornadus|Tornadus-Therian, M|100/100|[from]move: U-turn
|move|p1a: Diggersby|Earthquake|p2a: Tornadus
|-immune|p2a: Tornadus
|
|-weather|Sandstorm|[upkeep]
|-damage|p2a: Tornadus|94/100|[from] Sandstorm
|upkeep
|turn|5
|
|t:|1641790065
|switch|p1a: Landorus|Landorus-Therian, M|100/100
|-ability|p1a: Landorus|Intimidate|boost
|-unboost|p2a: Tornadus|atk|1
|move|p2a: Tornadus|U-turn|p1a: Landorus
|-resisted|p1a: Landorus
|-damage|p1a: Landorus|95/100
|
|t:|1641790070
|switch|p2a: Dragapult|Dragapult, F|100/100|[from]move: U-turn
|
|-weather|Sandstorm|[upkeep]
|-damage|p2a: Dragapult|94/100|[from] Sandstorm
|-heal|p2a: Dragapult|100/100|[from] item: Leftovers
|-fieldend|Misty Terrain
|upkeep
|turn|6
|
|t:|1641790079
|move|p2a: Dragapult|Will-O-Wisp|p1a: Landorus|[miss]
|-miss|p2a: Dragapult|p1a: Landorus
|move|p1a: Landorus|Gravity|p1a: Landorus
|-fieldstart|move: Gravity
|
|-weather|Sandstorm|[upkeep]
|-damage|p2a: Dragapult|94/100|[from] Sandstorm
|-heal|p2a: Dragapult|100/100|[from] item: Leftovers
|upkeep
|turn|7
|
|t:|1641790087
|move|p2a: Dragapult|Will-O-Wisp|p1a: Landorus
|-status|p1a: Landorus|brn
|move|p1a: Landorus|U-turn|p2a: Dragapult
|-resisted|p2a: Dragapult
|-damage|p2a: Dragapult|93/100
|
|t:|1641790093
|switch|p1a: Excadrill|Excadrill, F|100/100|[from]move: U-turn
|
|-weather|Sandstorm|[upkeep]
|-damage|p2a: Dragapult|87/100|[from] Sandstorm
|-heal|p2a: Dragapult|93/100|[from] item: Leftovers
|upkeep
|turn|8
|
|t:|1641790099
|move|p1a: Excadrill|Earthquake|p2a: Dragapult
|-damage|p2a: Dragapult|0 fnt
|faint|p2a: Dragapult
|
|-weather|none
|upkeep
|
|t:|1641790107
|switch|p2a: Excadrill|Excadrill, F|100/100
|turn|9
|
|t:|1641790112
|switch|p1a: Buzzwole|Buzzwole|100/100
|move|p2a: Excadrill|Earthquake|p1a: Buzzwole
|-resisted|p1a: Buzzwole
|-damage|p1a: Buzzwole|74/100
|-damage|p2a: Excadrill|91/100|[from] item: Life Orb
|
|upkeep
|turn|10
|
|t:|1641790128
|switch|p2a: Tornadus|Tornadus-Therian, M|100/100
|move|p1a: Buzzwole|Ice Punch|p2a: Tornadus
|-supereffective|p2a: Tornadus
|-damage|p2a: Tornadus|11/100
|-status|p2a: Tornadus|frz
|-damage|p1a: Buzzwole|64/100|[from] item: Life Orb
|
|-fieldend|move: Gravity
|upkeep
|turn|11
|
|t:|1641790145
|-curestatus|p2a: Tornadus|frz|[msg]
|move|p2a: Tornadus|Hurricane|p1a: Buzzwole
|-supereffective|p1a: Buzzwole
|-damage|p1a: Buzzwole|0 fnt
|faint|p1a: Buzzwole
|
|upkeep
|-message|RepeatUntilDrunk9 forfeited.
|
|win|not a dog grrr
|raw|RepeatUntilDrunk9's rating: 1201 &rarr; <strong>1172</strong><br />(-29 for losing)
|raw|not a dog grrr's rating: 1152 &rarr; <strong>1181</strong><br />(+29 for winning)
|l|☆RepeatUntilDrunk9
