|j|☆DumbLick1337
|j|☆Boby dojo
|t:|1641823813
|gametype|singles
|player|p1|DumbLick1337|102|1227
|player|p2|Boby dojo|266|1204
|teamsize|p1|6
|teamsize|p2|6
|gen|8
|tier|[Gen 8] OU
|rated|
|rule|Sleep Clause Mod: Limit one foe put to sleep
|rule|Species Clause: Limit one of each Pokémon
|rule|OHKO Clause: OHKO moves are banned
|rule|Evasion Moves Clause: Evasion moves are banned
|rule|Endless Battle Clause: Forcing endless battles is banned
|rule|HP Percentage Mod: HP is shown in percentages
|rule|Dynamax Clause: You cannot dynamax
|clearpoke
|poke|p1|Rotom-Heat|
|poke|p1|Corviknight, M|
|poke|p1|Clefable, F|
|poke|p1|Seismitoad, F|
|poke|p1|Hydreigon, F|
|poke|p1|Gyarados, M|
|poke|p2|Moltres|
|poke|p2|Clefable, F|
|poke|p2|Tyranitar, F|
|poke|p2|Lucario, F|
|poke|p2|Gardevoir, M|
|poke|p2|Milotic, M|
|teampreview
|
|t:|1641823817
|start
|switch|p1a: Seismitoad|Seismitoad, F|100/100
|switch|p2a: Clefable|Clefable, F|100/100
|turn|1
|c|☆DumbLick1337|hf
|inactive|Battle timer is ON: inactive players will automatically lose when time's up. (requested by DumbLick1337)
|
|t:|1641823820
|move|p1a: Seismitoad|Stealth Rock|p2a: Clefable
|-sidestart|p2: Boby dojo|move: Stealth Rock
|move|p2a: Clefable|Moonblast|p1a: Seismitoad
|-damage|p1a: Seismitoad|65/100
|
|-heal|p1a: Seismitoad|72/100|[from] item: Leftovers
|upkeep
|turn|2
|
|t:|1641823822
|move|p1a: Seismitoad|Toxic|p2a: Clefable
|-status|p2a: Clefable|tox
|move|p2a: Clefable|Stealth Rock|p1a: Seismitoad
|-sidestart|p1: DumbLick1337|move: Stealth Rock
|
|-heal|p1a: Seismitoad|78/100|[from] item: Leftovers
|upkeep
|turn|3
|
|t:|1641823824
|move|p1a: Seismitoad|Earthquake|p2a: Clefable
|-damage|p2a: Clefable|75/100 tox
|move|p2a: Clefable|Moonblast|p1a: Seismitoad
|-damage|p1a: Seismitoad|42/100
|
|-heal|p1a: Seismitoad|48/100|[from] item: Leftovers
|-heal|p2a: Clefable|81/100 tox|[from] item: Leftovers
|upkeep
|turn|4
|
|t:|1641823827
|switch|p1a: rotomheat|Rotom-Heat|100/100
|move|p2a: Clefable|Moonblast|p1a: rotomheat
|-resisted|p1a: rotomheat
|-damage|p1a: rotomheat|80/100
|
|-heal|p2a: Clefable|88/100 tox|[from] item: Leftovers
|upkeep
|turn|5
|
|t:|1641823838
|move|p1a: rotomheat|Thunderbolt|p2a: Clefable
|-damage|p2a: Clefable|48/100 tox
|move|p2a: Clefable|Moonblast|p1a: rotomheat
|-resisted|p1a: rotomheat
|-damage|p1a: rotomheat|59/100
|
|-heal|p2a: Clefable|54/100 tox|[from] item: Leftovers
|upkeep
|turn|6
|
|t:|1641823842
|move|p1a: rotomheat|Thunderbolt|p2a: Clefable
|-damage|p2a: Clefable|13/100 tox
|move|p2a: Clefable|Soft-Boiled|p2a: Clefable
|-heal|p2a: Clefable|63/100 tox
|
|-heal|p2a: Clefable|70/100 tox|[from] item: Leftovers
|upkeep
|turn|7
|
|t:|1641823845
|move|p1a: rotomheat|Thunderbolt|p2a: Clefable
|-damage|p2a: Clefable|34/100 tox
|move|p2a: Clefable|Soft-Boiled|p2a: Clefable
|-heal|p2a: Clefable|84/100 tox
|
|-heal|p2a: Clefable|90/100 tox|[from] item: Leftovers
|upkeep
|turn|8
|
|t:|1641823848
|switch|p2a: Tyranitar|Tyranitar, F|100/100
|-damage|p2a: Tyranitar|88/100|[from] Stealth Rock
|-weather|Sandstorm|[from] ability: Sand Stream|[of] p2a: Tyranitar
|move|p1a: rotomheat|Thunderbolt|p2a: Tyranitar
|-damage|p2a: Tyranitar|62/100
|
|-weather|Sandstorm|[upkeep]
|-damage|p1a: rotomheat|53/100|[from] Sandstorm
|upkeep
|turn|9
|
|t:|1641823856
|move|p1a: rotomheat|Volt Switch|p2a: Tyranitar
|-damage|p2a: Tyranitar|43/100
|
|t:|1641823856
|switch|p1a: Seismitoad|Seismitoad, F|48/100|[from]move: Volt Switch
|-damage|p1a: Seismitoad|42/100|[from] Stealth Rock
|move|p2a: Tyranitar|Dragon Dance|p2a: Tyranitar
|-boost|p2a: Tyranitar|atk|1
|-boost|p2a: Tyranitar|spe|1
|
|-weather|Sandstorm|[upkeep]
|-heal|p1a: Seismitoad|48/100|[from] item: Leftovers
|upkeep
|turn|10
|
|t:|1641823862
|move|p2a: Tyranitar|Earthquake|p1a: Seismitoad
|-damage|p1a: Seismitoad|12/100
|move|p1a: Seismitoad|Earthquake|p2a: Tyranitar
|-supereffective|p2a: Tyranitar
|-damage|p2a: Tyranitar|0 fnt
|faint|p2a: Tyranitar
|
|-weather|Sandstorm|[upkeep]
|-heal|p1a: Seismitoad|18/100|[from] item: Leftovers
|upkeep
|j| haywirehax
|
|t:|1641823872
|switch|p2a: Clefable|Clefable, F|90/100 tox
|turn|11
|
|t:|1641823874
|switch|p1a: Corviknight|Corviknight, M|100/100
|-damage|p1a: Corviknight|88/100|[from] Stealth Rock
|-ability|p1a: Corviknight|Pressure
|move|p2a: Clefable|Moonblast|p1a: Corviknight
|-resisted|p1a: Corviknight
|-damage|p1a: Corviknight|76/100
|-unboost|p1a: Corviknight|spa|1
|
|-weather|Sandstorm|[upkeep]
|-heal|p1a: Corviknight|82/100|[from] item: Leftovers
|-heal|p2a: Clefable|96/100 tox|[from] item: Leftovers
|upkeep
|turn|12
|
|t:|1641823877
|move|p1a: Corviknight|Roost|p1a: Corviknight
|-heal|p1a: Corviknight|100/100
|-singleturn|p1a: Corviknight|move: Roost
|move|p2a: Clefable|Flamethrower|p1a: Corviknight
|-supereffective|p1a: Corviknight
|-damage|p1a: Corviknight|66/100
|
|-weather|none
|-heal|p1a: Corviknight|73/100|[from] item: Leftovers
|-heal|p2a: Clefable|100/100 tox|[from] item: Leftovers
|upkeep
|turn|13
|
|t:|1641823882
|move|p1a: Corviknight|Roost|p1a: Corviknight
|-heal|p1a: Corviknight|100/100
|-singleturn|p1a: Corviknight|move: Roost
|move|p2a: Clefable|Flamethrower|p1a: Corviknight
|-supereffective|p1a: Corviknight
|-damage|p1a: Corviknight|69/100
|
|-heal|p1a: Corviknight|75/100|[from] item: Leftovers
|upkeep
|turn|14
|
|t:|1641823884
|move|p1a: Corviknight|Roost|p1a: Corviknight
|-heal|p1a: Corviknight|100/100
|-singleturn|p1a: Corviknight|move: Roost
|move|p2a: Clefable|Flamethrower|p1a: Corviknight
|-supereffective|p1a: Corviknight
|-damage|p1a: Corviknight|67/100
|-status|p1a: Corviknight|brn
|
|-heal|p1a: Corviknight|73/100 brn|[from] item: Leftovers
|-damage|p1a: Corviknight|67/100 brn|[from] brn
|upkeep
|turn|15
|
|t:|1641823887
|move|p1a: Corviknight|Roost|p1a: Corviknight
|-heal|p1a: Corviknight|100/100 brn
|-singleturn|p1a: Corviknight|move: Roost
|move|p2a: Clefable|Flamethrower|p1a: Corviknight
|-supereffective|p1a: Corviknight
|-damage|p1a: Corviknight|69/100 brn
|
|-heal|p1a: Corviknight|75/100 brn|[from] item: Leftovers
|-damage|p1a: Corviknight|69/100 brn|[from] brn
|upkeep
|turn|16
|
|t:|1641823896
|move|p1a: Corviknight|Roost|p1a: Corviknight
|-heal|p1a: Corviknight|100/100 brn
|-singleturn|p1a: Corviknight|move: Roost
|move|p2a: Clefable|Flamethrower|p1a: Corviknight
|-supereffective|p1a: Corviknight
|-damage|p1a: Corviknight|68/100 brn
|
|-heal|p1a: Corviknight|74/100 brn|[from] item: Leftovers
|-damage|p1a: Corviknight|68/100 brn|[from] brn
|upkeep
|turn|17
|
|t:|1641823900
|move|p1a: Corviknight|Roost|p1a: Corviknight
|-heal|p1a: Corviknight|100/100 brn
|-singleturn|p1a: Corviknight|move: Roost
|move|p2a: Clefable|Flamethrower|p1a: Corviknight
|-supereffective|p1a: Corviknight
|-damage|p1a: Corviknight|68/100 brn
|
|-heal|p1a: Corviknight|75/100 brn|[from] item: Leftovers
|-damage|p1a: Corviknight|68/100 brn|[from] brn
|upkeep
|turn|18
|
|t:|1641823910
|move|p1a: Corviknight|Roost|p1a: Corviknight
|-heal|p1a: Corviknight|100/100 brn
|-singleturn|p1a: Corviknight|move: Roost
|move|p2a: Clefable|Flamethrower|p1a: Corviknight
|-supereffective|p1a: Corviknight
|-damage|p1a: Corviknight|69/100 brn
|
|-heal|p1a: Corviknight|75/100 brn|[from] item: Leftovers
|-damage|p1a: Corviknight|69/100 brn|[from] brn
|upkeep
|turn|19
|
|t:|1641823912
|move|p1a: Corviknight|Roost|p1a: Corviknight
|-heal|p1a: Corviknight|100/100 brn
|-singleturn|p1a: Corviknight|move: Roost
|move|p2a: Clefable|Flamethrower|p1a: Corviknight
|-supereffective|p1a: Corviknight
|-damage|p1a: Corviknight|69/100 brn
|
|-heal|p1a: Corviknight|76/100 brn|[from] item: Leftovers
|-damage|p1a: Corviknight|69/100 brn|[from] brn
|upkeep
|turn|20
|
|t:|1641823914
|move|p1a: Corviknight|Roost|p1a: Corviknight
|-heal|p1a: Corviknight|100/100 brn
|-singleturn|p1a: Corviknight|move: Roost
|move|p2a: Clefable|Flamethrower|p1a: Corviknight
|-supereffective|p1a: Corviknight
|-damage|p1a: Corviknight|65/100 brn
|
|-heal|p1a: Corviknight|72/100 brn|[from] item: Leftovers
|-damage|p1a: Corviknight|65/100 brn|[from] brn
|upkeep
|turn|21
|
|t:|1641823917
|move|p1a: Corviknight|Roost|p1a: Corviknight
|-heal|p1a: Corviknight|100/100 brn
|-singleturn|p1a: Corviknight|move: Roost
|move|p2a: Clefable|Flamethrower|p1a: Corviknight
|-supereffective|p1a: Corviknight
|-damage|p1a: Corviknight|67/100 brn
|
|-heal|p1a: Corviknight|73/100 brn|[from] item: Leftovers
|-damage|p1a: Corviknight|67/100 brn|[from] brn
|upkeep
|turn|22
|
|t:|1641823919
|move|p1a: Corviknight|Roost|p1a: Corviknight
|-heal|p1a: Corviknight|100/100 brn
|-singleturn|p1a: Corviknight|move: Roost
|move|p2a: Clefable|Flamethrower|p1a: Corviknight
|-supereffective|p1a: Corviknight
|-damage|p1a: Corviknight|67/100 brn
|
|-heal|p1a: Corviknight|73/100 brn|[from] item: Leftovers
|-damage|p1a: Corviknight|67/100 brn|[from] brn
|upkeep
|turn|23
|
|t:|1641823922
|move|p1a: Corviknight|Roost|p1a: Corviknight
|-heal|p1a: Corviknight|100/100 brn
|-singleturn|p1a: Corviknight|move: Roost
|move|p2a: Clefable|Flamethrower|p1a: Corviknight
|-supereffective|p1a: Corviknight
|-damage|p1a: Corviknight|70/100 brn
|
|-heal|p1a: Corviknight|77/100 brn|[from] item: Leftovers
|-damage|p1a: Corviknight|70/100 brn|[from] brn
|upkeep
|turn|24
|
|t:|1641823926
|move|p1a: Corviknight|Roost|p1a: Corviknight
|-heal|p1a: Corviknight|100/100 brn
|-singleturn|p1a: Corviknight|move: Roost
|move|p2a: Clefable|Moonblast|p1a: Corviknight
|-resisted|p1a: Corviknight
|-damage|p1a: Corviknight|88/100 brn
|-unboost|p1a: Corviknight|spa|1
|
|-heal|p1a: Corviknight|95/100 brn|[from] item: Leftovers
|-damage|p1a: Corviknight|88/100 brn|[from] brn
|upkeep
|turn|25
|
|t:|1641823930
|switch|p1a: Clefable|Clefable, F|100/100
|move|p2a: Clefable|Moonblast|p1a: Clefable
|-damage|p1a: Clefable|75/100
|
|-heal|p1a: Clefable|81/100|[from] item: Leftovers
|upkeep
|turn|26
|
|t:|1641823933
|move|p1a: Clefable|Moonblast|p2a: Clefable
|-damage|p2a: Clefable|72/100 tox
|move|p2a: Clefable|Moonblast|p1a: Clefable
|-damage|p1a: Clefable|56/100
|
|-heal|p1a: Clefable|62/100|[from] item: Leftovers
|-heal|p2a: Clefable|78/100 tox|[from] item: Leftovers
|upkeep
|turn|27
|
|t:|1641823938
|switch|p2a: Moltres|Moltres|100/100
|move|p1a: Clefable|Wish|p1a: Clefable
|
|-heal|p1a: Clefable|68/100|[from] item: Leftovers
|upkeep
|turn|28
|
|t:|1641823943
|move|p2a: Moltres|Fire Blast|p1a: Clefable|[miss]
|-miss|p2a: Moltres|p1a: Clefable
|move|p1a: Clefable|Thunder Wave|p2a: Moltres
|-status|p2a: Moltres|par
|
|-heal|p1a: Clefable|100/100|[from] move: Wish|[wisher] Clefable
|upkeep
|turn|29
|
|t:|1641823949
|move|p1a: Clefable|Moonblast|p2a: Moltres
|-resisted|p2a: Moltres
|-damage|p2a: Moltres|82/100 par
|move|p2a: Moltres|U-turn|p1a: Clefable
|-resisted|p1a: Clefable
|-damage|p1a: Clefable|93/100
|
|t:|1641823952
|switch|p2a: Lucario|Lucario, F|100/100|[from]move: U-turn
|-damage|p2a: Lucario|98/100|[from] Stealth Rock
|
|-heal|p1a: Clefable|99/100|[from] item: Leftovers
|upkeep
|turn|30
|
|t:|1641823959
|move|p1a: Clefable|Protect|p1a: Clefable
|-singleturn|p1a: Clefable|Protect
|move|p2a: Lucario|Close Combat|p1a: Clefable
|-activate|p1a: Clefable|move: Protect
|
|-heal|p1a: Clefable|100/100|[from] item: Leftovers
|upkeep
|turn|31
|
|t:|1641823967
|switch|p2a: Moltres|Moltres|82/100 par
|move|p1a: Clefable|Thunder Wave|p2a: Moltres
|-fail|p2a: Moltres|par
|
|upkeep
|turn|32
|
|t:|1641823969
|move|p1a: Clefable|Moonblast|p2a: Moltres
|-resisted|p2a: Moltres
|-damage|p2a: Moltres|64/100 par
|move|p2a: Moltres|Fire Blast|p1a: Clefable|[miss]
|-miss|p2a: Moltres|p1a: Clefable
|
|upkeep
|turn|33
|-message|Boby dojo forfeited.
|
|win|DumbLick1337
|raw|DumbLick1337's rating: 1227 &rarr; <strong>1250</strong><br />(+23 for winning)
|raw|Boby dojo's rating: 1204 &rarr; <strong>1181</strong><br />(-23 for losing)
|c|☆DumbLick1337|gg
|l|☆Boby dojo
