|j|☆Mad_Tournesol
|j|☆DumbLick1337
|t:|1641823122
|gametype|singles
|player|p1|Mad_Tournesol|scientist-gen4|1157
|player|p2|DumbLick1337|102|1206
|teamsize|p1|6
|teamsize|p2|6
|gen|8
|tier|[Gen 8] OU
|rated|
|rule|Sleep Clause Mod: Limit one foe put to sleep
|rule|Species Clause: Limit one of each Pokémon
|rule|OHKO Clause: OHKO moves are banned
|rule|Evasion Moves Clause: Evasion moves are banned
|rule|Endless Battle Clause: Forcing endless battles is banned
|rule|HP Percentage Mod: HP is shown in percentages
|rule|Dynamax Clause: You cannot dynamax
|clearpoke
|poke|p1|Claydol|
|poke|p1|Steelix, F|
|poke|p1|Vikavolt, M|
|poke|p1|Toxicroak, F|
|poke|p1|Dusknoir, M|
|poke|p1|Snorlax, F|
|poke|p2|Rotom-Heat|
|poke|p2|Corviknight, M|
|poke|p2|Clefable, F|
|poke|p2|Seismitoad, F|
|poke|p2|Hydreigon, F|
|poke|p2|Gyarados, F|
|teampreview
|c|☆DumbLick1337|hf
|inactive|Battle timer is ON: inactive players will automatically lose when time's up. (requested by DumbLick1337)
|c|☆Mad_Tournesol|thanks, you too
|
|t:|1641823142
|start
|switch|p1a: Claydol|Claydol|100/100
|switch|p2a: rotomheat|Rotom-Heat|100/100
|turn|1
|j| haywirehax
|
|t:|1641823152
|move|p2a: rotomheat|Nasty Plot|p2a: rotomheat
|-boost|p2a: rotomheat|spa|2
|move|p1a: Claydol|Trick Room|p1a: Claydol
|-fieldstart|move: Trick Room|[of] p1a: Claydol
|
|upkeep
|turn|2
|
|t:|1641823159
|switch|p1a: Snorlax|Snorlax, F|100/100
|move|p2a: rotomheat|Nasty Plot|p2a: rotomheat
|-boost|p2a: rotomheat|spa|2
|
|upkeep
|turn|3
|
|t:|1641823165
|move|p1a: Snorlax|Smack Down|p2a: rotomheat
|-supereffective|p2a: rotomheat
|-damage|p2a: rotomheat|60/100
|-start|p2a: rotomheat|Smack Down
|move|p2a: rotomheat|Volt Switch|p1a: Snorlax
|-damage|p1a: Snorlax|47/100
|
|t:|1641823165
|switch|p2a: Seismitoad|Seismitoad, F|100/100|[from]move: Volt Switch
|
|-heal|p1a: Snorlax|53/100|[from] item: Leftovers
|upkeep
|turn|4
|
|t:|1641823180
|switch|p1a: Vikavolt|Vikavolt, M|100/100
|move|p2a: Seismitoad|Stealth Rock|p1a: Vikavolt
|-sidestart|p1: Mad_Tournesol|move: Stealth Rock
|
|upkeep
|turn|5
|
|t:|1641823185
|switch|p2a: Clefable|Clefable, F|100/100
|move|p1a: Vikavolt|Energy Ball|p2a: Clefable
|-damage|p2a: Clefable|70/100
|
|-heal|p2a: Clefable|76/100|[from] item: Leftovers
|-fieldend|move: Trick Room
|upkeep
|turn|6
|
|t:|1641823194
|switch|p1a: Steelix|Steelix, F|100/100
|-damage|p1a: Steelix|97/100|[from] Stealth Rock
|move|p2a: Clefable|Wish|p2a: Clefable
|
|-heal|p2a: Clefable|82/100|[from] item: Leftovers
|upkeep
|turn|7
|
|t:|1641823221
|switch|p2a: rotomheat|Rotom-Heat|60/100
|switch|p1a: Snorlax|Snorlax, F|53/100
|-damage|p1a: Snorlax|41/100|[from] Stealth Rock
|
|-heal|p2a: rotomheat|100/100|[from] move: Wish|[wisher] Clefable
|-heal|p1a: Snorlax|47/100|[from] item: Leftovers
|upkeep
|turn|8
|
|t:|1641823234
|move|p2a: rotomheat|Volt Switch|p1a: Snorlax
|-damage|p1a: Snorlax|29/100
|
|t:|1641823235
|switch|p2a: Gyarados|Gyarados, F|100/100|[from]move: Volt Switch
|move|p1a: Snorlax|Smack Down|p2a: Gyarados
|-supereffective|p2a: Gyarados
|-damage|p2a: Gyarados|58/100
|-start|p2a: Gyarados|Smack Down
|
|-heal|p2a: Gyarados|64/100|[from] item: Leftovers
|-heal|p1a: Snorlax|35/100|[from] item: Leftovers
|upkeep
|turn|9
|inactive|Mad_Tournesol has 120 seconds left.
|
|t:|1641823257
|switch|p1a: Vikavolt|Vikavolt, M|100/100
|move|p2a: Gyarados|Power Whip|p1a: Vikavolt
|-resisted|p1a: Vikavolt
|-damage|p1a: Vikavolt|78/100
|
|-heal|p2a: Gyarados|70/100|[from] item: Leftovers
|upkeep
|turn|10
|inactive|Mad_Tournesol has 120 seconds left.
|
|t:|1641823269
|switch|p2a: Hydreigon|Hydreigon, F|100/100
|move|p1a: Vikavolt|Volt Switch|p2a: Hydreigon
|-resisted|p2a: Hydreigon
|-damage|p2a: Hydreigon|76/100
|inactive|Mad_Tournesol has 120 seconds left.
|
|t:|1641823279
|switch|p1a: Claydol|Claydol|100/100|[from]move: Volt Switch
|-damage|p1a: Claydol|94/100|[from] Stealth Rock
|
|-heal|p1a: Claydol|100/100|[from] item: Leftovers
|upkeep
|turn|11
|
|t:|1641823286
|move|p2a: Hydreigon|Dark Pulse|p1a: Claydol
|-supereffective|p1a: Claydol
|-damage|p1a: Claydol|30/100
|cant|p1a: Claydol|flinch
|
|-heal|p1a: Claydol|36/100|[from] item: Leftovers
|upkeep
|turn|12
|inactive|Mad_Tournesol has 120 seconds left.
|
|t:|1641823304
|switch|p1a: Toxicroak|Toxicroak, F|100/100
|-damage|p1a: Toxicroak|94/100|[from] Stealth Rock
|move|p2a: Hydreigon|Dark Pulse|p1a: Toxicroak
|-resisted|p1a: Toxicroak
|-damage|p1a: Toxicroak|68/100
|
|upkeep
|turn|13
|
|t:|1641823311
|switch|p2a: Seismitoad|Seismitoad, F|100/100
|move|p1a: Toxicroak|Drain Punch|p2a: Seismitoad
|-damage|p2a: Seismitoad|61/100
|-heal|p1a: Toxicroak|90/100|[from] drain|[of] p2a: Seismitoad
|
|-heal|p2a: Seismitoad|67/100|[from] item: Leftovers
|upkeep
|turn|14
|inactive|Mad_Tournesol has 120 seconds left.
|
|t:|1641823327
|switch|p1a: Dusknoir|Dusknoir, M|100/100
|-damage|p1a: Dusknoir|88/100|[from] Stealth Rock
|-item|p2a: Seismitoad|Leftovers|[from] ability: Frisk|[of] p1a: Dusknoir|[identify]
|move|p2a: Seismitoad|Earthquake|p1a: Dusknoir
|-damage|p1a: Dusknoir|58/100
|
|-heal|p2a: Seismitoad|73/100|[from] item: Leftovers
|-heal|p1a: Dusknoir|64/100|[from] item: Leftovers
|upkeep
|turn|15
|inactive|Mad_Tournesol has 120 seconds left.
|
|t:|1641823338
|move|p2a: Seismitoad|Scald|p1a: Dusknoir
|-damage|p1a: Dusknoir|40/100
|move|p1a: Dusknoir|Trick Room|p1a: Dusknoir
|-fieldstart|move: Trick Room|[of] p1a: Dusknoir
|
|-heal|p1a: Dusknoir|46/100|[from] item: Leftovers
|-heal|p2a: Seismitoad|79/100|[from] item: Leftovers
|upkeep
|turn|16
|inactive|Mad_Tournesol has 120 seconds left.
|
|t:|1641823350
|move|p1a: Dusknoir|Poltergeist|p2a: Seismitoad
|-activate|p2a: Seismitoad|move: Poltergeist|Leftovers
|-crit|p2a: Seismitoad
|-damage|p2a: Seismitoad|27/100
|move|p2a: Seismitoad|Toxic|p1a: Dusknoir|[miss]
|-miss|p2a: Seismitoad|p1a: Dusknoir
|
|-heal|p1a: Dusknoir|53/100|[from] item: Leftovers
|-heal|p2a: Seismitoad|33/100|[from] item: Leftovers
|upkeep
|turn|17
|
|t:|1641823360
|switch|p2a: Clefable|Clefable, F|82/100
|move|p1a: Dusknoir|Poltergeist|p2a: Clefable
|-activate|p2a: Clefable|move: Poltergeist|Leftovers
|-damage|p2a: Clefable|33/100
|
|-heal|p1a: Dusknoir|59/100|[from] item: Leftovers
|-heal|p2a: Clefable|40/100|[from] item: Leftovers
|upkeep
|turn|18
|
|t:|1641823371
|move|p2a: Clefable|Protect|p2a: Clefable
|-singleturn|p2a: Clefable|Protect
|move|p1a: Dusknoir|Poltergeist|p2a: Clefable
|-activate|p2a: Clefable|move: Protect
|
|-heal|p1a: Dusknoir|65/100|[from] item: Leftovers
|-heal|p2a: Clefable|46/100|[from] item: Leftovers
|upkeep
|turn|19
|
|t:|1641823380
|switch|p2a: Corviknight|Corviknight, M|100/100
|-ability|p2a: Corviknight|Pressure
|move|p1a: Dusknoir|Poltergeist|p2a: Corviknight
|-activate|p2a: Corviknight|move: Poltergeist|Leftovers
|-damage|p2a: Corviknight|64/100
|
|-heal|p1a: Dusknoir|71/100|[from] item: Leftovers
|-heal|p2a: Corviknight|70/100|[from] item: Leftovers
|-fieldend|move: Trick Room
|upkeep
|turn|20
|
|t:|1641823391
|move|p2a: Corviknight|U-turn|p1a: Dusknoir
|-resisted|p1a: Dusknoir
|-damage|p1a: Dusknoir|64/100
|
|t:|1641823391
|switch|p2a: Hydreigon|Hydreigon, F|76/100|[from]move: U-turn
|move|p1a: Dusknoir|Trick Room|p1a: Dusknoir
|-fieldstart|move: Trick Room|[of] p1a: Dusknoir
|
|-heal|p1a: Dusknoir|70/100|[from] item: Leftovers
|upkeep
|turn|21
|
|t:|1641823405
|switch|p1a: Toxicroak|Toxicroak, F|90/100
|-damage|p1a: Toxicroak|83/100|[from] Stealth Rock
|move|p2a: Hydreigon|Dark Pulse|p1a: Toxicroak
|-resisted|p1a: Toxicroak
|-damage|p1a: Toxicroak|56/100
|
|upkeep
|turn|22
|
|t:|1641823412
|switch|p2a: Corviknight|Corviknight, M|70/100
|-ability|p2a: Corviknight|Pressure
|move|p1a: Toxicroak|Drain Punch|p2a: Corviknight
|-damage|p2a: Corviknight|30/100
|-heal|p1a: Toxicroak|77/100|[from] drain|[of] p2a: Corviknight
|
|-heal|p2a: Corviknight|37/100|[from] item: Leftovers
|upkeep
|turn|23
|
|t:|1641823427
|switch|p1a: Snorlax|Snorlax, F|35/100
|-damage|p1a: Snorlax|23/100|[from] Stealth Rock
|move|p2a: Corviknight|Roost|p2a: Corviknight
|-heal|p2a: Corviknight|87/100
|-singleturn|p2a: Corviknight|move: Roost
|
|-heal|p1a: Snorlax|29/100|[from] item: Leftovers
|-heal|p2a: Corviknight|93/100|[from] item: Leftovers
|upkeep
|turn|24
|
|t:|1641823437
|move|p1a: Snorlax|Rest|p1a: Snorlax
|-status|p1a: Snorlax|slp|[from] move: Rest
|-heal|p1a: Snorlax|100/100 slp|[silent]
|move|p2a: Corviknight|Brave Bird|p1a: Snorlax
|-damage|p1a: Snorlax|67/100 slp
|-damage|p2a: Corviknight|78/100|[from] Recoil
|
|-heal|p1a: Snorlax|73/100 slp|[from] item: Leftovers
|-heal|p2a: Corviknight|85/100|[from] item: Leftovers
|-fieldend|move: Trick Room
|upkeep
|turn|25
|
|t:|1641823451
|switch|p1a: Steelix|Steelix, F|97/100
|-damage|p1a: Steelix|94/100|[from] Stealth Rock
|move|p2a: Corviknight|U-turn|p1a: Steelix
|-resisted|p1a: Steelix
|-damage|p1a: Steelix|91/100
|
|t:|1641823451
|switch|p2a: Hydreigon|Hydreigon, F|76/100|[from]move: U-turn
|
|upkeep
|turn|26
|inactive|Mad_Tournesol has 120 seconds left.
|
|t:|1641823487
|move|p2a: Hydreigon|Fire Blast|p1a: Steelix
|-supereffective|p1a: Steelix
|-damage|p1a: Steelix|0 fnt
|faint|p1a: Steelix
|
|upkeep
|
|t:|1641823492
|switch|p1a: Snorlax|Snorlax, F|73/100 slp
|-damage|p1a: Snorlax|60/100 slp|[from] Stealth Rock
|turn|27
|inactive|Mad_Tournesol has 120 seconds left.
|
|t:|1641823502
|switch|p2a: Corviknight|Corviknight, M|85/100
|-ability|p2a: Corviknight|Pressure
|cant|p1a: Snorlax|slp
|
|-heal|p2a: Corviknight|91/100|[from] item: Leftovers
|-heal|p1a: Snorlax|67/100 slp|[from] item: Leftovers
|upkeep
|turn|28
|inactive|Mad_Tournesol has 120 seconds left.
|
|t:|1641823510
|move|p2a: Corviknight|Brave Bird|p1a: Snorlax
|-damage|p1a: Snorlax|31/100 slp
|-damage|p2a: Corviknight|75/100|[from] Recoil
|cant|p1a: Snorlax|slp
|
|-heal|p2a: Corviknight|82/100|[from] item: Leftovers
|-heal|p1a: Snorlax|37/100 slp|[from] item: Leftovers
|upkeep
|turn|29
|inactive|Mad_Tournesol has 120 seconds left.
|
|t:|1641823521
|move|p2a: Corviknight|Brave Bird|p1a: Snorlax
|-damage|p1a: Snorlax|3/100 slp
|-damage|p2a: Corviknight|67/100|[from] Recoil
|-curestatus|p1a: Snorlax|slp|[msg]
|move|p1a: Snorlax|Rest|p1a: Snorlax
|-status|p1a: Snorlax|slp|[from] move: Rest
|-heal|p1a: Snorlax|100/100 slp|[silent]
|
|-heal|p2a: Corviknight|73/100|[from] item: Leftovers
|upkeep
|turn|30
|inactive|Mad_Tournesol has 120 seconds left.
|
|t:|1641823536
|move|p2a: Corviknight|Brave Bird|p1a: Snorlax
|-damage|p1a: Snorlax|67/100 slp
|-damage|p2a: Corviknight|59/100|[from] Recoil
|cant|p1a: Snorlax|slp
|
|-heal|p2a: Corviknight|65/100|[from] item: Leftovers
|-heal|p1a: Snorlax|73/100 slp|[from] item: Leftovers
|upkeep
|turn|31
|
|t:|1641823544
|move|p2a: Corviknight|Brave Bird|p1a: Snorlax
|-damage|p1a: Snorlax|39/100 slp
|-damage|p2a: Corviknight|50/100|[from] Recoil
|cant|p1a: Snorlax|slp
|
|-heal|p2a: Corviknight|57/100|[from] item: Leftovers
|-heal|p1a: Snorlax|45/100 slp|[from] item: Leftovers
|upkeep
|turn|32
|
|t:|1641823553
|move|p2a: Corviknight|Brave Bird|p1a: Snorlax
|-damage|p1a: Snorlax|10/100 slp
|-damage|p2a: Corviknight|41/100|[from] Recoil
|-curestatus|p1a: Snorlax|slp|[msg]
|move|p1a: Snorlax|Rest|p1a: Snorlax
|-status|p1a: Snorlax|slp|[from] move: Rest
|-heal|p1a: Snorlax|100/100 slp|[silent]
|
|-heal|p2a: Corviknight|48/100|[from] item: Leftovers
|upkeep
|turn|33
|
|t:|1641823566
|move|p2a: Corviknight|Roost|p2a: Corviknight
|-heal|p2a: Corviknight|98/100
|-singleturn|p2a: Corviknight|move: Roost
|cant|p1a: Snorlax|slp
|
|-heal|p2a: Corviknight|100/100|[from] item: Leftovers
|upkeep
|turn|34
|
|t:|1641823573
|move|p2a: Corviknight|Brave Bird|p1a: Snorlax
|-damage|p1a: Snorlax|66/100 slp
|-damage|p2a: Corviknight|85/100|[from] Recoil
|cant|p1a: Snorlax|slp
|
|-heal|p2a: Corviknight|92/100|[from] item: Leftovers
|-heal|p1a: Snorlax|72/100 slp|[from] item: Leftovers
|upkeep
|turn|35
|
|t:|1641823584
|move|p2a: Corviknight|Brave Bird|p1a: Snorlax
|-damage|p1a: Snorlax|35/100 slp
|-damage|p2a: Corviknight|76/100|[from] Recoil
|-curestatus|p1a: Snorlax|slp|[msg]
|move|p1a: Snorlax|Smack Down|p2a: Corviknight
|-damage|p2a: Corviknight|65/100
|-start|p2a: Corviknight|Smack Down
|
|-heal|p2a: Corviknight|71/100|[from] item: Leftovers
|-heal|p1a: Snorlax|42/100|[from] item: Leftovers
|upkeep
|turn|36
|
|t:|1641823595
|move|p2a: Corviknight|Roost|p2a: Corviknight
|-heal|p2a: Corviknight|100/100
|-singleturn|p2a: Corviknight|move: Roost
|move|p1a: Snorlax|Rest|p1a: Snorlax
|-status|p1a: Snorlax|slp|[from] move: Rest
|-heal|p1a: Snorlax|100/100 slp|[silent]
|
|upkeep
|turn|37
|
|t:|1641823608
|move|p2a: Corviknight|Brave Bird|p1a: Snorlax
|-damage|p1a: Snorlax|65/100 slp
|-damage|p2a: Corviknight|85/100|[from] Recoil
|cant|p1a: Snorlax|slp
|
|-heal|p2a: Corviknight|91/100|[from] item: Leftovers
|-heal|p1a: Snorlax|71/100 slp|[from] item: Leftovers
|upkeep
|turn|38
|
|t:|1641823619
|move|p2a: Corviknight|Brave Bird|p1a: Snorlax
|-crit|p1a: Snorlax
|-damage|p1a: Snorlax|18/100 slp
|-damage|p2a: Corviknight|68/100|[from] Recoil
|cant|p1a: Snorlax|slp
|
|-heal|p2a: Corviknight|75/100|[from] item: Leftovers
|-heal|p1a: Snorlax|24/100 slp|[from] item: Leftovers
|upkeep
|turn|39
|
|t:|1641823637
|switch|p1a: Dusknoir|Dusknoir, M|70/100
|-damage|p1a: Dusknoir|58/100|[from] Stealth Rock
|-item|p2a: Corviknight|Leftovers|[from] ability: Frisk|[of] p1a: Dusknoir|[identify]
|move|p2a: Corviknight|Brave Bird|p1a: Dusknoir
|-damage|p1a: Dusknoir|26/100
|-damage|p2a: Corviknight|67/100|[from] Recoil
|
|-heal|p2a: Corviknight|73/100|[from] item: Leftovers
|-heal|p1a: Dusknoir|32/100|[from] item: Leftovers
|upkeep
|turn|40
|
|t:|1641823655
|move|p2a: Corviknight|Brave Bird|p1a: Dusknoir
|-damage|p1a: Dusknoir|0 fnt
|faint|p1a: Dusknoir
|-damage|p2a: Corviknight|65/100|[from] Recoil
|
|-heal|p2a: Corviknight|72/100|[from] item: Leftovers
|upkeep
|
|t:|1641823663
|switch|p1a: Vikavolt|Vikavolt, M|78/100
|turn|41
|
|t:|1641823671
|switch|p2a: rotomheat|Rotom-Heat|100/100
|move|p1a: Vikavolt|Thunderbolt|p2a: rotomheat
|-resisted|p2a: rotomheat
|-damage|p2a: rotomheat|62/100
|
|upkeep
|turn|42
|
|t:|1641823685
|switch|p1a: Claydol|Claydol|36/100
|-damage|p1a: Claydol|30/100|[from] Stealth Rock
|move|p2a: rotomheat|Overheat|p1a: Claydol
|-damage|p1a: Claydol|0 fnt
|-unboost|p2a: rotomheat|spa|2
|faint|p1a: Claydol
|
|upkeep
|inactive|Mad_Tournesol has 120 seconds left.
|
|t:|1641823702
|switch|p1a: Toxicroak|Toxicroak, F|77/100
|-damage|p1a: Toxicroak|71/100|[from] Stealth Rock
|turn|43
|
|t:|1641823708
|move|p2a: rotomheat|Volt Switch|p1a: Toxicroak
|-damage|p1a: Toxicroak|50/100
|
|t:|1641823708
|switch|p2a: Corviknight|Corviknight, M|72/100|[from]move: Volt Switch
|-ability|p2a: Corviknight|Pressure
|move|p1a: Toxicroak|Drain Punch|p2a: Corviknight
|-damage|p2a: Corviknight|35/100
|-heal|p1a: Toxicroak|70/100|[from] drain|[of] p2a: Corviknight
|
|-heal|p2a: Corviknight|41/100|[from] item: Leftovers
|upkeep
|turn|44
|
|t:|1641823720
|move|p1a: Toxicroak|Drain Punch|p2a: Corviknight
|-damage|p2a: Corviknight|3/100
|-heal|p1a: Toxicroak|91/100|[from] drain|[of] p2a: Corviknight
|move|p2a: Corviknight|Roost|p2a: Corviknight
|-heal|p2a: Corviknight|53/100
|-singleturn|p2a: Corviknight|move: Roost
|
|-heal|p2a: Corviknight|59/100|[from] item: Leftovers
|upkeep
|turn|45
|
|t:|1641823730
|switch|p1a: Vikavolt|Vikavolt, M|78/100
|move|p2a: Corviknight|Roost|p2a: Corviknight
|-heal|p2a: Corviknight|100/100
|-singleturn|p2a: Corviknight|move: Roost
|
|upkeep
|turn|46
|
|t:|1641823737
|move|p2a: Corviknight|U-turn|p1a: Vikavolt
|-damage|p1a: Vikavolt|63/100
|
|t:|1641823737
|switch|p2a: Clefable|Clefable, F|46/100|[from]move: U-turn
|move|p1a: Vikavolt|Thunderbolt|p2a: Clefable
|-damage|p2a: Clefable|6/100
|
|-heal|p2a: Clefable|12/100|[from] item: Leftovers
|upkeep
|turn|47
|
|t:|1641823753
|move|p2a: Clefable|Protect|p2a: Clefable
|-singleturn|p2a: Clefable|Protect
|move|p1a: Vikavolt|Bug Buzz|p2a: Clefable
|-activate|p2a: Clefable|move: Protect
|
|-heal|p2a: Clefable|18/100|[from] item: Leftovers
|upkeep
|turn|48
|
|t:|1641823761
|move|p2a: Clefable|Moonblast|p1a: Vikavolt
|-crit|p1a: Vikavolt
|-damage|p1a: Vikavolt|8/100
|move|p1a: Vikavolt|Thunderbolt|p2a: Clefable
|-damage|p2a: Clefable|0 fnt
|faint|p2a: Clefable
|
|upkeep
|
|t:|1641823761
|switch|p2a: Corviknight|Corviknight, M|100/100
|-ability|p2a: Corviknight|Pressure
|turn|49
|
|t:|1641823775
|switch|p1a: Snorlax|Snorlax, F|24/100 slp
|-damage|p1a: Snorlax|12/100 slp|[from] Stealth Rock
|move|p2a: Corviknight|Brave Bird|p1a: Snorlax
|-damage|p1a: Snorlax|0 fnt
|faint|p1a: Snorlax
|-damage|p2a: Corviknight|96/100|[from] Recoil
|
|-heal|p2a: Corviknight|100/100|[from] item: Leftovers
|upkeep
|
|t:|1641823786
|switch|p1a: Toxicroak|Toxicroak, F|91/100
|-damage|p1a: Toxicroak|85/100|[from] Stealth Rock
|turn|50
|
|t:|1641823795
|move|p1a: Toxicroak|Thunder Punch|p2a: Corviknight
|-supereffective|p2a: Corviknight
|-damage|p2a: Corviknight|51/100
|move|p2a: Corviknight|Brave Bird|p1a: Toxicroak
|-supereffective|p1a: Toxicroak
|-damage|p1a: Toxicroak|0 fnt
|faint|p1a: Toxicroak
|-damage|p2a: Corviknight|26/100|[from] Recoil
|
|-heal|p2a: Corviknight|32/100|[from] item: Leftovers
|upkeep
|
|t:|1641823805
|switch|p1a: Vikavolt|Vikavolt, M|8/100
|turn|51
|c|☆Mad_Tournesol|gg
|
|t:|1641823809
|move|p2a: Corviknight|Brave Bird|p1a: Vikavolt
|-damage|p1a: Vikavolt|0 fnt
|faint|p1a: Vikavolt
|-damage|p2a: Corviknight|30/100|[from] Recoil
|
|win|DumbLick1337
|raw|Mad_Tournesol's rating: 1157 &rarr; <strong>1136</strong><br />(-21 for losing)
|raw|DumbLick1337's rating: 1206 &rarr; <strong>1227</strong><br />(+21 for winning)
|c|☆DumbLick1337|gg
