|j|☆ASLKDGH
|j|☆Savatiny
|t:|1641879734
|gametype|singles
|player|p1|ASLKDGH|red|1380
|player|p2|Savatiny|ethan|1405
|teamsize|p1|6
|teamsize|p2|6
|gen|8
|tier|[Gen 8] OU
|rated|
|rule|Sleep Clause Mod: Limit one foe put to sleep
|rule|Species Clause: Limit one of each Pokémon
|rule|OHKO Clause: OHKO moves are banned
|rule|Evasion Moves Clause: Evasion moves are banned
|rule|Endless Battle Clause: Forcing endless battles is banned
|rule|HP Percentage Mod: HP is shown in percentages
|rule|Dynamax Clause: You cannot dynamax
|clearpoke
|poke|p1|Tyranitar, F|
|poke|p1|Tornadus-Therian, M|
|poke|p1|Tapu Lele|
|poke|p1|Gastrodon-East, M|
|poke|p1|Blaziken, M|
|poke|p1|Magnezone|
|poke|p2|Umbreon, F|
|poke|p2|Crawdaunt, F|
|poke|p2|Corviknight, F|
|poke|p2|Dragalge, M|
|poke|p2|Volcarona, M|
|poke|p2|Garchomp, F|
|teampreview
|inactive|Battle timer is ON: inactive players will automatically lose when time's up. (requested by ASLKDGH)
|
|t:|1641879757
|start
|switch|p1a: Tyranitar|Tyranitar, F|100/100
|switch|p2a: Garchomp|Garchomp, F|100/100
|-weather|Sandstorm|[from] ability: Sand Stream|[of] p1a: Tyranitar
|turn|1
|
|t:|1641879770
|switch|p2a: Umbreon|Umbreon, F|100/100
|move|p1a: Tyranitar|Ice Beam|p2a: Umbreon
|-damage|p2a: Umbreon|89/100
|
|-weather|Sandstorm|[upkeep]
|-damage|p2a: Umbreon|82/100|[from] Sandstorm
|-heal|p2a: Umbreon|89/100|[from] item: Leftovers
|upkeep
|turn|2
|
|t:|1641879780
|move|p2a: Umbreon|Wish|p2a: Umbreon
|move|p1a: Tyranitar|Stealth Rock|p2a: Umbreon
|-sidestart|p2: Savatiny|move: Stealth Rock
|
|-weather|Sandstorm|[upkeep]
|-damage|p2a: Umbreon|82/100|[from] Sandstorm
|-heal|p2a: Umbreon|89/100|[from] item: Leftovers
|upkeep
|turn|3
|
|t:|1641879797
|move|p2a: Umbreon|Foul Play|p1a: Tyranitar
|-resisted|p1a: Tyranitar
|-damage|p1a: Tyranitar|85/100
|move|p1a: Tyranitar|Rock Blast|p2a: Umbreon
|-damage|p2a: Umbreon|81/100
|-damage|p2a: Umbreon|72/100
|-damage|p2a: Umbreon|63/100
|-hitcount|p2a: Umbreon|3
|
|-weather|Sandstorm|[upkeep]
|-damage|p2a: Umbreon|57/100|[from] Sandstorm
|-heal|p2a: Umbreon|100/100|[from] move: Wish|[wisher] Umbreon
|-heal|p1a: Tyranitar|91/100|[from] item: Leftovers
|upkeep
|turn|4
|inactive|Savatiny has 120 seconds left.
|
|t:|1641879823
|switch|p1a: Blaziken|Blaziken, M|100/100
|move|p2a: Umbreon|Wish|p2a: Umbreon
|
|-weather|Sandstorm|[upkeep]
|-damage|p1a: Blaziken|95/100|[from] Sandstorm
|-damage|p2a: Umbreon|94/100|[from] Sandstorm
|-heal|p2a: Umbreon|100/100|[from] item: Leftovers
|upkeep
|turn|5
|
|t:|1641879833
|switch|p2a: Garchomp|Garchomp, F|100/100
|-damage|p2a: Garchomp|94/100|[from] Stealth Rock
|move|p1a: Blaziken|Close Combat|p2a: Garchomp
|-damage|p2a: Garchomp|29/100
|-unboost|p1a: Blaziken|def|1
|-unboost|p1a: Blaziken|spd|1
|-damage|p1a: Blaziken|82/100|[from] ability: Rough Skin|[of] p2a: Garchomp
|
|-weather|none
|-heal|p2a: Garchomp|85/100|[from] move: Wish|[wisher] Umbreon
|-heal|p2a: Garchomp|91/100|[from] item: Leftovers
|-ability|p1a: Blaziken|Speed Boost|boost
|-boost|p1a: Blaziken|spe|1
|upkeep
|turn|6
|inactive|Savatiny has 120 seconds left.
|
|t:|1641879853
|switch|p1a: Tornadus|Tornadus-Therian, M|100/100
|move|p2a: Garchomp|Dragon Claw|p1a: Tornadus
|-damage|p1a: Tornadus|55/100
|
|-heal|p2a: Garchomp|97/100|[from] item: Leftovers
|upkeep
|turn|7
|inactive|Savatiny has 120 seconds left.
|
|t:|1641879864
|move|p1a: Tornadus|Hurricane|p2a: Garchomp
|-damage|p2a: Garchomp|50/100
|move|p2a: Garchomp|Stealth Rock|p1a: Tornadus
|-sidestart|p1: ASLKDGH|move: Stealth Rock
|
|-heal|p2a: Garchomp|56/100|[from] item: Leftovers
|upkeep
|turn|8
|
|t:|1641879873
|switch|p2a: Dragalge|Dragalge, M|100/100
|-damage|p2a: Dragalge|88/100|[from] Stealth Rock
|move|p1a: Tornadus|Hurricane|p2a: Dragalge|[miss]
|-miss|p1a: Tornadus|p2a: Dragalge
|
|upkeep
|turn|9
|
|t:|1641879887
|move|p1a: Tornadus|U-turn|p2a: Dragalge
|-resisted|p2a: Dragalge
|-damage|p2a: Dragalge|80/100
|
|t:|1641879889
|switch|p1a: Gastrodon|Gastrodon-East, M|100/100|[from]move: U-turn
|-damage|p1a: Gastrodon|94/100|[from] Stealth Rock
|move|p2a: Dragalge|Dragon Pulse|p1a: Gastrodon
|-damage|p1a: Gastrodon|45/100
|
|-heal|p1a: Gastrodon|51/100|[from] item: Leftovers
|upkeep
|turn|10
|
|t:|1641879900
|move|p2a: Dragalge|Dragon Pulse|p1a: Gastrodon
|-damage|p1a: Gastrodon|8/100
|move|p1a: Gastrodon|Recover|p1a: Gastrodon
|-heal|p1a: Gastrodon|58/100
|
|-heal|p1a: Gastrodon|64/100|[from] item: Leftovers
|upkeep
|turn|11
|
|t:|1641879919
|switch|p2a: Crawdaunt|Crawdaunt, F|100/100
|-damage|p2a: Crawdaunt|88/100|[from] Stealth Rock
|switch|p1a: Tapu Lele|Tapu Lele|100/100
|-damage|p1a: Tapu Lele|88/100|[from] Stealth Rock
|-fieldstart|move: Psychic Terrain|[from] ability: Psychic Surge|[of] p1a: Tapu Lele
|
|upkeep
|turn|12
|
|t:|1641879930
|switch|p1a: Magnezone|Magnezone|100/100
|-damage|p1a: Magnezone|94/100|[from] Stealth Rock
|switch|p2a: Corviknight|Corviknight, F|100/100
|-damage|p2a: Corviknight|88/100|[from] Stealth Rock
|-ability|p2a: Corviknight|Pressure
|
|upkeep
|turn|13
|
|t:|1641879940
|move|p1a: Magnezone|Volt Switch|p2a: Corviknight
|-supereffective|p2a: Corviknight
|-damage|p2a: Corviknight|0 fnt
|faint|p2a: Corviknight
|
|t:|1641879948
|switch|p1a: Tornadus|Tornadus-Therian, M|88/100|[from]move: Volt Switch
|
|upkeep
|
|t:|1641879959
|switch|p2a: Dragalge|Dragalge, M|80/100
|-damage|p2a: Dragalge|68/100|[from] Stealth Rock
|turn|14
|
|t:|1641879963
|move|p1a: Tornadus|U-turn|p2a: Dragalge
|-resisted|p2a: Dragalge
|-damage|p2a: Dragalge|60/100
|
|t:|1641879967
|switch|p1a: Tyranitar|Tyranitar, F|91/100|[from]move: U-turn
|-damage|p1a: Tyranitar|79/100|[from] Stealth Rock
|-weather|Sandstorm|[from] ability: Sand Stream|[of] p1a: Tyranitar
|move|p2a: Dragalge|Dragon Pulse|p1a: Tyranitar
|-damage|p1a: Tyranitar|56/100
|
|-weather|Sandstorm|[upkeep]
|-damage|p2a: Dragalge|54/100|[from] Sandstorm
|-heal|p1a: Tyranitar|62/100|[from] item: Leftovers
|upkeep
|turn|15
|
|t:|1641879979
|switch|p1a: Tapu Lele|Tapu Lele|88/100
|-damage|p1a: Tapu Lele|76/100|[from] Stealth Rock
|switch|p2a: Umbreon|Umbreon, F|100/100
|-damage|p2a: Umbreon|88/100|[from] Stealth Rock
|
|-weather|Sandstorm|[upkeep]
|-damage|p1a: Tapu Lele|70/100|[from] Sandstorm
|-damage|p2a: Umbreon|82/100|[from] Sandstorm
|-heal|p2a: Umbreon|88/100|[from] item: Leftovers
|-fieldend|move: Psychic Terrain
|upkeep
|turn|16
|
|t:|1641879992
|move|p1a: Tapu Lele|Moonblast|p2a: Umbreon
|-supereffective|p2a: Umbreon
|-damage|p2a: Umbreon|30/100
|move|p2a: Umbreon|Foul Play|p1a: Tapu Lele
|-damage|p1a: Tapu Lele|35/100
|
|-weather|Sandstorm|[upkeep]
|-damage|p1a: Tapu Lele|29/100|[from] Sandstorm
|-damage|p2a: Umbreon|24/100|[from] Sandstorm
|-heal|p2a: Umbreon|30/100|[from] item: Leftovers
|upkeep
|turn|17
|
|t:|1641880010
|switch|p1a: Tornadus|Tornadus-Therian, M|100/100
|switch|p2a: Volcarona|Volcarona, M|100/100
|
|-weather|Sandstorm|[upkeep]
|-damage|p1a: Tornadus|94/100|[from] Sandstorm
|-damage|p2a: Volcarona|94/100|[from] Sandstorm
|upkeep
|turn|18
|
|t:|1641880019
|move|p1a: Tornadus|Hurricane|p2a: Volcarona
|-supereffective|p2a: Volcarona
|-damage|p2a: Volcarona|11/100
|-start|p2a: Volcarona|confusion
|-activate|p2a: Volcarona|confusion
|move|p2a: Volcarona|Quiver Dance|p2a: Volcarona
|-boost|p2a: Volcarona|spa|1
|-boost|p2a: Volcarona|spd|1
|-boost|p2a: Volcarona|spe|1
|
|-weather|none
|upkeep
|turn|19
|
|t:|1641880029
|-activate|p2a: Volcarona|confusion
|-damage|p2a: Volcarona|4/100|[from] confusion
|move|p1a: Tornadus|Knock Off|p2a: Volcarona
|-damage|p2a: Volcarona|0 fnt
|-status|p1a: Tornadus|brn|[from] ability: Flame Body|[of] p2a: Volcarona
|-enditem|p2a: Volcarona|Heavy-Duty Boots|[from] move: Knock Off|[of] p1a: Tornadus
|faint|p2a: Volcarona
|
|-damage|p1a: Tornadus|88/100 brn|[from] brn
|upkeep
|
|t:|1641880043
|switch|p2a: Crawdaunt|Crawdaunt, F|88/100
|-damage|p2a: Crawdaunt|76/100|[from] Stealth Rock
|turn|20
|
|t:|1641880048
|move|p1a: Tornadus|Hurricane|p2a: Crawdaunt
|-damage|p2a: Crawdaunt|0 fnt
|faint|p2a: Crawdaunt
|
|-damage|p1a: Tornadus|82/100 brn|[from] brn
|upkeep
|
|t:|1641880055
|switch|p2a: Dragalge|Dragalge, M|54/100
|-damage|p2a: Dragalge|42/100|[from] Stealth Rock
|turn|21
|-message|Savatiny forfeited.
|
|win|ASLKDGH
|raw|ASLKDGH's rating: 1380 &rarr; <strong>1401</strong><br />(+21 for winning)
|raw|Savatiny's rating: 1405 &rarr; <strong>1384</strong><br />(-21 for losing)
|l|☆Savatiny
