|j|☆8jaggery
|j|☆Phatt2
|t:|1641737679
|gametype|singles
|player|p1|8jaggery|102|1234
|player|p2|Phatt2|266|1189
|teamsize|p1|6
|teamsize|p2|6
|gen|8
|tier|[Gen 8] OU
|rated|
|rule|Sleep Clause Mod: Limit one foe put to sleep
|rule|Species Clause: Limit one of each Pokémon
|rule|OHKO Clause: OHKO moves are banned
|rule|Evasion Moves Clause: Evasion moves are banned
|rule|Endless Battle Clause: Forcing endless battles is banned
|rule|HP Percentage Mod: HP is shown in percentages
|rule|Dynamax Clause: You cannot dynamax
|clearpoke
|poke|p1|Hawlucha, M|
|poke|p1|Rillaboom, M|
|poke|p1|Heatran, F|
|poke|p1|Dragapult, F|
|poke|p1|Clefable, M|
|poke|p1|Blastoise, F|
|poke|p2|Clefable, F|
|poke|p2|Toxapex, F|
|poke|p2|Dragapult, M|
|poke|p2|Landorus-Therian, M|
|poke|p2|Zeraora|
|poke|p2|Mew|
|teampreview
|
|t:|1641737702
|start
|switch|p1a: Rillaboom|Rillaboom, M|100/100
|switch|p2a: Mew|Mew|100/100
|-fieldstart|move: Grassy Terrain|[from] ability: Grassy Surge|[of] p1a: Rillaboom
|turn|1
|
|t:|1641737720
|move|p2a: Mew|Toxic|p1a: Rillaboom
|-status|p1a: Rillaboom|tox
|move|p1a: Rillaboom|Knock Off|p2a: Mew
|-supereffective|p2a: Mew
|-damage|p2a: Mew|39/100
|-enditem|p2a: Mew|Leftovers|[from] move: Knock Off|[of] p1a: Rillaboom
|
|-heal|p2a: Mew|45/100|[from] Grassy Terrain
|-damage|p1a: Rillaboom|94/100 tox|[from] psn
|upkeep
|turn|2
|
|t:|1641737732
|switch|p2a: Clefable|Clefable, F|100/100
|move|p1a: Rillaboom|Knock Off|p2a: Clefable
|-resisted|p2a: Clefable
|-damage|p2a: Clefable|86/100
|-enditem|p2a: Clefable|Leftovers|[from] move: Knock Off|[of] p1a: Rillaboom
|
|-heal|p1a: Rillaboom|100/100 tox|[from] Grassy Terrain
|-heal|p2a: Clefable|92/100|[from] Grassy Terrain
|-damage|p1a: Rillaboom|88/100 tox|[from] psn
|upkeep
|turn|3
|
|t:|1641737743
|switch|p1a: Clefable|Clefable, M|100/100
|move|p2a: Clefable|Wish|p2a: Clefable
|
|-heal|p2a: Clefable|98/100|[from] Grassy Terrain
|upkeep
|turn|4
|
|t:|1641737751
|switch|p2a: Toxapex|Toxapex, F|100/100
|move|p1a: Clefable|Aromatherapy|p1a: Clefable
|-activate|p1a: Clefable|move: Aromatherapy
|-curestatus|p1: Rillaboom|tox|[msg]
|
|upkeep
|turn|5
|
|t:|1641737774
|switch|p1a: Dragapult|Dragapult, F|100/100
|move|p2a: Toxapex|Toxic|p1a: Dragapult
|-status|p1a: Dragapult|tox
|
|-damage|p1a: Dragapult|95/100 tox|[from] psn
|-fieldend|move: Grassy Terrain
|upkeep
|turn|6
|
|t:|1641737782
|move|p2a: Toxapex|Baneful Bunker|p2a: Toxapex
|-singleturn|p2a: Toxapex|move: Protect
|move|p1a: Dragapult|Draco Meteor|p2a: Toxapex
|-activate|p2a: Toxapex|move: Protect
|
|-damage|p1a: Dragapult|83/100 tox|[from] psn
|upkeep
|turn|7
|
|t:|1641737791
|switch|p2a: Clefable|Clefable, F|98/100
|move|p1a: Dragapult|Draco Meteor|p2a: Clefable
|-immune|p2a: Clefable
|
|-damage|p1a: Dragapult|65/100 tox|[from] psn
|upkeep
|turn|8
|
|t:|1641737799
|switch|p1a: Clefable|Clefable, M|100/100
|move|p2a: Clefable|Wish|p2a: Clefable
|
|upkeep
|turn|9
|
|t:|1641737805
|move|p2a: Clefable|Toxic|p1a: Clefable
|-status|p1a: Clefable|tox
|move|p1a: Clefable|Aromatherapy|p1a: Clefable
|-activate|p1a: Clefable|move: Aromatherapy
|-curestatus|p1a: Clefable|tox|[msg]
|-curestatus|p1: Dragapult|tox|[msg]
|
|-heal|p2a: Clefable|100/100|[from] move: Wish|[wisher] Clefable
|upkeep
|turn|10
|
|t:|1641737815
|move|p2a: Clefable|Moonblast|p1a: Clefable
|-damage|p1a: Clefable|78/100
|move|p1a: Clefable|Moonblast|p2a: Clefable
|-damage|p2a: Clefable|72/100
|
|-heal|p1a: Clefable|84/100|[from] item: Leftovers
|upkeep
|turn|11
|
|t:|1641737823
|move|p2a: Clefable|Wish|p2a: Clefable
|move|p1a: Clefable|Moonblast|p2a: Clefable
|-damage|p2a: Clefable|42/100
|
|-heal|p1a: Clefable|90/100|[from] item: Leftovers
|upkeep
|turn|12
|
|t:|1641737830
|move|p2a: Clefable|Protect|p2a: Clefable
|-singleturn|p2a: Clefable|Protect
|move|p1a: Clefable|Moonblast|p2a: Clefable
|-activate|p2a: Clefable|move: Protect
|
|-heal|p2a: Clefable|92/100|[from] move: Wish|[wisher] Clefable
|-heal|p1a: Clefable|96/100|[from] item: Leftovers
|upkeep
|turn|13
|
|t:|1641737839
|switch|p1a: Rillaboom|Rillaboom, M|88/100
|-fieldstart|move: Grassy Terrain|[from] ability: Grassy Surge|[of] p1a: Rillaboom
|switch|p2a: Toxapex|Toxapex, F|100/100
|
|-heal|p1a: Rillaboom|94/100|[from] Grassy Terrain
|upkeep
|turn|14
|
|t:|1641737853
|move|p1a: Rillaboom|Taunt|p2a: Toxapex
|-start|p2a: Toxapex|move: Taunt
|cant|p2a: Toxapex|move: Taunt|Toxic
|
|-heal|p1a: Rillaboom|100/100|[from] Grassy Terrain
|upkeep
|turn|15
|
|t:|1641737861
|switch|p2a: Landorus|Landorus-Therian, M|100/100
|-ability|p2a: Landorus|Intimidate|boost
|-unboost|p1a: Rillaboom|atk|1
|move|p1a: Rillaboom|High Horsepower|p2a: Landorus
|-immune|p2a: Landorus
|
|upkeep
|turn|16
|inactive|Battle timer is ON: inactive players will automatically lose when time's up. (requested by Phatt2)
|
|t:|1641737905
|switch|p1a: Blastoise|Blastoise, F|100/100
|move|p2a: Landorus|Knock Off|p1a: Blastoise
|-damage|p1a: Blastoise|59/100
|-enditem|p1a: Blastoise|White Herb|[from] move: Knock Off|[of] p2a: Landorus
|
|-heal|p1a: Blastoise|65/100|[from] Grassy Terrain
|upkeep
|turn|17
|
|t:|1641737925
|move|p2a: Landorus|U-turn|p1a: Blastoise
|-damage|p1a: Blastoise|33/100
|
|t:|1641737929
|switch|p2a: Toxapex|Toxapex, F|100/100|[from]move: U-turn
|move|p1a: Blastoise|Ice Beam|p2a: Toxapex
|-resisted|p2a: Toxapex
|-damage|p2a: Toxapex|92/100
|
|-heal|p1a: Blastoise|39/100|[from] Grassy Terrain
|-heal|p2a: Toxapex|98/100|[from] Grassy Terrain
|-heal|p2a: Toxapex|100/100|[from] item: Black Sludge
|-fieldend|move: Grassy Terrain
|upkeep
|turn|18
|
|t:|1641737948
|switch|p1a: Rillaboom|Rillaboom, M|100/100
|-fieldstart|move: Grassy Terrain|[from] ability: Grassy Surge|[of] p1a: Rillaboom
|move|p2a: Toxapex|Toxic|p1a: Rillaboom
|-status|p1a: Rillaboom|tox
|
|-damage|p1a: Rillaboom|94/100 tox|[from] psn
|upkeep
|turn|19
|
|t:|1641737957
|switch|p1a: Clefable|Clefable, M|96/100
|switch|p2a: Landorus|Landorus-Therian, M|100/100
|-ability|p2a: Landorus|Intimidate|boost
|-unboost|p1a: Clefable|atk|1
|
|-heal|p1a: Clefable|100/100|[from] Grassy Terrain
|upkeep
|turn|20
|
|t:|1641737966
|move|p2a: Landorus|Knock Off|p1a: Clefable
|-resisted|p1a: Clefable
|-damage|p1a: Clefable|81/100
|-enditem|p1a: Clefable|Leftovers|[from] move: Knock Off|[of] p2a: Landorus
|move|p1a: Clefable|Aromatherapy|p1a: Clefable
|-activate|p1a: Clefable|move: Aromatherapy
|-curestatus|p1: Rillaboom|tox|[msg]
|
|-heal|p1a: Clefable|87/100|[from] Grassy Terrain
|upkeep
|turn|21
|
|t:|1641737984
|move|p2a: Landorus|Earthquake|p1a: Clefable
|-damage|p1a: Clefable|57/100
|move|p1a: Clefable|Moonblast|p2a: Landorus
|-damage|p2a: Landorus|60/100
|
|-heal|p2a: Landorus|66/100|[from] item: Leftovers
|-heal|p1a: Clefable|63/100|[from] Grassy Terrain
|upkeep
|turn|22
|
|t:|1641738002
|move|p2a: Landorus|U-turn|p1a: Clefable
|-resisted|p1a: Clefable
|-damage|p1a: Clefable|49/100
|
|t:|1641738016
|switch|p2a: Toxapex|Toxapex, F|100/100|[from]move: U-turn
|move|p1a: Clefable|Moonblast|p2a: Toxapex
|-resisted|p2a: Toxapex
|-damage|p2a: Toxapex|88/100
|
|-heal|p1a: Clefable|55/100|[from] Grassy Terrain
|-heal|p2a: Toxapex|94/100|[from] Grassy Terrain
|-heal|p2a: Toxapex|100/100|[from] item: Black Sludge
|-fieldend|move: Grassy Terrain
|upkeep
|turn|23
|
|t:|1641738035
|switch|p1a: Rillaboom|Rillaboom, M|94/100
|-fieldstart|move: Grassy Terrain|[from] ability: Grassy Surge|[of] p1a: Rillaboom
|move|p2a: Toxapex|Liquidation|p1a: Rillaboom
|-resisted|p1a: Rillaboom
|-damage|p1a: Rillaboom|87/100
|
|-heal|p1a: Rillaboom|93/100|[from] Grassy Terrain
|upkeep
|turn|24
|
|t:|1641738050
|switch|p2a: Landorus|Landorus-Therian, M|66/100
|-ability|p2a: Landorus|Intimidate|boost
|-unboost|p1a: Rillaboom|atk|1
|move|p1a: Rillaboom|Taunt|p2a: Landorus
|-start|p2a: Landorus|move: Taunt
|
|-heal|p2a: Landorus|72/100|[from] item: Leftovers
|-heal|p1a: Rillaboom|99/100|[from] Grassy Terrain
|upkeep
|turn|25
|inactive|8jaggery has 120 seconds left.
|
|t:|1641738086
|move|p1a: Rillaboom|Grassy Glide|p2a: Landorus
|-damage|p2a: Landorus|27/100
|move|p2a: Landorus|Knock Off|p1a: Rillaboom
|-damage|p1a: Rillaboom|73/100
|-enditem|p1a: Rillaboom|Miracle Seed|[from] move: Knock Off|[of] p2a: Landorus
|
|-heal|p2a: Landorus|33/100|[from] item: Leftovers
|-heal|p1a: Rillaboom|79/100|[from] Grassy Terrain
|upkeep
|turn|26
|inactive|8jaggery has 120 seconds left.
|inactive|Phatt2 has 120 seconds left.
|
|t:|1641738102
|switch|p2a: Dragapult|Dragapult, M|100/100
|move|p1a: Rillaboom|Grassy Glide|p2a: Dragapult
|-resisted|p2a: Dragapult
|-crit|p2a: Dragapult
|-damage|p2a: Dragapult|54/100
|
|-heal|p2a: Dragapult|60/100|[from] Grassy Terrain
|-heal|p2a: Dragapult|66/100|[from] item: Leftovers
|-heal|p1a: Rillaboom|86/100|[from] Grassy Terrain
|upkeep
|turn|27
|inactive|8jaggery has 120 seconds left.
|inactive|Phatt2 has 120 seconds left.
|
|t:|1641738115
|switch|p1a: Clefable|Clefable, M|55/100
|move|p2a: Dragapult|Dragon Darts|p1a: Clefable
|-immune|p1a: Clefable
|
|-heal|p2a: Dragapult|72/100|[from] Grassy Terrain
|-heal|p2a: Dragapult|78/100|[from] item: Leftovers
|-heal|p1a: Clefable|61/100|[from] Grassy Terrain
|-fieldend|move: Grassy Terrain
|upkeep
|turn|28
|
|t:|1641738124
|move|p2a: Dragapult|Steel Wing|p1a: Clefable
|-supereffective|p1a: Clefable
|-damage|p1a: Clefable|9/100
|move|p1a: Clefable|Moonlight|p1a: Clefable
|-heal|p1a: Clefable|59/100
|
|-heal|p2a: Dragapult|84/100|[from] item: Leftovers
|upkeep
|turn|29
|
|t:|1641738136
|move|p2a: Dragapult|Steel Wing|p1a: Clefable
|-supereffective|p1a: Clefable
|-damage|p1a: Clefable|10/100
|-boost|p2a: Dragapult|def|1
|move|p1a: Clefable|Moonblast|p2a: Dragapult
|-supereffective|p2a: Dragapult
|-damage|p2a: Dragapult|0 fnt
|faint|p2a: Dragapult
|
|upkeep
|
|t:|1641738145
|switch|p2a: Zeraora|Zeraora|100/100
|turn|30
|
|t:|1641738149
|switch|p1a: Rillaboom|Rillaboom, M|86/100
|-fieldstart|move: Grassy Terrain|[from] ability: Grassy Surge|[of] p1a: Rillaboom
|move|p2a: Zeraora|Plasma Fists|p1a: Rillaboom
|-resisted|p1a: Rillaboom
|-damage|p1a: Rillaboom|61/100
|-fieldactivate|move: Ion Deluge
|-hint|Normal-type moves become Electric-type after using Plasma Fists.
|-damage|p2a: Zeraora|91/100|[from] item: Life Orb
|
|-heal|p2a: Zeraora|97/100|[from] Grassy Terrain
|-heal|p1a: Rillaboom|68/100|[from] Grassy Terrain
|upkeep
|turn|31
|
|t:|1641738166
|move|p1a: Rillaboom|Grassy Glide|p2a: Zeraora
|-damage|p2a: Zeraora|36/100
|move|p2a: Zeraora|Play Rough|p1a: Rillaboom
|-damage|p1a: Rillaboom|40/100
|-damage|p2a: Zeraora|26/100|[from] item: Life Orb
|
|-heal|p2a: Zeraora|32/100|[from] Grassy Terrain
|-heal|p1a: Rillaboom|46/100|[from] Grassy Terrain
|upkeep
|turn|32
|
|t:|1641738180
|switch|p2a: Toxapex|Toxapex, F|100/100
|move|p1a: Rillaboom|Grassy Glide|p2a: Toxapex
|-damage|p2a: Toxapex|65/100
|
|-heal|p1a: Rillaboom|53/100|[from] Grassy Terrain
|-heal|p2a: Toxapex|72/100|[from] Grassy Terrain
|-heal|p2a: Toxapex|78/100|[from] item: Black Sludge
|upkeep
|turn|33
|
|t:|1641738190
|move|p1a: Rillaboom|High Horsepower|p2a: Toxapex
|-supereffective|p2a: Toxapex
|-damage|p2a: Toxapex|26/100
|move|p2a: Toxapex|Toxic|p1a: Rillaboom
|-status|p1a: Rillaboom|tox
|
|-heal|p1a: Rillaboom|59/100 tox|[from] Grassy Terrain
|-heal|p2a: Toxapex|32/100|[from] Grassy Terrain
|-heal|p2a: Toxapex|38/100|[from] item: Black Sludge
|-damage|p1a: Rillaboom|53/100 tox|[from] psn
|upkeep
|turn|34
|
|t:|1641738201
|move|p2a: Toxapex|Baneful Bunker|p2a: Toxapex
|-singleturn|p2a: Toxapex|move: Protect
|move|p1a: Rillaboom|High Horsepower|p2a: Toxapex
|-activate|p2a: Toxapex|move: Protect
|
|-heal|p1a: Rillaboom|59/100 tox|[from] Grassy Terrain
|-heal|p2a: Toxapex|44/100|[from] Grassy Terrain
|-heal|p2a: Toxapex|50/100|[from] item: Black Sludge
|-damage|p1a: Rillaboom|46/100 tox|[from] psn
|-fieldend|move: Grassy Terrain
|upkeep
|turn|35
|
|t:|1641738212
|switch|p2a: Landorus|Landorus-Therian, M|33/100
|-ability|p2a: Landorus|Intimidate|boost
|-unboost|p1a: Rillaboom|atk|1
|move|p1a: Rillaboom|High Horsepower|p2a: Landorus
|-immune|p2a: Landorus
|
|-heal|p2a: Landorus|39/100|[from] item: Leftovers
|-damage|p1a: Rillaboom|28/100 tox|[from] psn
|upkeep
|turn|36
|
|t:|1641738223
|switch|p1a: Clefable|Clefable, M|10/100
|move|p2a: Landorus|U-turn|p1a: Clefable
|-resisted|p1a: Clefable
|-damage|p1a: Clefable|0 fnt
|faint|p1a: Clefable
|
|t:|1641738229
|switch|p2a: Zeraora|Zeraora|32/100|[from]move: U-turn
|
|upkeep
|
|t:|1641738236
|switch|p1a: Rillaboom|Rillaboom, M|28/100 tox
|-fieldstart|move: Grassy Terrain|[from] ability: Grassy Surge|[of] p1a: Rillaboom
|turn|37
|
|t:|1641738244
|switch|p2a: Toxapex|Toxapex, F|84/100
|move|p1a: Rillaboom|High Horsepower|p2a: Toxapex
|-supereffective|p2a: Toxapex
|-damage|p2a: Toxapex|33/100
|
|-heal|p1a: Rillaboom|34/100 tox|[from] Grassy Terrain
|-heal|p2a: Toxapex|39/100|[from] Grassy Terrain
|-heal|p2a: Toxapex|46/100|[from] item: Black Sludge
|-damage|p1a: Rillaboom|28/100 tox|[from] psn
|upkeep
|turn|38
|
|t:|1641738258
|move|p2a: Toxapex|Baneful Bunker|p2a: Toxapex
|-singleturn|p2a: Toxapex|move: Protect
|move|p1a: Rillaboom|Grassy Glide|p2a: Toxapex
|-activate|p2a: Toxapex|move: Protect
|
|-heal|p1a: Rillaboom|34/100 tox|[from] Grassy Terrain
|-heal|p2a: Toxapex|52/100|[from] Grassy Terrain
|-heal|p2a: Toxapex|58/100|[from] item: Black Sludge
|-damage|p1a: Rillaboom|22/100 tox|[from] psn
|upkeep
|turn|39
|
|t:|1641738272
|move|p1a: Rillaboom|Grassy Glide|p2a: Toxapex
|-damage|p2a: Toxapex|23/100
|move|p2a: Toxapex|Recover|p2a: Toxapex
|-heal|p2a: Toxapex|73/100
|
|-heal|p1a: Rillaboom|28/100 tox|[from] Grassy Terrain
|-heal|p2a: Toxapex|79/100|[from] Grassy Terrain
|-heal|p2a: Toxapex|85/100|[from] item: Black Sludge
|-damage|p1a: Rillaboom|9/100 tox|[from] psn
|upkeep
|turn|40
|
|t:|1641738289
|move|p2a: Toxapex|Baneful Bunker|p2a: Toxapex
|-singleturn|p2a: Toxapex|move: Protect
|move|p1a: Rillaboom|High Horsepower|p2a: Toxapex
|-activate|p2a: Toxapex|move: Protect
|
|-heal|p1a: Rillaboom|15/100 tox|[from] Grassy Terrain
|-heal|p2a: Toxapex|91/100|[from] Grassy Terrain
|-heal|p2a: Toxapex|98/100|[from] item: Black Sludge
|-damage|p1a: Rillaboom|0 fnt|[from] psn
|faint|p1a: Rillaboom
|upkeep
|
|t:|1641738301
|switch|p1a: Dragapult|Dragapult, F|65/100
|turn|41
|
|t:|1641738305
|move|p1a: Dragapult|Draco Meteor|p2a: Toxapex
|-damage|p2a: Toxapex|37/100
|-unboost|p1a: Dragapult|spa|2
|-damage|p1a: Dragapult|55/100|[from] item: Life Orb
|move|p2a: Toxapex|Toxic|p1a: Dragapult
|-status|p1a: Dragapult|tox
|
|-heal|p1a: Dragapult|61/100 tox|[from] Grassy Terrain
|-heal|p2a: Toxapex|43/100|[from] Grassy Terrain
|-heal|p2a: Toxapex|50/100|[from] item: Black Sludge
|-damage|p1a: Dragapult|55/100 tox|[from] psn
|-fieldend|move: Grassy Terrain
|upkeep
|turn|42
|
|t:|1641738323
|switch|p1a: Heatran|Heatran, F|100/100
|-item|p1a: Heatran|Air Balloon
|move|p2a: Toxapex|Recover|p2a: Toxapex
|-heal|p2a: Toxapex|99/100
|
|-heal|p2a: Toxapex|100/100|[from] item: Black Sludge
|upkeep
|turn|43
|
|t:|1641738332
|move|p1a: Heatran|Stealth Rock|p2a: Toxapex
|-sidestart|p2: Phatt2|move: Stealth Rock
|move|p2a: Toxapex|Liquidation|p1a: Heatran
|-supereffective|p1a: Heatran
|-damage|p1a: Heatran|65/100
|-enditem|p1a: Heatran|Air Balloon
|
|upkeep
|turn|44
|
|t:|1641738339
|move|p1a: Heatran|Earth Power|p2a: Toxapex
|-supereffective|p2a: Toxapex
|-damage|p2a: Toxapex|48/100
|move|p2a: Toxapex|Liquidation|p1a: Heatran
|-supereffective|p1a: Heatran
|-damage|p1a: Heatran|30/100
|
|-heal|p2a: Toxapex|55/100|[from] item: Black Sludge
|upkeep
|turn|45
|
|t:|1641738349
|move|p2a: Toxapex|Baneful Bunker|p2a: Toxapex
|-singleturn|p2a: Toxapex|move: Protect
|move|p1a: Heatran|Earth Power|p2a: Toxapex
|-activate|p2a: Toxapex|move: Protect
|
|-heal|p2a: Toxapex|61/100|[from] item: Black Sludge
|upkeep
|turn|46
|
|t:|1641738359
|switch|p2a: Landorus|Landorus-Therian, M|39/100
|-damage|p2a: Landorus|27/100|[from] Stealth Rock
|-ability|p2a: Landorus|Intimidate|boost
|-unboost|p1a: Heatran|atk|1
|move|p1a: Heatran|Earth Power|p2a: Landorus
|-immune|p2a: Landorus
|
|-heal|p2a: Landorus|33/100|[from] item: Leftovers
|upkeep
|turn|47
|
|t:|1641738372
|switch|p1a: Hawlucha|Hawlucha, M|100/100
|move|p2a: Landorus|Knock Off|p1a: Hawlucha
|-resisted|p1a: Hawlucha
|-damage|p1a: Hawlucha|74/100
|-enditem|p1a: Hawlucha|Grassy Seed|[from] move: Knock Off|[of] p2a: Landorus
|
|-heal|p2a: Landorus|39/100|[from] item: Leftovers
|upkeep
|turn|48
|
|t:|1641738383
|switch|p2a: Toxapex|Toxapex, F|94/100
|-damage|p2a: Toxapex|81/100|[from] Stealth Rock
|move|p1a: Hawlucha|Close Combat|p2a: Toxapex
|-resisted|p2a: Toxapex
|-damage|p2a: Toxapex|59/100
|-unboost|p1a: Hawlucha|def|1
|-unboost|p1a: Hawlucha|spd|1
|
|-heal|p2a: Toxapex|65/100|[from] item: Black Sludge
|upkeep
|turn|49
|
|t:|1641738403
|move|p1a: Hawlucha|Swords Dance|p1a: Hawlucha
|-boost|p1a: Hawlucha|atk|2
|move|p2a: Toxapex|Toxic|p1a: Hawlucha
|-status|p1a: Hawlucha|tox
|
|-heal|p2a: Toxapex|72/100|[from] item: Black Sludge
|-damage|p1a: Hawlucha|68/100 tox|[from] psn
|upkeep
|turn|50
|
|t:|1641738416
|move|p1a: Hawlucha|Brave Bird|p2a: Toxapex
|-damage|p2a: Toxapex|0 fnt
|faint|p2a: Toxapex
|-damage|p1a: Hawlucha|49/100 tox|[from] Recoil
|
|-damage|p1a: Hawlucha|37/100 tox|[from] psn
|upkeep
|
|t:|1641738424
|switch|p2a: Zeraora|Zeraora|32/100
|-damage|p2a: Zeraora|20/100|[from] Stealth Rock
|turn|51
|
|t:|1641738431
|move|p1a: Hawlucha|Throat Chop|p2a: Zeraora
|-damage|p2a: Zeraora|0 fnt
|faint|p2a: Zeraora
|
|-damage|p1a: Hawlucha|19/100 tox|[from] psn
|upkeep
|
|t:|1641738438
|switch|p2a: Clefable|Clefable, F|92/100
|-damage|p2a: Clefable|80/100|[from] Stealth Rock
|turn|52
|
|t:|1641738451
|move|p2a: Clefable|Protect|p2a: Clefable
|-singleturn|p2a: Clefable|Protect
|move|p1a: Hawlucha|Brave Bird|p2a: Clefable
|-activate|p2a: Clefable|move: Protect
|
|-damage|p1a: Hawlucha|0 fnt|[from] psn
|faint|p1a: Hawlucha
|upkeep
|
|t:|1641738459
|switch|p1a: Heatran|Heatran, F|30/100
|turn|53
|
|t:|1641738469
|switch|p2a: Landorus|Landorus-Therian, M|39/100
|-damage|p2a: Landorus|27/100|[from] Stealth Rock
|-ability|p2a: Landorus|Intimidate|boost
|-unboost|p1a: Heatran|atk|1
|move|p1a: Heatran|Flash Cannon|p2a: Landorus
|-damage|p2a: Landorus|0 fnt
|faint|p2a: Landorus
|
|upkeep
|
|t:|1641738477
|switch|p2a: Mew|Mew|45/100
|-damage|p2a: Mew|33/100|[from] Stealth Rock
|turn|54
|
|t:|1641738484
|move|p2a: Mew|Flamethrower|p1a: Heatran
|-start|p1a: Heatran|ability: Flash Fire
|move|p1a: Heatran|Flash Cannon|p2a: Mew
|-damage|p2a: Mew|0 fnt
|faint|p2a: Mew
|
|upkeep
|
|t:|1641738491
|switch|p2a: Clefable|Clefable, F|80/100
|-damage|p2a: Clefable|68/100|[from] Stealth Rock
|turn|55
|
|t:|1641738503
|-end|p1a: Heatran|ability: Flash Fire|[silent]
|switch|p1a: Blastoise|Blastoise, F|39/100
|move|p2a: Clefable|Wish|p2a: Clefable
|
|upkeep
|turn|56
|
|t:|1641738509
|move|p1a: Blastoise|Shell Smash|p1a: Blastoise
|-unboost|p1a: Blastoise|def|1
|-unboost|p1a: Blastoise|spd|1
|-boost|p1a: Blastoise|atk|2
|-boost|p1a: Blastoise|spa|2
|-boost|p1a: Blastoise|spe|2
|move|p2a: Clefable|Toxic|p1a: Blastoise
|-status|p1a: Blastoise|tox
|
|-heal|p2a: Clefable|100/100|[from] move: Wish|[wisher] Clefable
|-damage|p1a: Blastoise|33/100 tox|[from] psn
|upkeep
|turn|57
|
|t:|1641738523
|move|p1a: Blastoise|Surf|p2a: Clefable
|-damage|p2a: Clefable|53/100
|move|p2a: Clefable|Moonblast|p1a: Blastoise
|-damage|p1a: Blastoise|0 fnt
|faint|p1a: Blastoise
|
|upkeep
|
|t:|1641738532
|switch|p1a: Heatran|Heatran, F|30/100
|turn|58
|
|t:|1641738535
|move|p2a: Clefable|Protect|p2a: Clefable
|-singleturn|p2a: Clefable|Protect
|move|p1a: Heatran|Flash Cannon|p2a: Clefable
|-activate|p2a: Clefable|move: Protect
|
|upkeep
|turn|59
|
|t:|1641738543
|move|p1a: Heatran|Flash Cannon|p2a: Clefable
|-supereffective|p2a: Clefable
|-damage|p2a: Clefable|0 fnt
|faint|p2a: Clefable
|
|win|8jaggery
|raw|8jaggery's rating: 1234 &rarr; <strong>1256</strong><br />(+22 for winning)
|raw|Phatt2's rating: 1189 &rarr; <strong>1167</strong><br />(-22 for losing)
|l|☆Phatt2
