|j|☆G-Cis91
|j|☆Jaburb
|t:|1641822550
|gametype|singles
|player|p1|G-Cis91|170|1095
|player|p2|Jaburb|giovanni|1050
|teamsize|p1|6
|teamsize|p2|6
|gen|8
|tier|[Gen 8] OU
|rated|
|rule|Sleep Clause Mod: Limit one foe put to sleep
|rule|Species Clause: Limit one of each Pokémon
|rule|OHKO Clause: OHKO moves are banned
|rule|Evasion Moves Clause: Evasion moves are banned
|rule|Endless Battle Clause: Forcing endless battles is banned
|rule|HP Percentage Mod: HP is shown in percentages
|rule|Dynamax Clause: You cannot dynamax
|clearpoke
|poke|p1|Tapu Fini|
|poke|p1|Garchomp, M|
|poke|p1|Magnezone|
|poke|p1|Landorus-Therian, M|
|poke|p1|Mew|
|poke|p1|Melmetal|
|poke|p2|Gengar, F|
|poke|p2|Jirachi|
|poke|p2|Quagsire, F|
|poke|p2|Blissey, F|
|poke|p2|Ditto|
|poke|p2|Mew|
|teampreview
|
|t:|1641822559
|start
|switch|p1a: Landorus|Landorus-Therian, M|100/100
|switch|p2a: Mew|Mew|100/100
|-ability|p1a: Landorus|Intimidate|boost
|-unboost|p2a: Mew|atk|1
|turn|1
|
|t:|1641822567
|move|p2a: Mew|Cosmic Power|p2a: Mew
|-boost|p2a: Mew|def|1
|-boost|p2a: Mew|spd|1
|move|p1a: Landorus|Stealth Rock|p2a: Mew
|-sidestart|p2: Jaburb|move: Stealth Rock
|
|upkeep
|turn|2
|
|t:|1641822575
|move|p2a: Mew|Cosmic Power|p2a: Mew
|-boost|p2a: Mew|def|1
|-boost|p2a: Mew|spd|1
|move|p1a: Landorus|Earthquake|p2a: Mew
|-damage|p2a: Mew|80/100
|
|upkeep
|turn|3
|
|t:|1641822588
|switch|p1a: Melmetal|Melmetal, shiny|100/100
|move|p2a: Mew|Cosmic Power|p2a: Mew
|-boost|p2a: Mew|def|1
|-boost|p2a: Mew|spd|1
|
|upkeep
|turn|4
|
|t:|1641822600
|move|p2a: Mew|Cosmic Power|p2a: Mew
|-boost|p2a: Mew|def|1
|-boost|p2a: Mew|spd|1
|move|p1a: Melmetal|Double Iron Bash|p2a: Mew
|-damage|p2a: Mew|68/100
|-damage|p2a: Mew|54/100
|-hitcount|p2a: Mew|2
|
|upkeep
|turn|5
|
|t:|1641822611
|switch|p1a: Magnezone|Magnezone, shiny|100/100
|move|p2a: Mew|Roost|p2a: Mew
|-heal|p2a: Mew|100/100
|-singleturn|p2a: Mew|move: Roost
|
|upkeep
|turn|6
|
|t:|1641822617
|move|p2a: Mew|Body Press|p1a: Magnezone
|-supereffective|p1a: Magnezone
|-crit|p1a: Magnezone
|-ability|p1a: Magnezone|Sturdy
|-damage|p1a: Magnezone|1/100
|move|p1a: Magnezone|Toxic|p2a: Mew
|-status|p2a: Mew|tox
|-activate|p2a: Mew|ability: Synchronize
|-immune|p1a: Magnezone
|
|-heal|p1a: Magnezone|7/100|[from] item: Leftovers
|-damage|p2a: Mew|94/100 tox|[from] psn
|upkeep
|turn|7
|
|t:|1641822637
|switch|p1a: Landorus|Landorus-Therian, M|100/100
|-ability|p1a: Landorus|Intimidate|boost
|-unboost|p2a: Mew|atk|1
|move|p2a: Mew|Stored Power|p1a: Landorus
|-damage|p1a: Landorus|23/100
|
|-damage|p2a: Mew|82/100 tox|[from] psn
|upkeep
|turn|8
|
|t:|1641822646
|move|p2a: Mew|Body Press|p1a: Landorus
|-resisted|p1a: Landorus
|-damage|p1a: Landorus|0 fnt
|faint|p1a: Landorus
|
|-damage|p2a: Mew|63/100 tox|[from] psn
|upkeep
|
|t:|1641822654
|switch|p1a: Tapu Fini|Tapu Fini, shiny|100/100
|-fieldstart|move: Misty Terrain|[from] ability: Misty Surge|[of] p1a: Tapu Fini
|turn|9
|
|t:|1641822661
|move|p2a: Mew|Cosmic Power|p2a: Mew
|-boost|p2a: Mew|def|1
|-boost|p2a: Mew|spd|1
|move|p1a: Tapu Fini|Calm Mind|p1a: Tapu Fini
|-boost|p1a: Tapu Fini|spa|1
|-boost|p1a: Tapu Fini|spd|1
|
|-damage|p2a: Mew|39/100 tox|[from] psn
|upkeep
|turn|10
|
|t:|1641822668
|move|p2a: Mew|Roost|p2a: Mew
|-heal|p2a: Mew|89/100 tox
|-singleturn|p2a: Mew|move: Roost
|move|p1a: Tapu Fini|Draining Kiss|p2a: Mew
|-damage|p2a: Mew|80/100 tox
|
|-damage|p2a: Mew|49/100 tox|[from] psn
|upkeep
|turn|11
|
|t:|1641822677
|move|p2a: Mew|Roost|p2a: Mew
|-heal|p2a: Mew|99/100 tox
|-singleturn|p2a: Mew|move: Roost
|move|p1a: Tapu Fini|Calm Mind|p1a: Tapu Fini
|-boost|p1a: Tapu Fini|spa|1
|-boost|p1a: Tapu Fini|spd|1
|
|-damage|p2a: Mew|62/100 tox|[from] psn
|upkeep
|turn|12
|
|t:|1641822684
|move|p2a: Mew|Body Press|p1a: Tapu Fini
|-resisted|p1a: Tapu Fini
|-damage|p1a: Tapu Fini|66/100
|move|p1a: Tapu Fini|Calm Mind|p1a: Tapu Fini
|-boost|p1a: Tapu Fini|spa|1
|-boost|p1a: Tapu Fini|spd|1
|
|-heal|p1a: Tapu Fini|72/100|[from] item: Leftovers
|-damage|p2a: Mew|18/100 tox|[from] psn
|upkeep
|turn|13
|
|t:|1641822693
|move|p2a: Mew|Roost|p2a: Mew
|-heal|p2a: Mew|68/100 tox
|-singleturn|p2a: Mew|move: Roost
|move|p1a: Tapu Fini|Draining Kiss|p2a: Mew
|-damage|p2a: Mew|55/100 tox
|-heal|p1a: Tapu Fini|86/100|[from] drain|[of] p2a: Mew
|
|-heal|p1a: Tapu Fini|92/100|[from] item: Leftovers
|-damage|p2a: Mew|6/100 tox|[from] psn
|-fieldend|Misty Terrain
|upkeep
|turn|14
|
|t:|1641822706
|move|p2a: Mew|Roost|p2a: Mew
|-heal|p2a: Mew|56/100 tox
|-singleturn|p2a: Mew|move: Roost
|move|p1a: Tapu Fini|Calm Mind|p1a: Tapu Fini
|-boost|p1a: Tapu Fini|spa|1
|-boost|p1a: Tapu Fini|spd|1
|
|-heal|p1a: Tapu Fini|98/100|[from] item: Leftovers
|-damage|p2a: Mew|0 fnt|[from] psn
|faint|p2a: Mew
|upkeep
|
|t:|1641822721
|switch|p2a: Quagsire|Quagsire, F, shiny|100/100
|-damage|p2a: Quagsire|94/100|[from] Stealth Rock
|turn|15
|
|t:|1641822738
|move|p1a: Tapu Fini|Draining Kiss|p2a: Quagsire
|-damage|p2a: Quagsire|70/100
|-heal|p1a: Tapu Fini|100/100|[from] drain|[of] p2a: Quagsire
|move|p2a: Quagsire|Toxic|p1a: Tapu Fini|[miss]
|-miss|p2a: Quagsire|p1a: Tapu Fini
|
|-heal|p2a: Quagsire|76/100|[from] item: Leftovers
|upkeep
|turn|16
|
|t:|1641822748
|switch|p1a: Magnezone|Magnezone, shiny|7/100
|move|p2a: Quagsire|Earthquake|p1a: Magnezone
|-supereffective|p1a: Magnezone
|-damage|p1a: Magnezone|0 fnt
|faint|p1a: Magnezone
|
|-heal|p2a: Quagsire|82/100|[from] item: Leftovers
|upkeep
|
|t:|1641822756
|switch|p1a: Garchomp|Garchomp, M|100/100
|turn|17
|
|t:|1641822762
|move|p1a: Garchomp|Scale Shot|p2a: Quagsire
|-damage|p2a: Quagsire|72/100
|-damage|p2a: Quagsire|62/100
|-hitcount|p2a: Quagsire|2
|-unboost|p1a: Garchomp|def|1
|-boost|p1a: Garchomp|spe|1
|move|p2a: Quagsire|Toxic|p1a: Garchomp
|-status|p1a: Garchomp|tox
|
|-heal|p2a: Quagsire|68/100|[from] item: Leftovers
|-damage|p1a: Garchomp|94/100 tox|[from] psn
|upkeep
|turn|18
|
|t:|1641822776
|move|p1a: Garchomp|Earthquake|p2a: Quagsire
|-damage|p2a: Quagsire|28/100
|move|p2a: Quagsire|Curse|p2a: Quagsire
|-unboost|p2a: Quagsire|spe|1
|-boost|p2a: Quagsire|atk|1
|-boost|p2a: Quagsire|def|1
|
|-heal|p1a: Garchomp|100/100 tox|[from] item: Leftovers
|-heal|p2a: Quagsire|35/100|[from] item: Leftovers
|-damage|p1a: Garchomp|88/100 tox|[from] psn
|upkeep
|turn|19
|
|t:|1641822786
|move|p1a: Garchomp|Earthquake|p2a: Quagsire
|-damage|p2a: Quagsire|7/100
|move|p2a: Quagsire|Recover|p2a: Quagsire
|-heal|p2a: Quagsire|57/100
|
|-heal|p1a: Garchomp|94/100 tox|[from] item: Leftovers
|-heal|p2a: Quagsire|63/100|[from] item: Leftovers
|-damage|p1a: Garchomp|76/100 tox|[from] psn
|upkeep
|turn|20
|
|t:|1641822795
|move|p1a: Garchomp|Swords Dance|p1a: Garchomp
|-boost|p1a: Garchomp|atk|2
|move|p2a: Quagsire|Recover|p2a: Quagsire
|-heal|p2a: Quagsire|100/100
|
|-heal|p1a: Garchomp|82/100 tox|[from] item: Leftovers
|-damage|p1a: Garchomp|57/100 tox|[from] psn
|upkeep
|turn|21
|
|t:|1641822803
|move|p1a: Garchomp|Earthquake|p2a: Quagsire
|-damage|p2a: Quagsire|72/100
|move|p2a: Quagsire|Earthquake|p1a: Garchomp
|-damage|p1a: Garchomp|16/100 tox
|
|-heal|p1a: Garchomp|22/100 tox|[from] item: Leftovers
|-heal|p2a: Quagsire|78/100|[from] item: Leftovers
|-damage|p1a: Garchomp|0 fnt|[from] psn
|faint|p1a: Garchomp
|upkeep
|-message|G-Cis91 forfeited.
|
|win|Jaburb
|raw|G-Cis91's rating: 1095 &rarr; <strong>1068</strong><br />(-27 for losing)
|raw|Jaburb's rating: 1050 &rarr; <strong>1087</strong><br />(+37 for winning)
|l|☆G-Cis91
||Ladder isn't responding, score probably updated but might not have (Request timeout).
