|j|☆welcome to uuniqlo
|j|☆Pudistor Alpha
|t:|1641721008
|gametype|singles
|player|p1|welcome to uuniqlo|richboy-gen4|1610
|player|p2|Pudistor Alpha|102|1651
|teamsize|p1|6
|teamsize|p2|6
|gen|8
|tier|[Gen 8] OU
|rated|
|rule|Sleep Clause Mod: Limit one foe put to sleep
|rule|Species Clause: Limit one of each Pokémon
|rule|OHKO Clause: OHKO moves are banned
|rule|Evasion Moves Clause: Evasion moves are banned
|rule|Endless Battle Clause: Forcing endless battles is banned
|rule|HP Percentage Mod: HP is shown in percentages
|rule|Dynamax Clause: You cannot dynamax
|clearpoke
|poke|p1|Zapdos-Galar|
|poke|p1|Regieleki|
|poke|p1|Ferrothorn, F|
|poke|p1|Landorus-Therian, M|
|poke|p1|Toxapex, M|
|poke|p1|Tapu Bulu|
|poke|p2|Hatterene, F|
|poke|p2|Stakataka|
|poke|p2|Mimikyu, M|
|poke|p2|Marowak-Alola, F|
|poke|p2|Melmetal|
|poke|p2|Torkoal, M|
|teampreview
|j| CoreyTrevorSmokes
|
|t:|1641721027
|start
|switch|p1a: Regieleki|Regieleki|100/100
|switch|p2a: Hatterene|Hatterene, F|100/100
|turn|1
|
|t:|1641721034
|move|p1a: Regieleki|Thunderbolt|p2a: Hatterene
|-damage|p2a: Hatterene|30/100
|move|p2a: Hatterene|Trick Room|p2a: Hatterene
|-fieldstart|move: Trick Room|[of] p2a: Hatterene
|
|upkeep
|turn|2
|
|t:|1641721046
|move|p2a: Hatterene|Healing Wish|p2a: Hatterene
|faint|p2a: Hatterene
|move|p1a: Regieleki|Volt Switch|p2: Hatterene|[notarget]
|-fail|p1a: Regieleki
|
|upkeep
|
|t:|1641721051
|switch|p2a: Torkoal|Torkoal, M|100/100
|-weather|SunnyDay|[from] ability: Drought|[of] p2a: Torkoal
|turn|3
|
|t:|1641721056
|switch|p1a: Toxapex|Toxapex, M|100/100
|move|p2a: Torkoal|Eruption|p1a: Toxapex
|-resisted|p1a: Toxapex
|-damage|p1a: Toxapex|46/100
|
|-weather|SunnyDay|[upkeep]
|upkeep
|turn|4
|
|t:|1641721064
|switch|p1a: Regieleki|Regieleki|100/100
|move|p2a: Torkoal|Eruption|p1a: Regieleki
|-damage|p1a: Regieleki|0 fnt
|faint|p1a: Regieleki
|
|-weather|SunnyDay|[upkeep]
|upkeep
|
|t:|1641721071
|switch|p1a: Toxapex|Toxapex, M|79/100
|turn|5
|
|t:|1641721082
|switch|p2a: Marowak|Marowak-Alola, F|100/100
|move|p1a: Toxapex|Recover|p1a: Toxapex
|-heal|p1a: Toxapex|100/100
|
|-weather|SunnyDay|[upkeep]
|-fieldend|move: Trick Room
|upkeep
|turn|6
|
|t:|1641721090
|switch|p1a: Landorus|Landorus-Therian, M|100/100
|-ability|p1a: Landorus|Intimidate|boost
|-unboost|p2a: Marowak|atk|1
|move|p2a: Marowak|Poltergeist|p1a: Landorus
|-activate|p1a: Landorus|move: Poltergeist|Leftovers
|-crit|p1a: Landorus
|-damage|p1a: Landorus|0 fnt
|faint|p1a: Landorus
|
|-weather|SunnyDay|[upkeep]
|upkeep
|
|t:|1641721098
|switch|p1a: Zapdos|Zapdos-Galar|100/100
|turn|7
|
|t:|1641721109
|move|p1a: Zapdos|Brave Bird|p2a: Marowak
|-damage|p2a: Marowak|17/100
|-damage|p1a: Zapdos|73/100|[from] Recoil
|move|p2a: Marowak|Poltergeist|p1a: Zapdos
|-activate|p1a: Zapdos|move: Poltergeist|Choice Band
|-damage|p1a: Zapdos|0 fnt
|faint|p1a: Zapdos
|
|-weather|none
|upkeep
|
|t:|1641721114
|switch|p1a: Tapu Bulu|Tapu Bulu|100/100
|-fieldstart|move: Grassy Terrain|[from] ability: Grassy Surge|[of] p1a: Tapu Bulu
|turn|8
|
|t:|1641721124
|switch|p2a: Melmetal|Melmetal|100/100
|move|p1a: Tapu Bulu|Horn Leech|p2a: Melmetal
|-resisted|p2a: Melmetal
|-damage|p2a: Melmetal|87/100
|
|-heal|p2a: Melmetal|93/100|[from] Grassy Terrain
|upkeep
|turn|9
|
|t:|1641721134
|switch|p1a: Toxapex|Toxapex, M|100/100
|switch|p2a: Mimikyu|Mimikyu, M|100/100
|
|upkeep
|turn|10
|
|t:|1641721141
|move|p2a: Mimikyu|Curse|p1a: Toxapex
|-start|p1a: Toxapex|Curse|[of] p2a: Mimikyu
|-damage|p2a: Mimikyu|50/100
|move|p1a: Toxapex|Scald|p2a: Mimikyu
|-activate|p2a: Mimikyu|ability: Disguise
|-damage|p2a: Mimikyu|50/100
|-status|p2a: Mimikyu|brn
|detailschange|p2a: Mimikyu|Mimikyu-Busted, M
|-damage|p2a: Mimikyu|38/100 brn|[from] pokemon: Mimikyu-Busted
|
|-heal|p2a: Mimikyu|44/100 brn|[from] Grassy Terrain
|-damage|p2a: Mimikyu|38/100 brn|[from] brn
|-damage|p1a: Toxapex|75/100|[from] Curse
|upkeep
|turn|11
|
|t:|1641721157
|switch|p1a: Ferrothorn|Ferrothorn, F|100/100
|move|p2a: Mimikyu|Trick Room|p2a: Mimikyu
|-fieldstart|move: Trick Room|[of] p2a: Mimikyu
|
|-heal|p2a: Mimikyu|44/100 brn|[from] Grassy Terrain
|-damage|p2a: Mimikyu|38/100 brn|[from] brn
|upkeep
|turn|12
|inactive|Battle timer is ON: inactive players will automatically lose when time's up. (requested by Pudistor Alpha)
|
|t:|1641721185
|move|p1a: Ferrothorn|Knock Off|p2a: Mimikyu
|-crit|p2a: Mimikyu
|-damage|p2a: Mimikyu|0 fnt
|-enditem|p2a: Mimikyu|Life Orb|[from] move: Knock Off|[of] p1a: Ferrothorn
|faint|p2a: Mimikyu
|
|-fieldend|move: Grassy Terrain
|upkeep
|
|t:|1641721192
|switch|p2a: Torkoal|Torkoal, M|100/100
|-weather|SunnyDay|[from] ability: Drought|[of] p2a: Torkoal
|turn|13
|
|t:|1641721199
|switch|p1a: Toxapex|Toxapex, M|100/100
|move|p2a: Torkoal|Eruption|p1a: Toxapex
|-resisted|p1a: Toxapex
|-damage|p1a: Toxapex|36/100
|
|-weather|SunnyDay|[upkeep]
|upkeep
|turn|14
|
|t:|1641721208
|move|p2a: Torkoal|Eruption|p1a: Toxapex
|-resisted|p1a: Toxapex
|-damage|p1a: Toxapex|0 fnt
|faint|p1a: Toxapex
|
|-weather|SunnyDay|[upkeep]
|upkeep
|-message|welcome to uuniqlo forfeited.
|
|win|Pudistor Alpha
|raw|welcome to uuniqlo's rating: 1610 &rarr; <strong>1592</strong><br />(-18 for losing)
|raw|Pudistor Alpha's rating: 1651 &rarr; <strong>1669</strong><br />(+18 for winning)
|l|☆welcome to uuniqlo
|l| CoreyTrevorSmokes
|c|☆Pudistor Alpha|What a destruction.
