|j|☆spritecranberry123
|j|☆Lkjc washed
|t:|1641877059
|gametype|singles
|player|p1|spritecranberry123|alder|1011
|player|p2|Lkjc washed|waiter-gen4|1040
|teamsize|p1|6
|teamsize|p2|6
|gen|8
|tier|[Gen 8] OU
|rated|
|rule|Sleep Clause Mod: Limit one foe put to sleep
|rule|Species Clause: Limit one of each Pokémon
|rule|OHKO Clause: OHKO moves are banned
|rule|Evasion Moves Clause: Evasion moves are banned
|rule|Endless Battle Clause: Forcing endless battles is banned
|rule|HP Percentage Mod: HP is shown in percentages
|rule|Dynamax Clause: You cannot dynamax
|clearpoke
|poke|p1|Tapu Koko|
|poke|p1|Volcarona, F|
|poke|p1|Ferrothorn, M|
|poke|p1|Keldeo-Resolute|
|poke|p1|Tornadus-Therian, M|
|poke|p1|Toxapex, F|
|poke|p2|Tyranitar, M|
|poke|p2|Reuniclus, M|
|poke|p2|Excadrill, M|
|poke|p2|Flygon, F|
|poke|p2|Amoonguss, M|
|poke|p2|Terrakion|
|teampreview
|
|t:|1641877098
|start
|switch|p1a: Ferrothorn|Ferrothorn, M|100/100
|switch|p2a: Fly gone|Flygon, F|100/100
|turn|1
|
|t:|1641877104
|move|p2a: Fly gone|Fire Blast|p1a: Ferrothorn|[miss]
|-miss|p2a: Fly gone|p1a: Ferrothorn
|move|p1a: Ferrothorn|Stealth Rock|p2a: Fly gone
|-sidestart|p2: Lkjc washed|move: Stealth Rock
|
|upkeep
|turn|2
|
|t:|1641877120
|switch|p1a: Toxapex|Toxapex, F|100/100
|move|p2a: Fly gone|Fire Blast|p1a: Toxapex
|-resisted|p1a: Toxapex
|-damage|p1a: Toxapex|89/100
|
|-heal|p1a: Toxapex|95/100|[from] item: Black Sludge
|upkeep
|turn|3
|
|t:|1641877131
|switch|p2a: lil baby|Reuniclus, M|100/100
|move|p1a: Toxapex|Scald|p2a: lil baby
|-damage|p2a: lil baby|91/100
|-status|p2a: lil baby|brn
|
|-heal|p1a: Toxapex|100/100|[from] item: Black Sludge
|-heal|p2a: lil baby|97/100 brn|[from] item: Leftovers
|upkeep
|turn|4
|
|t:|1641877148
|switch|p1a: Volcarona|Volcarona, F|100/100
|move|p2a: lil baby|Psyshock|p1a: Volcarona
|-damage|p1a: Volcarona|48/100
|
|-heal|p2a: lil baby|100/100 brn|[from] item: Leftovers
|upkeep
|turn|5
|
|t:|1641877171
|switch|p2a: RU gang|Tyranitar, M|100/100
|-damage|p2a: RU gang|88/100|[from] Stealth Rock
|-weather|Sandstorm|[from] ability: Sand Stream|[of] p2a: RU gang
|move|p1a: Volcarona|Bug Buzz|p2a: RU gang
|-supereffective|p2a: RU gang
|-damage|p2a: RU gang|38/100
|
|-weather|Sandstorm|[upkeep]
|-damage|p1a: Volcarona|42/100|[from] Sandstorm
|-heal|p2a: RU gang|44/100|[from] item: Leftovers
|upkeep
|turn|6
|
|t:|1641877188
|switch|p2a: towakion uwu|Terrakion|100/100
|-damage|p2a: towakion uwu|94/100|[from] Stealth Rock
|move|p1a: Volcarona|Bug Buzz|p2a: towakion uwu
|-resisted|p2a: towakion uwu
|-damage|p2a: towakion uwu|77/100
|
|-weather|Sandstorm|[upkeep]
|-damage|p1a: Volcarona|36/100|[from] Sandstorm
|upkeep
|turn|7
|
|t:|1641877202
|move|p2a: towakion uwu|Earthquake|p1a: Volcarona
|-damage|p1a: Volcarona|0 fnt
|faint|p1a: Volcarona
|
|-weather|Sandstorm|[upkeep]
|upkeep
|
|t:|1641877215
|switch|p1a: Keldeo|Keldeo-Resolute|100/100
|turn|8
|
|t:|1641877220
|switch|p2a: Spore|Amoonguss, M|100/100
|-damage|p2a: Spore|88/100|[from] Stealth Rock
|move|p1a: Keldeo|Surf|p2a: Spore
|-resisted|p2a: Spore
|-crit|p2a: Spore
|-damage|p2a: Spore|38/100
|
|-weather|Sandstorm|[upkeep]
|-damage|p1a: Keldeo|94/100|[from] Sandstorm
|-damage|p2a: Spore|32/100|[from] Sandstorm
|-heal|p2a: Spore|38/100|[from] item: Black Sludge
|upkeep
|turn|9
|
|t:|1641877234
|switch|p1a: Tornadus|Tornadus-Therian, M|100/100
|move|p2a: Spore|Giga Drain|p1a: Tornadus
|-resisted|p1a: Tornadus
|-damage|p1a: Tornadus|85/100
|-heal|p2a: Spore|43/100|[from] drain|[of] p1a: Tornadus
|
|-weather|none
|-heal|p2a: Spore|50/100|[from] item: Black Sludge
|upkeep
|turn|10
|
|t:|1641877246
|switch|p2a: RU gang|Tyranitar, M|44/100
|-damage|p2a: RU gang|31/100|[from] Stealth Rock
|-weather|Sandstorm|[from] ability: Sand Stream|[of] p2a: RU gang
|move|p1a: Tornadus|Psychic|p2a: RU gang
|-immune|p2a: RU gang
|
|-weather|Sandstorm|[upkeep]
|-damage|p1a: Tornadus|79/100|[from] Sandstorm
|-heal|p2a: RU gang|38/100|[from] item: Leftovers
|upkeep
|turn|11
|
|t:|1641877267
|switch|p1a: Keldeo|Keldeo-Resolute|94/100
|move|p2a: RU gang|Stealth Rock|p1a: Keldeo
|-sidestart|p1: spritecranberry123|move: Stealth Rock
|
|-weather|Sandstorm|[upkeep]
|-damage|p1a: Keldeo|88/100|[from] Sandstorm
|-heal|p2a: RU gang|44/100|[from] item: Leftovers
|upkeep
|turn|12
|
|t:|1641877278
|switch|p2a: Spore|Amoonguss, M|83/100
|-damage|p2a: Spore|70/100|[from] Stealth Rock
|move|p1a: Keldeo|Icy Wind|p2a: Spore
|-supereffective|p2a: Spore
|-damage|p2a: Spore|15/100
|-unboost|p2a: Spore|spe|1
|
|-weather|Sandstorm|[upkeep]
|-damage|p1a: Keldeo|82/100|[from] Sandstorm
|-damage|p2a: Spore|9/100|[from] Sandstorm
|-heal|p2a: Spore|15/100|[from] item: Black Sludge
|upkeep
|turn|13
|
|t:|1641877289
|switch|p2a: lil baby|Reuniclus, M|100/100 brn
|move|p1a: Keldeo|Icy Wind|p2a: lil baby
|-damage|p2a: lil baby|83/100 brn
|-unboost|p2a: lil baby|spe|1
|
|-weather|Sandstorm|[upkeep]
|-damage|p1a: Keldeo|76/100|[from] Sandstorm
|-heal|p2a: lil baby|89/100 brn|[from] item: Leftovers
|upkeep
|turn|14
|
|t:|1641877311
|switch|p1a: Tornadus|Tornadus-Therian, M|100/100
|move|p2a: lil baby|Psyshock|p1a: Tornadus
|-damage|p1a: Tornadus|51/100
|
|-weather|none
|-heal|p2a: lil baby|95/100 brn|[from] item: Leftovers
|upkeep
|turn|15
|
|t:|1641877320
|move|p1a: Tornadus|Dark Pulse|p2a: lil baby
|-supereffective|p2a: lil baby
|-crit|p2a: lil baby
|-damage|p2a: lil baby|44/100 brn
|move|p2a: lil baby|Thunder|p1a: Tornadus
|-supereffective|p1a: Tornadus
|-damage|p1a: Tornadus|0 fnt
|faint|p1a: Tornadus
|
|-heal|p2a: lil baby|50/100 brn|[from] item: Leftovers
|upkeep
|l|☆Lkjc washed
|player|p2|
|
|t:|1641877341
|switch|p1a: Ferrothorn|Ferrothorn, M|100/100
|-damage|p1a: Ferrothorn|95/100|[from] Stealth Rock
|turn|16
|j|☆Lkjc washed
|player|p2|Lkjc washed|waiter-gen4
|
|t:|1641877347
|move|p1a: Ferrothorn|Knock Off|p2a: lil baby
|-supereffective|p2a: lil baby
|-damage|p2a: lil baby|8/100 brn
|-enditem|p2a: lil baby|Leftovers|[from] move: Knock Off|[of] p1a: Ferrothorn
|move|p2a: lil baby|Recover|p2a: lil baby
|-heal|p2a: lil baby|58/100 brn
|
|upkeep
|turn|17
|
|t:|1641877354
|move|p1a: Ferrothorn|Leech Seed|p2a: lil baby
|-start|p2a: lil baby|move: Leech Seed
|move|p2a: lil baby|Recover|p2a: lil baby
|-heal|p2a: lil baby|100/100 brn
|
|upkeep
|turn|18
|
|t:|1641877360
|move|p1a: Ferrothorn|Knock Off|p2a: lil baby
|-supereffective|p2a: lil baby
|-damage|p2a: lil baby|72/100 brn
|move|p2a: lil baby|Calm Mind|p2a: lil baby
|-boost|p2a: lil baby|spa|1
|-boost|p2a: lil baby|spd|1
|
|upkeep
|turn|19
|
|t:|1641877367
|move|p1a: Ferrothorn|Knock Off|p2a: lil baby
|-supereffective|p2a: lil baby
|-damage|p2a: lil baby|41/100 brn
|move|p2a: lil baby|Calm Mind|p2a: lil baby
|-boost|p2a: lil baby|spa|1
|-boost|p2a: lil baby|spd|1
|
|upkeep
|turn|20
|
|t:|1641877377
|move|p1a: Ferrothorn|Knock Off|p2a: lil baby
|-supereffective|p2a: lil baby
|-damage|p2a: lil baby|11/100 brn
|move|p2a: lil baby|Recover|p2a: lil baby
|-heal|p2a: lil baby|61/100 brn
|
|upkeep
|turn|21
|
|t:|1641877384
|move|p1a: Ferrothorn|Knock Off|p2a: lil baby
|-supereffective|p2a: lil baby
|-damage|p2a: lil baby|33/100 brn
|move|p2a: lil baby|Recover|p2a: lil baby
|-heal|p2a: lil baby|83/100 brn
|
|upkeep
|turn|22
|
|t:|1641877389
|move|p1a: Ferrothorn|Knock Off|p2a: lil baby
|-supereffective|p2a: lil baby
|-damage|p2a: lil baby|54/100 brn
|move|p2a: lil baby|Recover|p2a: lil baby
|-heal|p2a: lil baby|100/100 brn
|
|upkeep
|turn|23
|
|t:|1641877395
|move|p1a: Ferrothorn|Knock Off|p2a: lil baby
|-supereffective|p2a: lil baby
|-damage|p2a: lil baby|73/100 brn
|move|p2a: lil baby|Calm Mind|p2a: lil baby
|-boost|p2a: lil baby|spa|1
|-boost|p2a: lil baby|spd|1
|
|upkeep
|turn|24
|
|t:|1641877401
|move|p1a: Ferrothorn|Knock Off|p2a: lil baby
|-supereffective|p2a: lil baby
|-damage|p2a: lil baby|44/100 brn
|move|p2a: lil baby|Recover|p2a: lil baby
|-heal|p2a: lil baby|94/100 brn
|
|upkeep
|turn|25
|
|t:|1641877407
|move|p1a: Ferrothorn|Knock Off|p2a: lil baby
|-supereffective|p2a: lil baby
|-damage|p2a: lil baby|67/100 brn
|move|p2a: lil baby|Calm Mind|p2a: lil baby
|-boost|p2a: lil baby|spa|1
|-boost|p2a: lil baby|spd|1
|
|upkeep
|turn|26
|
|t:|1641877414
|move|p1a: Ferrothorn|Knock Off|p2a: lil baby
|-supereffective|p2a: lil baby
|-damage|p2a: lil baby|39/100 brn
|move|p2a: lil baby|Recover|p2a: lil baby
|-heal|p2a: lil baby|89/100 brn
|
|upkeep
|turn|27
|
|t:|1641877419
|move|p1a: Ferrothorn|Knock Off|p2a: lil baby
|-supereffective|p2a: lil baby
|-crit|p2a: lil baby
|-damage|p2a: lil baby|48/100 brn
|move|p2a: lil baby|Calm Mind|p2a: lil baby
|-boost|p2a: lil baby|spa|1
|-boost|p2a: lil baby|spd|1
|
|upkeep
|turn|28
|
|t:|1641877427
|move|p1a: Ferrothorn|Knock Off|p2a: lil baby
|-supereffective|p2a: lil baby
|-damage|p2a: lil baby|21/100 brn
|move|p2a: lil baby|Recover|p2a: lil baby
|-heal|p2a: lil baby|71/100 brn
|
|upkeep
|turn|29
|
|t:|1641877433
|move|p1a: Ferrothorn|Knock Off|p2a: lil baby
|-supereffective|p2a: lil baby
|-damage|p2a: lil baby|41/100 brn
|move|p2a: lil baby|Recover|p2a: lil baby
|-heal|p2a: lil baby|91/100 brn
|
|upkeep
|turn|30
|
|t:|1641877440
|move|p1a: Ferrothorn|Knock Off|p2a: lil baby
|-supereffective|p2a: lil baby
|-damage|p2a: lil baby|59/100 brn
|move|p2a: lil baby|Calm Mind|p2a: lil baby
|-boost|p2a: lil baby|spa|1
|-boost|p2a: lil baby|spd|1
|
|upkeep
|turn|31
|
|t:|1641877446
|move|p1a: Ferrothorn|Knock Off|p2a: lil baby
|-supereffective|p2a: lil baby
|-damage|p2a: lil baby|29/100 brn
|move|p2a: lil baby|Recover|p2a: lil baby
|-heal|p2a: lil baby|79/100 brn
|
|upkeep
|turn|32
|
|t:|1641877451
|move|p1a: Ferrothorn|Knock Off|p2a: lil baby
|-supereffective|p2a: lil baby
|-damage|p2a: lil baby|50/100 brn
|move|p2a: lil baby|Recover|p2a: lil baby
|-heal|p2a: lil baby|99/100 brn
|
|upkeep
|turn|33
|
|t:|1641877457
|move|p1a: Ferrothorn|Protect|p1a: Ferrothorn
|-singleturn|p1a: Ferrothorn|Protect
|move|p2a: lil baby|Psyshock|p1a: Ferrothorn
|-activate|p1a: Ferrothorn|move: Protect
|
|upkeep
|turn|34
|
|t:|1641877463
|move|p1a: Ferrothorn|Knock Off|p2a: lil baby
|-supereffective|p2a: lil baby
|-damage|p2a: lil baby|72/100 brn
|move|p2a: lil baby|Psyshock|p1a: Ferrothorn
|-resisted|p1a: Ferrothorn
|-damage|p1a: Ferrothorn|57/100
|
|upkeep
|turn|35
|
|t:|1641877470
|move|p1a: Ferrothorn|Knock Off|p2a: lil baby
|-supereffective|p2a: lil baby
|-damage|p2a: lil baby|42/100 brn
|move|p2a: lil baby|Recover|p2a: lil baby
|-heal|p2a: lil baby|92/100 brn
|
|upkeep
|turn|36
|
|t:|1641877476
|move|p1a: Ferrothorn|Knock Off|p2a: lil baby
|-supereffective|p2a: lil baby
|-damage|p2a: lil baby|61/100 brn
|move|p2a: lil baby|Psyshock|p1a: Ferrothorn
|-resisted|p1a: Ferrothorn
|-damage|p1a: Ferrothorn|17/100
|
|upkeep
|turn|37
|
|t:|1641877495
|move|p1a: Ferrothorn|Knock Off|p2a: lil baby
|-supereffective|p2a: lil baby
|-damage|p2a: lil baby|33/100 brn
|move|p2a: lil baby|Recover|p2a: lil baby
|-heal|p2a: lil baby|83/100 brn
|
|upkeep
|turn|38
|
|t:|1641877501
|move|p1a: Ferrothorn|Knock Off|p2a: lil baby
|-supereffective|p2a: lil baby
|-damage|p2a: lil baby|55/100 brn
|move|p2a: lil baby|Recover|p2a: lil baby
|-heal|p2a: lil baby|100/100 brn
|
|upkeep
|turn|39
|
|t:|1641877507
|move|p1a: Ferrothorn|Knock Off|p2a: lil baby
|-supereffective|p2a: lil baby
|-damage|p2a: lil baby|72/100 brn
|move|p2a: lil baby|Psyshock|p1a: Ferrothorn
|-resisted|p1a: Ferrothorn
|-damage|p1a: Ferrothorn|0 fnt
|faint|p1a: Ferrothorn
|
|upkeep
|
|t:|1641877523
|switch|p1a: Tapu Koko|Tapu Koko|100/100
|-damage|p1a: Tapu Koko|88/100|[from] Stealth Rock
|-fieldstart|move: Electric Terrain|[from] ability: Electric Surge|[of] p1a: Tapu Koko
|-item|p1a: Tapu Koko|Air Balloon
|turn|40
|
|t:|1641877530
|move|p1a: Tapu Koko|Brave Bird|p2a: lil baby
|-damage|p2a: lil baby|33/100 brn
|-damage|p1a: Tapu Koko|69/100|[from] Recoil
|move|p2a: lil baby|Psyshock|p1a: Tapu Koko
|-damage|p1a: Tapu Koko|0 fnt
|-enditem|p1a: Tapu Koko|Air Balloon
|faint|p1a: Tapu Koko
|
|upkeep
|
|t:|1641877538
|switch|p1a: Keldeo|Keldeo-Resolute|76/100
|-damage|p1a: Keldeo|70/100|[from] Stealth Rock
|turn|41
|
|t:|1641877552
|move|p1a: Keldeo|Surf|p2a: lil baby
|-damage|p2a: lil baby|22/100 brn
|move|p2a: lil baby|Psyshock|p1a: Keldeo
|-supereffective|p1a: Keldeo
|-damage|p1a: Keldeo|0 fnt
|faint|p1a: Keldeo
|
|upkeep
|-message|spritecranberry123 forfeited.
|
|win|Lkjc washed
|raw|spritecranberry123's rating: 1011 &rarr; <strong>1000</strong><br />(-11 for losing)
|raw|Lkjc washed's rating: 1040 &rarr; <strong>1071</strong><br />(+31 for winning)
|l|☆spritecranberry123
