|j|☆Mitsotaki Gamiesai
|j|☆Friezzzz
|t:|1641707178
|gametype|singles
|player|p1|Mitsotaki Gamiesai|backers|1639
|player|p2|Friezzzz|170|1656
|teamsize|p1|6
|teamsize|p2|6
|gen|8
|tier|[Gen 8] OU
|rated|
|rule|Sleep Clause Mod: Limit one foe put to sleep
|rule|Species Clause: Limit one of each Pokémon
|rule|OHKO Clause: OHKO moves are banned
|rule|Evasion Moves Clause: Evasion moves are banned
|rule|Endless Battle Clause: Forcing endless battles is banned
|rule|HP Percentage Mod: HP is shown in percentages
|rule|Dynamax Clause: You cannot dynamax
|clearpoke
|poke|p1|Arctozolt|
|poke|p1|Ninetales-Alola, F|
|poke|p1|Weavile, M|
|poke|p1|Corviknight, M|
|poke|p1|Volcanion|
|poke|p1|Landorus-Therian, M|
|poke|p2|Suicune|
|poke|p2|Blissey, F|
|poke|p2|Hippowdon, F|
|poke|p2|Tapu Lele|
|poke|p2|Buzzwole|
|poke|p2|Zapdos|
|teampreview
|inactive|Battle timer is ON: inactive players will automatically lose when time's up. (requested by Friezzzz)
|j| JDMonika
|
|t:|1641707202
|start
|switch|p1a: Volcanion|Volcanion|100/100
|switch|p2a: Hippowdon|Hippowdon, F|100/100
|-weather|Sandstorm|[from] ability: Sand Stream|[of] p2a: Hippowdon
|turn|1
|j| BabyPigsAreLaughin
|
|t:|1641707209
|switch|p2a: Suicune|Suicune|100/100
|-ability|p2a: Suicune|Pressure
|move|p1a: Volcanion|Steam Eruption|p2a: Suicune
|-resisted|p2a: Suicune
|-damage|p2a: Suicune|79/100
|-status|p2a: Suicune|brn
|
|-weather|Sandstorm|[upkeep]
|-damage|p2a: Suicune|73/100 brn|[from] Sandstorm
|-damage|p1a: Volcanion|94/100|[from] Sandstorm
|-heal|p2a: Suicune|79/100 brn|[from] item: Leftovers
|-damage|p2a: Suicune|73/100 brn|[from] brn
|upkeep
|turn|2
|
|t:|1641707226
|switch|p1a: Ninetales|Ninetales-Alola, F|100/100
|-weather|Hail|[from] ability: Snow Warning|[of] p1a: Ninetales
|move|p2a: Suicune|Scald|p1a: Ninetales
|-damage|p1a: Ninetales|71/100
|
|-weather|Hail|[upkeep]
|-damage|p2a: Suicune|67/100 brn|[from] Hail
|-heal|p2a: Suicune|73/100 brn|[from] item: Leftovers
|-damage|p2a: Suicune|67/100 brn|[from] brn
|upkeep
|turn|3
|
|t:|1641707234
|switch|p2a: Blissey|Blissey, F|100/100
|move|p1a: Ninetales|Freeze-Dry|p2a: Blissey
|-damage|p2a: Blissey|91/100
|
|-weather|Hail|[upkeep]
|-damage|p2a: Blissey|85/100|[from] Hail
|upkeep
|turn|4
|
|t:|1641707250
|switch|p1a: Landorus|Landorus-Therian, M|100/100
|-ability|p1a: Landorus|Intimidate|boost
|-unboost|p2a: Blissey|atk|1
|switch|p2a: Hippowdon|Hippowdon, F|100/100
|-weather|Sandstorm|[from] ability: Sand Stream|[of] p2a: Hippowdon
|
|-weather|Sandstorm|[upkeep]
|upkeep
|turn|5
|
|t:|1641707256
|move|p1a: Landorus|Toxic|p2a: Hippowdon
|-status|p2a: Hippowdon|tox
|move|p2a: Hippowdon|Toxic|p1a: Landorus
|-status|p1a: Landorus|tox
|
|-weather|Sandstorm|[upkeep]
|-damage|p1a: Landorus|94/100 tox|[from] psn
|-damage|p2a: Hippowdon|94/100 tox|[from] psn
|upkeep
|turn|6
|
|t:|1641707263
|move|p1a: Landorus|U-turn|p2a: Hippowdon
|-damage|p2a: Hippowdon|78/100 tox
|
|t:|1641707266
|switch|p1a: Corviknight|Corviknight, M|100/100|[from]move: U-turn
|-ability|p1a: Corviknight|Pressure
|move|p2a: Hippowdon|Stealth Rock|p1a: Corviknight
|-sidestart|p1: Mitsotaki Gamiesai|move: Stealth Rock
|
|-weather|Sandstorm|[upkeep]
|-heal|p2a: Hippowdon|84/100 tox|[from] item: Leftovers
|-damage|p2a: Hippowdon|72/100 tox|[from] psn
|upkeep
|turn|7
|
|t:|1641707270
|switch|p2a: Blissey|Blissey, F|85/100
|move|p1a: Corviknight|Defog|p2a: Blissey
|-unboost|p2a: Blissey|evasion|1
|-sideend|p1: Mitsotaki Gamiesai|Stealth Rock|[from] move: Defog|[of] p1a: Corviknight
|
|-weather|Sandstorm|[upkeep]
|-damage|p2a: Blissey|78/100|[from] Sandstorm
|upkeep
|turn|8
|
|t:|1641707273
|move|p2a: Blissey|Aromatherapy|p2a: Blissey
|-activate|p2a: Blissey|move: Aromatherapy
|-curestatus|p2: Suicune|brn|[msg]
|-curestatus|p2: Hippowdon|tox|[msg]
|move|p1a: Corviknight|Body Press|p2a: Blissey
|-supereffective|p2a: Blissey
|-damage|p2a: Blissey|29/100
|
|-weather|none
|upkeep
|turn|9
|
|t:|1641707280
|move|p2a: Blissey|Soft-Boiled|p2a: Blissey
|-heal|p2a: Blissey|79/100
|move|p1a: Corviknight|Body Press|p2a: Blissey
|-supereffective|p2a: Blissey
|-damage|p2a: Blissey|32/100
|
|upkeep
|turn|10
|
|t:|1641707284
|move|p2a: Blissey|Soft-Boiled|p2a: Blissey
|-heal|p2a: Blissey|82/100
|move|p1a: Corviknight|Body Press|p2a: Blissey
|-supereffective|p2a: Blissey
|-damage|p2a: Blissey|38/100
|
|upkeep
|turn|11
|
|t:|1641707287
|move|p2a: Blissey|Soft-Boiled|p2a: Blissey
|-heal|p2a: Blissey|88/100
|move|p1a: Corviknight|Body Press|p2a: Blissey
|-supereffective|p2a: Blissey
|-damage|p2a: Blissey|42/100
|
|upkeep
|turn|12
|
|t:|1641707292
|move|p2a: Blissey|Soft-Boiled|p2a: Blissey
|-heal|p2a: Blissey|92/100
|move|p1a: Corviknight|Body Press|p2a: Blissey
|-supereffective|p2a: Blissey
|-damage|p2a: Blissey|47/100
|
|upkeep
|turn|13
|
|t:|1641707297
|switch|p2a: Zapdos|Zapdos|100/100
|move|p1a: Corviknight|Body Press|p2a: Zapdos
|-resisted|p2a: Zapdos
|-damage|p2a: Zapdos|92/100
|
|upkeep
|turn|14
|
|t:|1641707303
|switch|p2a: Buzzwole|Buzzwole|100/100
|switch|p1a: Landorus|Landorus-Therian, M|94/100 tox
|-ability|p1a: Landorus|Intimidate|boost
|-unboost|p2a: Buzzwole|atk|1
|
|-heal|p1a: Landorus|100/100 tox|[from] item: Leftovers
|-damage|p1a: Landorus|94/100 tox|[from] psn
|upkeep
|turn|15
|
|t:|1641707307
|switch|p1a: Corviknight|Corviknight, M|100/100
|-ability|p1a: Corviknight|Pressure
|move|p2a: Buzzwole|Ice Punch|p1a: Corviknight
|-damage|p1a: Corviknight|90/100
|-enditem|p1a: Corviknight|Eject Button
|
|t:|1641707312
|switch|p1a: Ninetales|Ninetales-Alola, F|71/100
|-weather|Hail|[from] ability: Snow Warning|[of] p1a: Ninetales
|
|-weather|Hail|[upkeep]
|-damage|p2a: Buzzwole|94/100|[from] Hail
|upkeep
|turn|16
|
|t:|1641707319
|switch|p1a: Arctozolt|Arctozolt|100/100
|switch|p2a: Hippowdon|Hippowdon, F|72/100
|-weather|Sandstorm|[from] ability: Sand Stream|[of] p2a: Hippowdon
|
|-weather|Sandstorm|[upkeep]
|-damage|p1a: Arctozolt|94/100|[from] Sandstorm
|-heal|p1a: Arctozolt|100/100|[from] item: Leftovers
|-heal|p2a: Hippowdon|78/100|[from] item: Leftovers
|upkeep
|turn|17
|
|t:|1641707329
|switch|p1a: Corviknight|Corviknight, M|90/100
|-ability|p1a: Corviknight|Pressure
|switch|p2a: Buzzwole|Buzzwole|94/100
|
|-weather|Sandstorm|[upkeep]
|-damage|p2a: Buzzwole|88/100|[from] Sandstorm
|upkeep
|turn|18
|
|t:|1641707341
|switch|p2a: Zapdos|Zapdos|92/100
|move|p1a: Corviknight|U-turn|p2a: Zapdos
|-resisted|p2a: Zapdos
|-damage|p2a: Zapdos|86/100
|
|t:|1641707345
|switch|p1a: Ninetales|Ninetales-Alola, F|71/100|[from]move: U-turn
|-weather|Hail|[from] ability: Snow Warning|[of] p1a: Ninetales
|
|-weather|Hail|[upkeep]
|-damage|p2a: Zapdos|80/100|[from] Hail
|upkeep
|turn|19
|
|t:|1641707351
|switch|p2a: Blissey|Blissey, F|47/100
|move|p1a: Ninetales|Freeze-Dry|p2a: Blissey
|-damage|p2a: Blissey|37/100
|
|-weather|Hail|[upkeep]
|-damage|p2a: Blissey|31/100|[from] Hail
|upkeep
|turn|20
|
|t:|1641707355
|move|p1a: Ninetales|Hypnosis|p2a: Blissey
|-status|p2a: Blissey|slp|[from] move: Hypnosis
|cant|p2a: Blissey|slp
|
|-weather|Hail|[upkeep]
|-damage|p2a: Blissey|25/100 slp|[from] Hail
|upkeep
|turn|21
|
|t:|1641707365
|switch|p1a: Weavile|Weavile, M|100/100
|-ability|p1a: Weavile|Pressure
|cant|p2a: Blissey|slp
|
|-weather|Hail|[upkeep]
|-damage|p2a: Blissey|19/100 slp|[from] Hail
|upkeep
|turn|22
|
|t:|1641707372
|switch|p2a: Buzzwole|Buzzwole|88/100
|move|p1a: Weavile|Knock Off|p2a: Buzzwole
|-resisted|p2a: Buzzwole
|-damage|p2a: Buzzwole|73/100
|-damage|p1a: Weavile|84/100|[from] item: Rocky Helmet|[of] p2a: Buzzwole
|-enditem|p2a: Buzzwole|Rocky Helmet|[from] move: Knock Off|[of] p1a: Weavile
|
|-weather|Hail|[upkeep]
|-damage|p2a: Buzzwole|67/100|[from] Hail
|upkeep
|turn|23
|
|t:|1641707382
|switch|p1a: Corviknight|Corviknight, M|90/100
|-ability|p1a: Corviknight|Pressure
|move|p2a: Buzzwole|Roost|p2a: Buzzwole
|-heal|p2a: Buzzwole|100/100
|-singleturn|p2a: Buzzwole|move: Roost
|
|-weather|Hail|[upkeep]
|-damage|p2a: Buzzwole|94/100|[from] Hail
|-damage|p1a: Corviknight|84/100|[from] Hail
|upkeep
|turn|24
|
|t:|1641707385
|switch|p2a: Zapdos|Zapdos|80/100
|move|p1a: Corviknight|U-turn|p2a: Zapdos
|-resisted|p2a: Zapdos
|-damage|p2a: Zapdos|75/100
|
|t:|1641707400
|switch|p1a: Weavile|Weavile, M|84/100|[from]move: U-turn
|-ability|p1a: Weavile|Pressure
|
|-weather|Hail|[upkeep]
|-damage|p2a: Zapdos|69/100|[from] Hail
|upkeep
|turn|25
|
|t:|1641707405
|switch|p2a: Buzzwole|Buzzwole|94/100
|move|p1a: Weavile|Triple Axel|p2a: Buzzwole
|-damage|p2a: Buzzwole|87/100
|-damage|p2a: Buzzwole|72/100
|-damage|p2a: Buzzwole|51/100
|-hitcount|p2a: Buzzwole|3
|
|-weather|none
|upkeep
|turn|26
|j| Blareglare
|
|t:|1641707416
|switch|p1a: Ninetales|Ninetales-Alola, F|71/100
|-weather|Hail|[from] ability: Snow Warning|[of] p1a: Ninetales
|move|p2a: Buzzwole|Roost|p2a: Buzzwole
|-heal|p2a: Buzzwole|100/100
|-singleturn|p2a: Buzzwole|move: Roost
|
|-weather|Hail|[upkeep]
|-damage|p2a: Buzzwole|94/100|[from] Hail
|upkeep
|turn|27
|
|t:|1641707426
|switch|p2a: Hippowdon|Hippowdon, F|78/100
|-weather|Sandstorm|[from] ability: Sand Stream|[of] p2a: Hippowdon
|move|p1a: Ninetales|Freeze-Dry|p2a: Hippowdon
|-supereffective|p2a: Hippowdon
|-damage|p2a: Hippowdon|43/100
|
|-weather|Sandstorm|[upkeep]
|-damage|p1a: Ninetales|65/100|[from] Sandstorm
|-heal|p2a: Hippowdon|49/100|[from] item: Leftovers
|upkeep
|turn|28
|
|t:|1641707437
|move|p1a: Ninetales|Freeze-Dry|p2a: Hippowdon
|-supereffective|p2a: Hippowdon
|-damage|p2a: Hippowdon|13/100
|move|p2a: Hippowdon|Slack Off|p2a: Hippowdon
|-heal|p2a: Hippowdon|63/100
|
|-weather|Sandstorm|[upkeep]
|-damage|p1a: Ninetales|59/100|[from] Sandstorm
|-heal|p2a: Hippowdon|69/100|[from] item: Leftovers
|upkeep
|turn|29
|
|t:|1641707450
|move|p1a: Ninetales|Encore|p2a: Hippowdon
|-start|p2a: Hippowdon|Encore
|move|p2a: Hippowdon|Slack Off|p2a: Hippowdon
|-heal|p2a: Hippowdon|100/100
|
|-weather|Sandstorm|[upkeep]
|-damage|p1a: Ninetales|53/100|[from] Sandstorm
|upkeep
|turn|30
|j| spectatoring
|
|t:|1641707458
|switch|p1a: Volcanion|Volcanion|94/100
|switch|p2a: Tapu Lele|Tapu Lele|100/100
|-fieldstart|move: Psychic Terrain|[from] ability: Psychic Surge|[of] p2a: Tapu Lele
|
|-weather|Sandstorm|[upkeep]
|-damage|p2a: Tapu Lele|94/100|[from] Sandstorm
|-damage|p1a: Volcanion|88/100|[from] Sandstorm
|upkeep
|turn|31
|
|t:|1641707463
|switch|p2a: Suicune|Suicune|67/100
|-ability|p2a: Suicune|Pressure
|move|p1a: Volcanion|Sludge Bomb|p2a: Suicune
|-damage|p2a: Suicune|43/100
|
|-weather|none
|-heal|p2a: Suicune|49/100|[from] item: Leftovers
|upkeep
|turn|32
|
|t:|1641707476
|switch|p1a: Ninetales|Ninetales-Alola, F|53/100
|-weather|Hail|[from] ability: Snow Warning|[of] p1a: Ninetales
|move|p2a: Suicune|Rest|p2a: Suicune
|-status|p2a: Suicune|slp|[from] move: Rest
|-heal|p2a: Suicune|100/100 slp|[silent]
|
|-weather|Hail|[upkeep]
|-damage|p2a: Suicune|94/100 slp|[from] Hail
|-heal|p2a: Suicune|100/100 slp|[from] item: Leftovers
|upkeep
|turn|33
|
|t:|1641707488
|switch|p2a: Hippowdon|Hippowdon, F|100/100
|-weather|Sandstorm|[from] ability: Sand Stream|[of] p2a: Hippowdon
|move|p1a: Ninetales|Encore||[still]
|-fail|p1a: Ninetales
|
|-weather|Sandstorm|[upkeep]
|-damage|p1a: Ninetales|47/100|[from] Sandstorm
|upkeep
|turn|34
|
|t:|1641707497
|switch|p1a: Corviknight|Corviknight, M|84/100
|-ability|p1a: Corviknight|Pressure
|move|p2a: Hippowdon|Stealth Rock|p1a: Corviknight
|-sidestart|p1: Mitsotaki Gamiesai|move: Stealth Rock
|
|-weather|Sandstorm|[upkeep]
|-fieldend|move: Psychic Terrain
|upkeep
|turn|35
|
|t:|1641707501
|switch|p2a: Suicune|Suicune|100/100 slp
|-ability|p2a: Suicune|Pressure
|move|p1a: Corviknight|Defog|p2a: Suicune
|-unboost|p2a: Suicune|evasion|1
|-sideend|p1: Mitsotaki Gamiesai|Stealth Rock|[from] move: Defog|[of] p1a: Corviknight
|
|-weather|Sandstorm|[upkeep]
|-damage|p2a: Suicune|94/100 slp|[from] Sandstorm
|-heal|p2a: Suicune|100/100 slp|[from] item: Leftovers
|upkeep
|turn|36
|
|t:|1641707507
|switch|p2a: Zapdos|Zapdos|69/100
|move|p1a: Corviknight|U-turn|p2a: Zapdos
|-resisted|p2a: Zapdos
|-damage|p2a: Zapdos|64/100
|-status|p1a: Corviknight|par|[from] ability: Static|[of] p2a: Zapdos
|
|t:|1641707516
|switch|p1a: Weavile|Weavile, M|84/100|[from]move: U-turn
|-ability|p1a: Weavile|Pressure
|
|-weather|Sandstorm|[upkeep]
|-damage|p1a: Weavile|78/100|[from] Sandstorm
|-damage|p2a: Zapdos|58/100|[from] Sandstorm
|upkeep
|turn|37
|
|t:|1641707520
|switch|p1a: Volcanion|Volcanion|88/100
|switch|p2a: Buzzwole|Buzzwole|94/100
|
|-weather|none
|upkeep
|turn|38
|
|t:|1641707528
|switch|p2a: Suicune|Suicune|100/100 slp
|-ability|p2a: Suicune|Pressure
|switch|p1a: Arctozolt|Arctozolt|100/100
|
|upkeep
|turn|39
|j| pika2333
|
|t:|1641707537
|switch|p2a: Buzzwole|Buzzwole|94/100
|switch|p1a: Volcanion|Volcanion|88/100
|
|upkeep
|turn|40
|
|t:|1641707544
|switch|p2a: Suicune|Suicune|100/100 slp
|-ability|p2a: Suicune|Pressure
|switch|p1a: Ninetales|Ninetales-Alola, F|47/100
|-weather|Hail|[from] ability: Snow Warning|[of] p1a: Ninetales
|
|-weather|Hail|[upkeep]
|-damage|p2a: Suicune|94/100 slp|[from] Hail
|-heal|p2a: Suicune|100/100 slp|[from] item: Leftovers
|upkeep
|turn|41
|j| afduihidsuhfiuhds
|
|t:|1641707565
|switch|p2a: Hippowdon|Hippowdon, F|100/100
|-weather|Sandstorm|[from] ability: Sand Stream|[of] p2a: Hippowdon
|move|p1a: Ninetales|Freeze-Dry|p2a: Hippowdon
|-supereffective|p2a: Hippowdon
|-damage|p2a: Hippowdon|66/100
|
|-weather|Sandstorm|[upkeep]
|-damage|p1a: Ninetales|41/100|[from] Sandstorm
|-heal|p2a: Hippowdon|72/100|[from] item: Leftovers
|upkeep
|turn|42
|
|t:|1641707581
|switch|p1a: Weavile|Weavile, M|78/100
|-ability|p1a: Weavile|Pressure
|move|p2a: Hippowdon|Stealth Rock|p1a: Weavile
|-sidestart|p1: Mitsotaki Gamiesai|move: Stealth Rock
|
|-weather|Sandstorm|[upkeep]
|-damage|p1a: Weavile|72/100|[from] Sandstorm
|-heal|p2a: Hippowdon|78/100|[from] item: Leftovers
|upkeep
|turn|43
|
|t:|1641707593
|switch|p1a: Landorus|Landorus-Therian, M|94/100 tox
|-damage|p1a: Landorus|82/100 tox|[from] Stealth Rock
|-ability|p1a: Landorus|Intimidate|boost
|-unboost|p2a: Hippowdon|atk|1
|switch|p2a: Buzzwole|Buzzwole|94/100
|
|-weather|Sandstorm|[upkeep]
|-damage|p2a: Buzzwole|88/100|[from] Sandstorm
|-heal|p1a: Landorus|88/100 tox|[from] item: Leftovers
|-damage|p1a: Landorus|82/100 tox|[from] psn
|upkeep
|turn|44
|
|t:|1641707598
|switch|p1a: Corviknight|Corviknight, M|84/100 par
|-damage|p1a: Corviknight|72/100 par|[from] Stealth Rock
|-ability|p1a: Corviknight|Pressure
|move|p2a: Buzzwole|Ice Punch|p1a: Corviknight
|-damage|p1a: Corviknight|58/100 par
|
|-weather|Sandstorm|[upkeep]
|-damage|p2a: Buzzwole|82/100|[from] Sandstorm
|upkeep
|turn|45
|
|t:|1641707604
|switch|p2a: Suicune|Suicune|100/100 slp
|-ability|p2a: Suicune|Pressure
|move|p1a: Corviknight|Defog|p2a: Suicune
|-unboost|p2a: Suicune|evasion|1
|-sideend|p1: Mitsotaki Gamiesai|Stealth Rock|[from] move: Defog|[of] p1a: Corviknight
|
|-weather|none
|upkeep
|turn|46
|
|t:|1641707609
|cant|p2a: Suicune|slp
|move|p1a: Corviknight|U-turn|p2a: Suicune
|-damage|p2a: Suicune|92/100 slp
|l| Blareglare
|
|t:|1641707626
|switch|p1a: Arctozolt|Arctozolt|100/100|[from]move: U-turn
|
|-heal|p2a: Suicune|98/100 slp|[from] item: Leftovers
|upkeep
|turn|47
|j| Blareglare
|
|t:|1641707630
|switch|p2a: Buzzwole|Buzzwole|82/100
|move|p1a: Arctozolt|Freeze-Dry|p2a: Buzzwole
|-damage|p2a: Buzzwole|44/100
|
|upkeep
|turn|48
|
|t:|1641707643
|move|p2a: Buzzwole|Roost|p2a: Buzzwole
|-heal|p2a: Buzzwole|94/100
|-singleturn|p2a: Buzzwole|move: Roost
|move|p1a: Arctozolt|Bolt Beak|p2a: Buzzwole
|-damage|p2a: Buzzwole|74/100
|
|upkeep
|turn|49
|
|t:|1641707662
|switch|p1a: Landorus|Landorus-Therian, M|82/100 tox
|-ability|p1a: Landorus|Intimidate|boost
|-unboost|p2a: Buzzwole|atk|1
|move|p2a: Buzzwole|Close Combat|p1a: Landorus
|-resisted|p1a: Landorus
|-damage|p1a: Landorus|62/100 tox
|-unboost|p2a: Buzzwole|def|1
|-unboost|p2a: Buzzwole|spd|1
|
|-heal|p1a: Landorus|68/100 tox|[from] item: Leftovers
|-damage|p1a: Landorus|62/100 tox|[from] psn
|upkeep
|turn|50
|
|t:|1641707671
|move|p2a: Buzzwole|Ice Punch|p1a: Landorus
|-supereffective|p1a: Landorus
|-damage|p1a: Landorus|4/100 tox
|move|p1a: Landorus|U-turn|p2a: Buzzwole
|-resisted|p2a: Buzzwole
|-damage|p2a: Buzzwole|65/100
|
|t:|1641707677
|switch|p1a: Weavile|Weavile, M|72/100|[from]move: U-turn
|-ability|p1a: Weavile|Pressure
|
|upkeep
|turn|51
|l| Blareglare
|
|t:|1641707687
|move|p1a: Weavile|Triple Axel|p2a: Buzzwole|[miss]
|-miss|p1a: Weavile|p2a: Buzzwole
|move|p2a: Buzzwole|Roost|p2a: Buzzwole
|-heal|p2a: Buzzwole|100/100
|-singleturn|p2a: Buzzwole|move: Roost
|
|upkeep
|turn|52
|
|t:|1641707700
|switch|p1a: Landorus|Landorus-Therian, M|4/100 tox
|-ability|p1a: Landorus|Intimidate|boost
|-unboost|p2a: Buzzwole|atk|1
|move|p2a: Buzzwole|Lunge|p1a: Landorus
|-resisted|p1a: Landorus
|-crit|p1a: Landorus
|-damage|p1a: Landorus|0 fnt
|faint|p1a: Landorus
|-ability|p2a: Buzzwole|Beast Boost|boost
|-boost|p2a: Buzzwole|def|1
|
|upkeep
|j| Distant Dreamer
|
|t:|1641707703
|switch|p1a: Weavile|Weavile, M|72/100
|-ability|p1a: Weavile|Pressure
|turn|53
|
|t:|1641707711
|move|p1a: Weavile|Swords Dance|p1a: Weavile
|-boost|p1a: Weavile|atk|2
|move|p2a: Buzzwole|Lunge|p1a: Weavile
|-supereffective|p1a: Weavile
|-damage|p1a: Weavile|0 fnt
|faint|p1a: Weavile
|-ability|p2a: Buzzwole|Beast Boost|boost
|-boost|p2a: Buzzwole|def|1
|
|upkeep
|-message|Mitsotaki Gamiesai forfeited.
|
|win|Friezzzz
|raw|Mitsotaki Gamiesai's rating: 1639 &rarr; <strong>1620</strong><br />(-19 for losing)
|raw|Friezzzz's rating: 1656 &rarr; <strong>1675</strong><br />(+19 for winning)
|l|☆Mitsotaki Gamiesai
|l| spectatoring
|l|☆Friezzzz
