|j|‽testingbot42o
|j|☆JeffS69
|t:|1641877868
|gametype|singles
|player|p1|testingbot42o|102|1354
|player|p2|JeffS69|elesa|1351
|teamsize|p1|6
|teamsize|p2|6
|gen|8
|tier|[Gen 8] OU
|rated|
|rule|Sleep Clause Mod: Limit one foe put to sleep
|rule|Species Clause: Limit one of each Pokémon
|rule|OHKO Clause: OHKO moves are banned
|rule|Evasion Moves Clause: Evasion moves are banned
|rule|Endless Battle Clause: Forcing endless battles is banned
|rule|HP Percentage Mod: HP is shown in percentages
|rule|Dynamax Clause: You cannot dynamax
|clearpoke
|poke|p1|Clefable, M|
|poke|p1|Corviknight, M|
|poke|p1|Hydreigon, F|
|poke|p1|Rotom-Wash|
|poke|p1|Hippowdon, F|
|poke|p1|Excadrill, M|
|poke|p2|Magnezone|
|poke|p2|Swampert, M|
|poke|p2|Mandibuzz, F|
|poke|p2|Dragapult, F|
|poke|p2|Ninetales-Alola, M|
|poke|p2|Arctozolt|
|teampreview
|inactive|Battle timer is ON: inactive players will automatically lose when time's up. (requested by testingbot42o)
|
|t:|1641877893
|start
|switch|p1a: Rotom|Rotom-Wash|100/100
|switch|p2a: Swampert|Swampert, M|100/100
|turn|1
|
|t:|1641877898
|switch|p1a: Corviknight|Corviknight, M|100/100
|-ability|p1a: Corviknight|Pressure
|move|p2a: Swampert|Stealth Rock|p1a: Corviknight
|-sidestart|p1: testingbot42o|move: Stealth Rock
|
|upkeep
|turn|2
|
|t:|1641877901
|move|p1a: Corviknight|Bulk Up|p1a: Corviknight
|-boost|p1a: Corviknight|atk|1
|-boost|p1a: Corviknight|def|1
|move|p2a: Swampert|Flip Turn|p1a: Corviknight
|-crit|p1a: Corviknight
|-damage|p1a: Corviknight|75/100
|
|t:|1641877903
|switch|p2a: Magnezone|Magnezone|100/100|[from]move: Flip Turn
|
|-heal|p1a: Corviknight|81/100|[from] item: Leftovers
|upkeep
|turn|3
|
|t:|1641877909
|move|p1a: Corviknight|Substitute|p1a: Corviknight
|-start|p1a: Corviknight|Substitute
|-damage|p1a: Corviknight|56/100
|move|p2a: Magnezone|Substitute|p2a: Magnezone
|-start|p2a: Magnezone|Substitute
|-damage|p2a: Magnezone|76/100
|
|-heal|p1a: Corviknight|62/100|[from] item: Leftovers
|-heal|p2a: Magnezone|82/100|[from] item: Leftovers
|upkeep
|turn|4
|
|t:|1641877912
|move|p1a: Corviknight|Roost|p1a: Corviknight
|-heal|p1a: Corviknight|100/100
|-singleturn|p1a: Corviknight|move: Roost
|move|p2a: Magnezone|Iron Defense|p2a: Magnezone
|-boost|p2a: Magnezone|def|2
|
|-heal|p2a: Magnezone|88/100|[from] item: Leftovers
|upkeep
|turn|5
|
|t:|1641877915
|move|p1a: Corviknight|Bulk Up|p1a: Corviknight
|-boost|p1a: Corviknight|atk|1
|-boost|p1a: Corviknight|def|1
|move|p2a: Magnezone|Iron Defense|p2a: Magnezone
|-boost|p2a: Magnezone|def|2
|
|-heal|p2a: Magnezone|94/100|[from] item: Leftovers
|upkeep
|turn|6
|
|t:|1641877917
|move|p1a: Corviknight|Bulk Up|p1a: Corviknight
|-boost|p1a: Corviknight|atk|1
|-boost|p1a: Corviknight|def|1
|move|p2a: Magnezone|Iron Defense|p2a: Magnezone
|-boost|p2a: Magnezone|def|2
|
|-heal|p2a: Magnezone|99/100|[from] item: Leftovers
|upkeep
|turn|7
|
|t:|1641877918
|move|p1a: Corviknight|Bulk Up|p1a: Corviknight
|-boost|p1a: Corviknight|atk|1
|-boost|p1a: Corviknight|def|1
|move|p2a: Magnezone|Discharge|p1a: Corviknight
|-supereffective|p1a: Corviknight
|-end|p1a: Corviknight|Substitute
|
|-heal|p2a: Magnezone|100/100|[from] item: Leftovers
|upkeep
|turn|8
|
|t:|1641877920
|move|p1a: Corviknight|Substitute|p1a: Corviknight
|-start|p1a: Corviknight|Substitute
|-damage|p1a: Corviknight|75/100
|move|p2a: Magnezone|Discharge|p1a: Corviknight
|-supereffective|p1a: Corviknight
|-end|p1a: Corviknight|Substitute
|
|-heal|p1a: Corviknight|82/100|[from] item: Leftovers
|upkeep
|turn|9
|
|t:|1641877922
|move|p1a: Corviknight|Substitute|p1a: Corviknight
|-start|p1a: Corviknight|Substitute
|-damage|p1a: Corviknight|57/100
|move|p2a: Magnezone|Discharge|p1a: Corviknight
|-supereffective|p1a: Corviknight
|-end|p1a: Corviknight|Substitute
|
|-heal|p1a: Corviknight|63/100|[from] item: Leftovers
|upkeep
|turn|10
|
|t:|1641877924
|move|p1a: Corviknight|Substitute|p1a: Corviknight
|-start|p1a: Corviknight|Substitute
|-damage|p1a: Corviknight|38/100
|move|p2a: Magnezone|Discharge|p1a: Corviknight
|-supereffective|p1a: Corviknight
|-end|p1a: Corviknight|Substitute
|
|-heal|p1a: Corviknight|44/100|[from] item: Leftovers
|upkeep
|turn|11
|
|t:|1641877926
|move|p1a: Corviknight|Substitute|p1a: Corviknight
|-start|p1a: Corviknight|Substitute
|-damage|p1a: Corviknight|19/100
|move|p2a: Magnezone|Discharge|p1a: Corviknight
|-supereffective|p1a: Corviknight
|-end|p1a: Corviknight|Substitute
|
|-heal|p1a: Corviknight|25/100|[from] item: Leftovers
|upkeep
|turn|12
|
|t:|1641877928
|move|p1a: Corviknight|Roost|p1a: Corviknight
|-heal|p1a: Corviknight|75/100
|-singleturn|p1a: Corviknight|move: Roost
|move|p2a: Magnezone|Discharge|p1a: Corviknight
|-damage|p1a: Corviknight|38/100
|
|-heal|p1a: Corviknight|44/100|[from] item: Leftovers
|upkeep
|turn|13
|
|t:|1641877930
|move|p1a: Corviknight|Substitute|p1a: Corviknight
|-start|p1a: Corviknight|Substitute
|-damage|p1a: Corviknight|19/100
|move|p2a: Magnezone|Discharge|p1a: Corviknight
|-supereffective|p1a: Corviknight
|-end|p1a: Corviknight|Substitute
|
|-heal|p1a: Corviknight|25/100|[from] item: Leftovers
|upkeep
|turn|14
|
|t:|1641877931
|move|p1a: Corviknight|Roost|p1a: Corviknight
|-heal|p1a: Corviknight|75/100
|-singleturn|p1a: Corviknight|move: Roost
|move|p2a: Magnezone|Discharge|p1a: Corviknight
|-damage|p1a: Corviknight|38/100
|
|-heal|p1a: Corviknight|44/100|[from] item: Leftovers
|upkeep
|turn|15
|
|t:|1641877933
|move|p1a: Corviknight|Substitute|p1a: Corviknight
|-start|p1a: Corviknight|Substitute
|-damage|p1a: Corviknight|19/100
|move|p2a: Magnezone|Discharge|p1a: Corviknight
|-supereffective|p1a: Corviknight
|-end|p1a: Corviknight|Substitute
|
|-heal|p1a: Corviknight|25/100|[from] item: Leftovers
|upkeep
|turn|16
|
|t:|1641877935
|move|p1a: Corviknight|Roost|p1a: Corviknight
|-heal|p1a: Corviknight|75/100
|-singleturn|p1a: Corviknight|move: Roost
|move|p2a: Magnezone|Discharge|p1a: Corviknight
|-damage|p1a: Corviknight|40/100
|-status|p1a: Corviknight|par
|
|-heal|p1a: Corviknight|47/100 par|[from] item: Leftovers
|upkeep
|turn|17
|
|t:|1641877936
|move|p2a: Magnezone|Body Press|p1a: Corviknight
|-damage|p1a: Corviknight|15/100 par
|cant|p1a: Corviknight|par
|
|-heal|p1a: Corviknight|21/100 par|[from] item: Leftovers
|upkeep
|turn|18
|
|t:|1641877940
|move|p2a: Magnezone|Discharge|p1a: Corviknight
|-supereffective|p1a: Corviknight
|-damage|p1a: Corviknight|0 fnt
|faint|p1a: Corviknight
|
|upkeep
|
|t:|1641877940
|switch|p1a: Hippowdon|Hippowdon, F|100/100
|-damage|p1a: Hippowdon|94/100|[from] Stealth Rock
|-weather|Sandstorm|[from] ability: Sand Stream|[of] p1a: Hippowdon
|turn|19
|
|t:|1641877943
|move|p2a: Magnezone|Body Press|p1a: Hippowdon
|-damage|p1a: Hippowdon|35/100
|move|p1a: Hippowdon|Stealth Rock|p2a: Magnezone
|-sidestart|p2: JeffS69|move: Stealth Rock
|
|-weather|Sandstorm|[upkeep]
|upkeep
|turn|20
|
|t:|1641877947
|move|p2a: Magnezone|Body Press|p1a: Hippowdon
|-damage|p1a: Hippowdon|0 fnt
|faint|p1a: Hippowdon
|
|-weather|Sandstorm|[upkeep]
|upkeep
|
|t:|1641877947
|switch|p1a: Clefable|Clefable, M|100/100
|turn|21
|
|t:|1641877950
|move|p1a: Clefable|Moonlight|p1a: Clefable
|-fail|p1a: Clefable|heal
|move|p2a: Magnezone|Discharge|p1a: Clefable
|-damage|p1a: Clefable|61/100
|
|-weather|Sandstorm|[upkeep]
|upkeep
|turn|22
|
|t:|1641877953
|move|p1a: Clefable|Moonblast|p2a: Magnezone
|-resisted|p2a: Magnezone
|-end|p2a: Magnezone|Substitute
|move|p2a: Magnezone|Body Press|p1a: Clefable
|-resisted|p1a: Clefable
|-crit|p1a: Clefable
|-damage|p1a: Clefable|0 fnt
|faint|p1a: Clefable
|
|-weather|Sandstorm|[upkeep]
|upkeep
|
|t:|1641877953
|switch|p1a: Hydreigon|Hydreigon, F|100/100
|-damage|p1a: Hydreigon|88/100|[from] Stealth Rock
|turn|23
|
|t:|1641877956
|move|p1a: Hydreigon|Dark Pulse|p2a: Magnezone
|-damage|p2a: Magnezone|45/100
|move|p2a: Magnezone|Body Press|p1a: Hydreigon
|-supereffective|p1a: Hydreigon
|-damage|p1a: Hydreigon|0 fnt
|faint|p1a: Hydreigon
|
|-weather|Sandstorm|[upkeep]
|-heal|p2a: Magnezone|51/100|[from] item: Leftovers
|upkeep
|
|t:|1641877956
|switch|p1a: Excadrill|Excadrill, M|100/100
|-damage|p1a: Excadrill|97/100|[from] Stealth Rock
|turn|24
|
|t:|1641877958
|move|p1a: Excadrill|Earthquake|p2a: Magnezone
|-supereffective|p2a: Magnezone
|-damage|p2a: Magnezone|0 fnt
|faint|p2a: Magnezone
|-damage|p1a: Excadrill|87/100|[from] item: Life Orb
|
|-weather|Sandstorm|[upkeep]
|upkeep
|
|t:|1641877963
|switch|p2a: Ninetales|Ninetales-Alola, M|100/100
|-damage|p2a: Ninetales|76/100|[from] Stealth Rock
|-weather|Hail|[from] ability: Snow Warning|[of] p2a: Ninetales
|turn|25
|
|t:|1641877966
|switch|p2a: Swampert|Swampert, M|100/100
|-damage|p2a: Swampert|94/100|[from] Stealth Rock
|move|p1a: Excadrill|Earthquake|p2a: Swampert
|-damage|p2a: Swampert|28/100
|-damage|p1a: Excadrill|78/100|[from] item: Life Orb
|
|-weather|Hail|[upkeep]
|-damage|p1a: Excadrill|71/100|[from] Hail
|-damage|p2a: Swampert|22/100|[from] Hail
|-heal|p2a: Swampert|28/100|[from] item: Leftovers
|upkeep
|turn|26
|
|t:|1641877969
|move|p1a: Excadrill|Earthquake|p2a: Swampert
|-damage|p2a: Swampert|0 fnt
|faint|p2a: Swampert
|-damage|p1a: Excadrill|61/100|[from] item: Life Orb
|
|-weather|Hail|[upkeep]
|-damage|p1a: Excadrill|55/100|[from] Hail
|upkeep
|
|t:|1641877971
|switch|p2a: Arctozolt|Arctozolt|100/100
|turn|27
|
|t:|1641877973
|move|p2a: Arctozolt|Low Kick|p1a: Excadrill
|-supereffective|p1a: Excadrill
|-damage|p1a: Excadrill|0 fnt
|faint|p1a: Excadrill
|
|-weather|Hail|[upkeep]
|upkeep
|
|t:|1641877973
|switch|p1a: Rotom|Rotom-Wash|100/100
|-damage|p1a: Rotom|88/100|[from] Stealth Rock
|turn|28
|
|t:|1641877977
|move|p1a: Rotom|Volt Switch|p2a: Arctozolt
|-resisted|p2a: Arctozolt
|-damage|p2a: Arctozolt|81/100
|move|p2a: Arctozolt|Icicle Crash|p1a: Rotom
|-resisted|p1a: Rotom
|-damage|p1a: Rotom|62/100
|
|-weather|Hail|[upkeep]
|-damage|p1a: Rotom|56/100|[from] Hail
|upkeep
|turn|29
|
|t:|1641877981
|move|p1a: Rotom|Volt Switch|p2a: Arctozolt
|-resisted|p2a: Arctozolt
|-damage|p2a: Arctozolt|63/100
|move|p2a: Arctozolt|Icicle Crash|p1a: Rotom
|-resisted|p1a: Rotom
|-damage|p1a: Rotom|30/100
|
|-weather|Hail|[upkeep]
|-damage|p1a: Rotom|24/100|[from] Hail
|upkeep
|turn|30
|
|t:|1641877982
|move|p1a: Rotom|Volt Switch|p2a: Arctozolt
|-resisted|p2a: Arctozolt
|-damage|p2a: Arctozolt|43/100
|move|p2a: Arctozolt|Icicle Crash|p1a: Rotom
|-resisted|p1a: Rotom
|-damage|p1a: Rotom|0 fnt
|faint|p1a: Rotom
|
|win|JeffS69
|raw|testingbot42o's rating: 1354 &rarr; <strong>1335</strong><br />(-19 for losing)
|raw|JeffS69's rating: 1372 &rarr; <strong>1391</strong><br />(+19 for winning)
|l|‽testingbot42o
