|j|☆scribble999
|j|☆Brenmaster
|t:|1641767615
|gametype|singles
|player|p1|scribble999|2|1048
|player|p2|Brenmaster|1|1000
|teamsize|p1|6
|teamsize|p2|6
|gen|8
|tier|[Gen 8] OU
|rated|
|rule|Sleep Clause Mod: Limit one foe put to sleep
|rule|Species Clause: Limit one of each Pokémon
|rule|OHKO Clause: OHKO moves are banned
|rule|Evasion Moves Clause: Evasion moves are banned
|rule|Endless Battle Clause: Forcing endless battles is banned
|rule|HP Percentage Mod: HP is shown in percentages
|rule|Dynamax Clause: You cannot dynamax
|clearpoke
|poke|p1|Cradily, M|
|poke|p1|Dragonite, M|
|poke|p1|Azumarill, F|
|poke|p1|Blissey, F|
|poke|p1|Cresselia, F|
|poke|p1|Ferrothorn, M|
|poke|p2|Sableye, M|
|poke|p2|Toxapex, M|
|poke|p2|Chansey, F|
|poke|p2|Clefable, M|
|poke|p2|Tornadus-Therian, M|
|poke|p2|Tangrowth, M|
|teampreview
|
|t:|1641767656
|start
|switch|p1a: Ferrothorn|Ferrothorn, M|100/100
|switch|p2a: Sableye|Sableye, M|100/100
|turn|1
|
|t:|1641767672
|switch|p1a: Blissey|Blissey, F|100/100
|move|p2a: Sableye|Knock Off|p1a: Blissey
|-damage|p1a: Blissey|52/100
|-enditem|p1a: Blissey|Leftovers|[from] move: Knock Off|[of] p2a: Sableye
|
|upkeep
|turn|2
|
|t:|1641767681
|move|p2a: Sableye|Will-O-Wisp|p1a: Blissey
|-status|p1a: Blissey|brn
|move|p1a: Blissey|Stealth Rock|p2a: Sableye
|-sidestart|p2: Brenmaster|move: Stealth Rock
|
|-damage|p1a: Blissey|45/100 brn|[from] brn
|upkeep
|turn|3
|
|t:|1641767689
|move|p1a: Blissey|Soft-Boiled|p1a: Blissey
|-heal|p1a: Blissey|95/100 brn
|move|p2a: Sableye|Knock Off|p1a: Blissey
|-damage|p1a: Blissey|63/100 brn
|
|-damage|p1a: Blissey|57/100 brn|[from] brn
|upkeep
|turn|4
|
|t:|1641767709
|-curestatus|p1a: Blissey|brn|[from] ability: Natural Cure
|switch|p1a: Cresselia|Cresselia, F|100/100
|move|p2a: Sableye|Knock Off|p1a: Cresselia
|-supereffective|p1a: Cresselia
|-crit|p1a: Cresselia
|-damage|p1a: Cresselia|52/100
|-enditem|p1a: Cresselia|Leftovers|[from] move: Knock Off|[of] p2a: Sableye
|
|upkeep
|turn|5
|
|t:|1641767735
|switch|p2a: Tangrowth|Tangrowth, M|100/100
|-damage|p2a: Tangrowth|88/100|[from] Stealth Rock
|move|p1a: Cresselia|Moonblast|p2a: Tangrowth
|-damage|p2a: Tangrowth|63/100
|-unboost|p2a: Tangrowth|spa|1
|
|upkeep
|turn|6
|
|t:|1641767746
|move|p1a: Cresselia|Calm Mind|p1a: Cresselia
|-boost|p1a: Cresselia|spa|1
|-boost|p1a: Cresselia|spd|1
|move|p2a: Tangrowth|Sludge Bomb|p1a: Cresselia
|-damage|p1a: Cresselia|46/100
|-status|p1a: Cresselia|psn
|
|-damage|p1a: Cresselia|34/100 psn|[from] psn
|upkeep
|turn|7
|
|t:|1641767757
|move|p1a: Cresselia|Psychic|p2a: Tangrowth
|-damage|p2a: Tangrowth|9/100
|move|p2a: Tangrowth|Giga Drain|p1a: Cresselia
|-damage|p1a: Cresselia|27/100 psn
|-heal|p2a: Tangrowth|13/100|[from] drain|[of] p1a: Cresselia
|
|-damage|p1a: Cresselia|15/100 psn|[from] psn
|upkeep
|turn|8
|
|t:|1641767773
|switch|p2a: Tornadus|Tornadus-Therian, M|100/100
|move|p1a: Cresselia|Psychic|p2a: Tornadus
|-damage|p2a: Tornadus|50/100
|
|-damage|p1a: Cresselia|3/100 psn|[from] psn
|upkeep
|turn|9
|
|t:|1641767782
|move|p2a: Tornadus|U-turn|p1a: Cresselia
|-supereffective|p1a: Cresselia
|-damage|p1a: Cresselia|0 fnt
|faint|p1a: Cresselia
|
|t:|1641767791
|switch|p2a: Tangrowth|Tangrowth, M|46/100|[from]move: U-turn
|-damage|p2a: Tangrowth|34/100|[from] Stealth Rock
|
|upkeep
|
|t:|1641767801
|switch|p1a: Cradily|Cradily, M|100/100
|turn|10
|
|t:|1641767843
|switch|p2a: Toxapex|Toxapex, M|100/100
|-damage|p2a: Toxapex|88/100|[from] Stealth Rock
|move|p1a: Cradily|Meteor Beam||[still]
|-prepare|p1a: Cradily|Meteor Beam
|-boost|p1a: Cradily|spa|1
|
|-heal|p2a: Toxapex|94/100|[from] item: Black Sludge
|upkeep
|turn|11
|
|t:|1641767863
|move|p1a: Cradily|Meteor Beam|p2a: Toxapex|[from]lockedmove
|-damage|p2a: Toxapex|54/100
|move|p2a: Toxapex|Toxic|p1a: Cradily
|-status|p1a: Cradily|tox
|
|-heal|p2a: Toxapex|61/100|[from] item: Black Sludge
|-damage|p1a: Cradily|94/100 tox|[from] psn
|upkeep
|turn|12
|
|t:|1641767875
|switch|p2a: Tangrowth|Tangrowth, M|67/100
|-damage|p2a: Tangrowth|54/100|[from] Stealth Rock
|move|p1a: Cradily|Meteor Beam||[still]
|-prepare|p1a: Cradily|Meteor Beam
|-boost|p1a: Cradily|spa|1
|
|-heal|p1a: Cradily|100/100 tox|[from] item: Leftovers
|-damage|p1a: Cradily|88/100 tox|[from] psn
|upkeep
|turn|13
|
|t:|1641767886
|move|p2a: Tangrowth|Earthquake|p1a: Cradily
|-damage|p1a: Cradily|72/100 tox
|move|p1a: Cradily|Meteor Beam|p2a: Tangrowth|[from]lockedmove
|-damage|p2a: Tangrowth|0 fnt
|faint|p2a: Tangrowth
|
|-heal|p1a: Cradily|78/100 tox|[from] item: Leftovers
|-damage|p1a: Cradily|59/100 tox|[from] psn
|upkeep
|
|t:|1641767931
|switch|p2a: Sableye|Sableye, M|100/100
|-damage|p2a: Sableye|88/100|[from] Stealth Rock
|turn|14
|
|t:|1641767936
|move|p2a: Sableye|Protect|p2a: Sableye
|-singleturn|p2a: Sableye|Protect
|move|p1a: Cradily|Giga Drain|p2a: Sableye
|-activate|p2a: Sableye|move: Protect
|
|-heal|p1a: Cradily|65/100 tox|[from] item: Leftovers
|-damage|p1a: Cradily|41/100 tox|[from] psn
|upkeep
|turn|15
|
|t:|1641767946
|move|p2a: Sableye|Protect|p2a: Sableye
|-singleturn|p2a: Sableye|Protect
|move|p1a: Cradily|Giga Drain|p2a: Sableye
|-activate|p2a: Sableye|move: Protect
|
|-heal|p1a: Cradily|47/100 tox|[from] item: Leftovers
|-damage|p1a: Cradily|16/100 tox|[from] psn
|upkeep
|turn|16
|
|t:|1641767964
|move|p2a: Sableye|Protect||[still]
|-fail|p2a: Sableye
|move|p1a: Cradily|Giga Drain|p2a: Sableye
|-damage|p2a: Sableye|46/100
|-heal|p1a: Cradily|34/100 tox|[from] drain|[of] p2a: Sableye
|
|-heal|p1a: Cradily|40/100 tox|[from] item: Leftovers
|-damage|p1a: Cradily|3/100 tox|[from] psn
|upkeep
|turn|17
|j| scp2912
|l| scp2912
|
|t:|1641767981
|switch|p2a: Chansey|Chansey, F|100/100
|-damage|p2a: Chansey|88/100|[from] Stealth Rock
|move|p1a: Cradily|Giga Drain|p2a: Chansey
|-damage|p2a: Chansey|75/100
|-heal|p1a: Cradily|15/100 tox|[from] drain|[of] p2a: Chansey
|
|-heal|p1a: Cradily|21/100 tox|[from] item: Leftovers
|-damage|p1a: Cradily|0 fnt|[from] psn
|faint|p1a: Cradily
|upkeep
|
|t:|1641767995
|switch|p1a: Azumarill|Azumarill, F|100/100
|turn|18
|l|☆Brenmaster
|player|p2|
|j|☆Brenmaster
|player|p2|Brenmaster|1
|
|t:|1641768059
|move|p1a: Azumarill|Belly Drum|p1a: Azumarill
|-damage|p1a: Azumarill|51/100
|-setboost|p1a: Azumarill|atk|6|[from] move: Belly Drum
|move|p2a: Chansey|Stealth Rock|p1a: Azumarill
|-sidestart|p1: scribble999|move: Stealth Rock
|
|upkeep
|turn|19
|
|t:|1641768070
|move|p1a: Azumarill|Aqua Jet|p2a: Chansey
|-damage|p2a: Chansey|14/100
|move|p2a: Chansey|Soft-Boiled|p2a: Chansey
|-heal|p2a: Chansey|64/100
|
|upkeep
|turn|20
|
|t:|1641768078
|move|p1a: Azumarill|Knock Off|p2a: Chansey
|-damage|p2a: Chansey|0 fnt
|-enditem|p2a: Chansey|Eviolite|[from] move: Knock Off|[of] p1a: Azumarill
|faint|p2a: Chansey
|
|upkeep
|
|t:|1641768101
|switch|p2a: Toxapex|Toxapex, M|94/100
|-damage|p2a: Toxapex|81/100|[from] Stealth Rock
|turn|21
|
|t:|1641768111
|move|p1a: Azumarill|Aqua Jet|p2a: Toxapex
|-resisted|p2a: Toxapex
|-damage|p2a: Toxapex|52/100
|move|p2a: Toxapex|Toxic|p1a: Azumarill
|-status|p1a: Azumarill|tox
|
|-heal|p2a: Toxapex|58/100|[from] item: Black Sludge
|-damage|p1a: Azumarill|44/100 tox|[from] psn
|upkeep
|-enditem|p1a: Azumarill|Sitrus Berry|[eat]
|-heal|p1a: Azumarill|69/100 tox|[from] item: Sitrus Berry
|turn|22
|
|t:|1641768126
|switch|p2a: Clefable|Clefable, M|100/100
|-damage|p2a: Clefable|88/100|[from] Stealth Rock
|move|p1a: Azumarill|Knock Off|p2a: Clefable
|-resisted|p2a: Clefable
|-damage|p2a: Clefable|73/100
|-enditem|p2a: Clefable|Leftovers|[from] move: Knock Off|[of] p1a: Azumarill
|
|-damage|p1a: Azumarill|57/100 tox|[from] psn
|upkeep
|turn|23
|
|t:|1641768156
|move|p1a: Azumarill|Aqua Jet|p2a: Clefable
|-damage|p2a: Clefable|53/100
|move|p2a: Clefable|Wish|p2a: Clefable
|
|-damage|p1a: Azumarill|39/100 tox|[from] psn
|upkeep
|turn|24
|
|t:|1641768169
|switch|p2a: Sableye|Sableye, M|46/100
|-damage|p2a: Sableye|34/100|[from] Stealth Rock
|move|p1a: Azumarill|Play Rough|p2a: Sableye
|-supereffective|p2a: Sableye
|-damage|p2a: Sableye|0 fnt
|faint|p2a: Sableye
|
|-damage|p1a: Azumarill|14/100 tox|[from] psn
|upkeep
|
|t:|1641768182
|switch|p2a: Clefable|Clefable, M|53/100
|-damage|p2a: Clefable|40/100|[from] Stealth Rock
|turn|25
|
|t:|1641768187
|move|p2a: Clefable|Protect|p2a: Clefable
|-singleturn|p2a: Clefable|Protect
|move|p1a: Azumarill|Aqua Jet|p2a: Clefable
|-activate|p2a: Clefable|move: Protect
|
|-damage|p1a: Azumarill|0 fnt|[from] psn
|faint|p1a: Azumarill
|upkeep
|
|t:|1641768207
|switch|p1a: Blissey|Blissey, F|57/100
|-damage|p1a: Blissey|44/100|[from] Stealth Rock
|turn|26
|
|t:|1641768215
|move|p2a: Clefable|Protect||[still]
|-fail|p2a: Clefable
|move|p1a: Blissey|Soft-Boiled|p1a: Blissey
|-heal|p1a: Blissey|94/100
|
|upkeep
|turn|27
|
|t:|1641768227
|move|p2a: Clefable|Moonblast|p1a: Blissey
|-damage|p1a: Blissey|86/100
|-unboost|p1a: Blissey|spa|1
|move|p1a: Blissey|Seismic Toss|p2a: Clefable
|-damage|p2a: Clefable|15/100
|
|upkeep
|turn|28
|
|t:|1641768235
|switch|p2a: Toxapex|Toxapex, M|91/100
|-damage|p2a: Toxapex|79/100|[from] Stealth Rock
|move|p1a: Blissey|Seismic Toss|p2a: Toxapex
|-damage|p2a: Toxapex|46/100
|
|-heal|p2a: Toxapex|52/100|[from] item: Black Sludge
|upkeep
|turn|29
|
|t:|1641768251
|switch|p1a: Ferrothorn|Ferrothorn, M|100/100
|-damage|p1a: Ferrothorn|95/100|[from] Stealth Rock
|move|p2a: Toxapex|Toxic|p1a: Ferrothorn
|-immune|p1a: Ferrothorn
|
|-heal|p2a: Toxapex|58/100|[from] item: Black Sludge
|upkeep
|turn|30
|
|t:|1641768263
|switch|p2a: Tornadus|Tornadus-Therian, M|83/100
|move|p1a: Ferrothorn|Spikes|p2a: Tornadus
|-sidestart|p2: Brenmaster|Spikes
|
|upkeep
|turn|31
|
|t:|1641768271
|move|p2a: Tornadus|Heat Wave|p1a: Ferrothorn
|-supereffective|p1a: Ferrothorn
|-damage|p1a: Ferrothorn|0 fnt
|faint|p1a: Ferrothorn
|
|upkeep
|
|t:|1641768281
|switch|p1a: Dragonite|Dragonite, M|100/100
|turn|32
|
|t:|1641768321
|move|p2a: Tornadus|Defog|p1a: Dragonite
|-unboost|p1a: Dragonite|evasion|1
|-sideend|p1: scribble999|Stealth Rock|[from] move: Defog|[of] p2a: Tornadus
|-sideend|p2: Brenmaster|Spikes|[from] move: Defog|[of] p2a: Tornadus
|-sideend|p2: Brenmaster|Stealth Rock|[from] move: Defog|[of] p2a: Tornadus
|move|p1a: Dragonite|Dragon Dance|p1a: Dragonite
|-boost|p1a: Dragonite|atk|1
|-boost|p1a: Dragonite|spe|1
|
|upkeep
|turn|33
|
|t:|1641768336
|move|p2a: Tornadus|Hurricane|p1a: Dragonite
|-damage|p1a: Dragonite|80/100
|move|p1a: Dragonite|Dragon Dance|p1a: Dragonite
|-boost|p1a: Dragonite|atk|1
|-boost|p1a: Dragonite|spe|1
|
|upkeep
|turn|34
|
|t:|1641768346
|move|p1a: Dragonite|Dragon Claw|p2a: Tornadus
|-damage|p2a: Tornadus|0 fnt
|faint|p2a: Tornadus
|
|upkeep
|
|t:|1641768350
|switch|p2a: Toxapex|Toxapex, M|92/100
|turn|35
|
|t:|1641768361
|move|p1a: Dragonite|Dragon Claw|p2a: Toxapex
|-damage|p2a: Toxapex|46/100
|move|p2a: Toxapex|Haze|p2a: Toxapex
|-clearallboost
|
|-heal|p2a: Toxapex|52/100|[from] item: Black Sludge
|upkeep
|turn|36
|
|t:|1641768381
|switch|p1a: Blissey|Blissey, F|86/100
|switch|p2a: Clefable|Clefable, M|15/100
|
|upkeep
|turn|37
|
|t:|1641768390
|move|p2a: Clefable|Protect|p2a: Clefable
|-singleturn|p2a: Clefable|Protect
|move|p1a: Blissey|Seismic Toss|p2a: Clefable
|-activate|p2a: Clefable|move: Protect
|
|upkeep
|turn|38
|
|t:|1641768397
|switch|p2a: Toxapex|Toxapex, M|86/100
|move|p1a: Blissey|Seismic Toss|p2a: Toxapex
|-damage|p2a: Toxapex|53/100
|
|-heal|p2a: Toxapex|59/100|[from] item: Black Sludge
|upkeep
|turn|39
|
|t:|1641768408
|move|p1a: Blissey|Seismic Toss|p2a: Toxapex
|-damage|p2a: Toxapex|26/100
|move|p2a: Toxapex|Toxic|p1a: Blissey
|-status|p1a: Blissey|tox
|
|-heal|p2a: Toxapex|32/100|[from] item: Black Sludge
|-damage|p1a: Blissey|80/100 tox|[from] psn
|upkeep
|turn|40
|
|t:|1641768421
|switch|p2a: Clefable|Clefable, M|15/100
|move|p1a: Blissey|Seismic Toss|p2a: Clefable
|-damage|p2a: Clefable|0 fnt
|faint|p2a: Clefable
|
|-damage|p1a: Blissey|68/100 tox|[from] psn
|upkeep
|
|t:|1641768423
|switch|p2a: Toxapex|Toxapex, M|66/100
|turn|41
|
|t:|1641768436
|move|p1a: Blissey|Aromatherapy|p1a: Blissey
|-activate|p1a: Blissey|move: Aromatherapy
|-curestatus|p1a: Blissey|tox|[msg]
|move|p2a: Toxapex|Recover|p2a: Toxapex
|-heal|p2a: Toxapex|100/100
|
|upkeep
|turn|42
|
|t:|1641768455
|move|p1a: Blissey|Soft-Boiled|p1a: Blissey
|-heal|p1a: Blissey|100/100
|move|p2a: Toxapex|Toxic|p1a: Blissey
|-status|p1a: Blissey|tox
|
|-damage|p1a: Blissey|94/100 tox|[from] psn
|upkeep
|turn|43
|
|t:|1641768464
|move|p1a: Blissey|Seismic Toss|p2a: Toxapex
|-damage|p2a: Toxapex|68/100
|move|p2a: Toxapex|Scald|p1a: Blissey
|-damage|p1a: Blissey|90/100 tox
|
|-heal|p2a: Toxapex|74/100|[from] item: Black Sludge
|-damage|p1a: Blissey|77/100 tox|[from] psn
|upkeep
|turn|44
|
|t:|1641768538
|move|p1a: Blissey|Aromatherapy|p1a: Blissey
|-activate|p1a: Blissey|move: Aromatherapy
|-curestatus|p1a: Blissey|tox|[msg]
|move|p2a: Toxapex|Scald|p1a: Blissey
|-damage|p1a: Blissey|72/100
|
|-heal|p2a: Toxapex|80/100|[from] item: Black Sludge
|upkeep
|turn|45
|
|t:|1641768551
|move|p1a: Blissey|Soft-Boiled|p1a: Blissey
|-heal|p1a: Blissey|100/100
|move|p2a: Toxapex|Toxic|p1a: Blissey
|-status|p1a: Blissey|tox
|
|-heal|p2a: Toxapex|86/100|[from] item: Black Sludge
|-damage|p1a: Blissey|94/100 tox|[from] psn
|upkeep
|turn|46
|
|t:|1641768577
|move|p1a: Blissey|Seismic Toss|p2a: Toxapex
|-damage|p2a: Toxapex|53/100
|move|p2a: Toxapex|Scald|p1a: Blissey
|-damage|p1a: Blissey|89/100 tox
|
|-heal|p2a: Toxapex|60/100|[from] item: Black Sludge
|-damage|p1a: Blissey|77/100 tox|[from] psn
|upkeep
|turn|47
|
|t:|1641768588
|-curestatus|p1a: Blissey|tox|[from] ability: Natural Cure
|switch|p1a: Dragonite|Dragonite, M|80/100
|move|p2a: Toxapex|Recover|p2a: Toxapex
|-heal|p2a: Toxapex|100/100
|
|upkeep
|turn|48
|
|t:|1641768616
|switch|p1a: Blissey|Blissey, F|77/100
|move|p2a: Toxapex|Toxic|p1a: Blissey
|-status|p1a: Blissey|tox
|
|-damage|p1a: Blissey|71/100 tox|[from] psn
|upkeep
|turn|49
|
|t:|1641768628
|-curestatus|p1a: Blissey|tox|[from] ability: Natural Cure
|switch|p1a: Dragonite|Dragonite, M|80/100
|move|p2a: Toxapex|Toxic|p1a: Dragonite
|-status|p1a: Dragonite|tox
|
|-damage|p1a: Dragonite|74/100 tox|[from] psn
|upkeep
|turn|50
|
|t:|1641768638
|switch|p1a: Blissey|Blissey, F|71/100
|move|p2a: Toxapex|Scald|p1a: Blissey
|-damage|p1a: Blissey|66/100
|-status|p1a: Blissey|brn
|
|-damage|p1a: Blissey|60/100 brn|[from] brn
|upkeep
|turn|51
|
|t:|1641768655
|move|p1a: Blissey|Soft-Boiled|p1a: Blissey
|-heal|p1a: Blissey|100/100 brn
|move|p2a: Toxapex|Toxic||[still]
|-fail|p2a: Toxapex
|
|-damage|p1a: Blissey|94/100 brn|[from] brn
|upkeep
|turn|52
|
|t:|1641768663
|move|p1a: Blissey|Seismic Toss|p2a: Toxapex
|-damage|p2a: Toxapex|68/100
|move|p2a: Toxapex|Scald|p1a: Blissey
|-damage|p1a: Blissey|90/100 brn
|
|-heal|p2a: Toxapex|74/100|[from] item: Black Sludge
|-damage|p1a: Blissey|84/100 brn|[from] brn
|upkeep
|turn|53
|
|t:|1641768674
|move|p1a: Blissey|Seismic Toss|p2a: Toxapex
|-damage|p2a: Toxapex|41/100
|move|p2a: Toxapex|Scald|p1a: Blissey
|-crit|p1a: Blissey
|-damage|p1a: Blissey|77/100 brn
|
|-heal|p2a: Toxapex|47/100|[from] item: Black Sludge
|-damage|p1a: Blissey|71/100 brn|[from] brn
|upkeep
|turn|54
|
|t:|1641768685
|move|p1a: Blissey|Seismic Toss|p2a: Toxapex
|-damage|p2a: Toxapex|14/100
|move|p2a: Toxapex|Recover|p2a: Toxapex
|-heal|p2a: Toxapex|64/100
|
|-heal|p2a: Toxapex|71/100|[from] item: Black Sludge
|-damage|p1a: Blissey|65/100 brn|[from] brn
|upkeep
|turn|55
|
|t:|1641768700
|move|p1a: Blissey|Seismic Toss|p2a: Toxapex
|-damage|p2a: Toxapex|38/100
|move|p2a: Toxapex|Recover|p2a: Toxapex
|-heal|p2a: Toxapex|88/100
|
|-heal|p2a: Toxapex|94/100|[from] item: Black Sludge
|-damage|p1a: Blissey|58/100 brn|[from] brn
|upkeep
|turn|56
|
|t:|1641768710
|move|p1a: Blissey|Seismic Toss|p2a: Toxapex
|-damage|p2a: Toxapex|61/100
|move|p2a: Toxapex|Scald|p1a: Blissey
|-damage|p1a: Blissey|54/100 brn
|
|-heal|p2a: Toxapex|67/100|[from] item: Black Sludge
|-damage|p1a: Blissey|48/100 brn|[from] brn
|upkeep
|turn|57
|
|t:|1641768722
|move|p1a: Blissey|Soft-Boiled|p1a: Blissey
|-heal|p1a: Blissey|98/100 brn
|move|p2a: Toxapex|Recover|p2a: Toxapex
|-heal|p2a: Toxapex|100/100
|
|-damage|p1a: Blissey|92/100 brn|[from] brn
|upkeep
|turn|58
|
|t:|1641768732
|move|p1a: Blissey|Seismic Toss|p2a: Toxapex
|-damage|p2a: Toxapex|68/100
|move|p2a: Toxapex|Toxic||[still]
|-fail|p2a: Toxapex
|
|-heal|p2a: Toxapex|74/100|[from] item: Black Sludge
|-damage|p1a: Blissey|85/100 brn|[from] brn
|upkeep
|turn|59
|
|t:|1641768743
|move|p1a: Blissey|Seismic Toss|p2a: Toxapex
|-damage|p2a: Toxapex|41/100
|move|p2a: Toxapex|Recover|p2a: Toxapex
|-heal|p2a: Toxapex|91/100
|
|-heal|p2a: Toxapex|97/100|[from] item: Black Sludge
|-damage|p1a: Blissey|79/100 brn|[from] brn
|upkeep
|turn|60
|
|t:|1641768755
|move|p1a: Blissey|Seismic Toss|p2a: Toxapex
|-damage|p2a: Toxapex|64/100
|move|p2a: Toxapex|Scald|p1a: Blissey
|-damage|p1a: Blissey|74/100 brn
|
|-heal|p2a: Toxapex|71/100|[from] item: Black Sludge
|-damage|p1a: Blissey|68/100 brn|[from] brn
|upkeep
|turn|61
|
|t:|1641768765
|move|p1a: Blissey|Seismic Toss|p2a: Toxapex
|-damage|p2a: Toxapex|38/100
|move|p2a: Toxapex|Recover|p2a: Toxapex
|-heal|p2a: Toxapex|88/100
|
|-heal|p2a: Toxapex|94/100|[from] item: Black Sludge
|-damage|p1a: Blissey|62/100 brn|[from] brn
|upkeep
|turn|62
|
|t:|1641768788
|move|p1a: Blissey|Seismic Toss|p2a: Toxapex
|-damage|p2a: Toxapex|61/100
|move|p2a: Toxapex|Scald|p1a: Blissey
|-damage|p1a: Blissey|58/100 brn
|
|-heal|p2a: Toxapex|67/100|[from] item: Black Sludge
|-damage|p1a: Blissey|52/100 brn|[from] brn
|upkeep
|turn|63
|
|t:|1641768800
|move|p1a: Blissey|Seismic Toss|p2a: Toxapex
|-damage|p2a: Toxapex|34/100
|move|p2a: Toxapex|Recover|p2a: Toxapex
|-heal|p2a: Toxapex|84/100
|
|-heal|p2a: Toxapex|91/100|[from] item: Black Sludge
|-damage|p1a: Blissey|45/100 brn|[from] brn
|upkeep
|turn|64
|
|t:|1641768908
|move|p1a: Blissey|Soft-Boiled|p1a: Blissey
|-heal|p1a: Blissey|95/100 brn
|move|p2a: Toxapex|Scald|p1a: Blissey
|-damage|p1a: Blissey|91/100 brn
|
|-heal|p2a: Toxapex|97/100|[from] item: Black Sludge
|-damage|p1a: Blissey|85/100 brn|[from] brn
|upkeep
|turn|65
|
|t:|1641768950
|move|p1a: Blissey|Aromatherapy|p1a: Blissey
|-activate|p1a: Blissey|move: Aromatherapy
|-curestatus|p1a: Blissey|brn|[msg]
|-curestatus|p1: Dragonite|tox|[msg]
|move|p2a: Toxapex|Toxic|p1a: Blissey
|-status|p1a: Blissey|tox
|
|-heal|p2a: Toxapex|100/100|[from] item: Black Sludge
|-damage|p1a: Blissey|78/100 tox|[from] psn
|upkeep
|turn|66
|
|t:|1641768962
|-curestatus|p1a: Blissey|tox|[from] ability: Natural Cure
|switch|p1a: Dragonite|Dragonite, M|74/100
|move|p2a: Toxapex|Scald|p1a: Dragonite
|-resisted|p1a: Dragonite
|-damage|p1a: Dragonite|67/100
|-status|p1a: Dragonite|brn
|
|-damage|p1a: Dragonite|61/100 brn|[from] brn
|upkeep
|turn|67
|
|t:|1641768979
|move|p1a: Dragonite|Roost|p1a: Dragonite
|-heal|p1a: Dragonite|100/100 brn
|-singleturn|p1a: Dragonite|move: Roost
|move|p2a: Toxapex|Toxic||[still]
|-fail|p2a: Toxapex
|
|-damage|p1a: Dragonite|94/100 brn|[from] brn
|upkeep
|turn|68
|
|t:|1641768993
|move|p1a: Dragonite|Dual Wingbeat|p2a: Toxapex
|-damage|p2a: Toxapex|95/100
|-damage|p2a: Toxapex|88/100
|-hitcount|p2a: Toxapex|2
|move|p2a: Toxapex|Scald|p1a: Dragonite
|-resisted|p1a: Dragonite
|-damage|p1a: Dragonite|88/100 brn
|
|-heal|p2a: Toxapex|95/100|[from] item: Black Sludge
|-damage|p1a: Dragonite|81/100 brn|[from] brn
|upkeep
|turn|69
|
|t:|1641769057
|move|p1a: Dragonite|Dragon Claw|p2a: Toxapex
|-damage|p2a: Toxapex|83/100
|move|p2a: Toxapex|Scald|p1a: Dragonite
|-resisted|p1a: Dragonite
|-damage|p1a: Dragonite|75/100 brn
|
|-heal|p2a: Toxapex|89/100|[from] item: Black Sludge
|-damage|p1a: Dragonite|68/100 brn|[from] brn
|upkeep
|turn|70
|
|t:|1641769078
|move|p1a: Dragonite|Dragon Dance|p1a: Dragonite
|-boost|p1a: Dragonite|atk|1
|-boost|p1a: Dragonite|spe|1
|move|p2a: Toxapex|Scald|p1a: Dragonite
|-resisted|p1a: Dragonite
|-damage|p1a: Dragonite|62/100 brn
|
|-heal|p2a: Toxapex|96/100|[from] item: Black Sludge
|-damage|p1a: Dragonite|56/100 brn|[from] brn
|upkeep
|turn|71
|
|t:|1641769090
|move|p1a: Dragonite|Dragon Claw|p2a: Toxapex
|-damage|p2a: Toxapex|79/100
|move|p2a: Toxapex|Haze|p2a: Toxapex
|-clearallboost
|
|-heal|p2a: Toxapex|85/100|[from] item: Black Sludge
|-damage|p1a: Dragonite|49/100 brn|[from] brn
|upkeep
|turn|72
|
|t:|1641769100
|move|p1a: Dragonite|Roost|p1a: Dragonite
|-heal|p1a: Dragonite|99/100 brn
|-singleturn|p1a: Dragonite|move: Roost
|move|p2a: Toxapex|Scald|p1a: Dragonite
|-resisted|p1a: Dragonite
|-damage|p1a: Dragonite|92/100 brn
|
|-heal|p2a: Toxapex|91/100|[from] item: Black Sludge
|-damage|p1a: Dragonite|86/100 brn|[from] brn
|upkeep
|turn|73
|
|t:|1641769113
|move|p1a: Dragonite|Dragon Claw|p2a: Toxapex
|-damage|p2a: Toxapex|78/100
|move|p2a: Toxapex|Scald|p1a: Dragonite
|-resisted|p1a: Dragonite
|-damage|p1a: Dragonite|79/100 brn
|
|-heal|p2a: Toxapex|85/100|[from] item: Black Sludge
|-damage|p1a: Dragonite|73/100 brn|[from] brn
|upkeep
|turn|74
|
|t:|1641769126
|move|p1a: Dragonite|Dragon Claw|p2a: Toxapex
|-damage|p2a: Toxapex|73/100
|move|p2a: Toxapex|Scald|p1a: Dragonite
|-resisted|p1a: Dragonite
|-damage|p1a: Dragonite|66/100 brn
|
|-heal|p2a: Toxapex|79/100|[from] item: Black Sludge
|-damage|p1a: Dragonite|60/100 brn|[from] brn
|upkeep
|turn|75
|
|t:|1641769139
|move|p1a: Dragonite|Dragon Claw|p2a: Toxapex
|-damage|p2a: Toxapex|66/100
|move|p2a: Toxapex|Scald|p1a: Dragonite
|-resisted|p1a: Dragonite
|-crit|p1a: Dragonite
|-damage|p1a: Dragonite|50/100 brn
|
|-heal|p2a: Toxapex|72/100|[from] item: Black Sludge
|-damage|p1a: Dragonite|44/100 brn|[from] brn
|upkeep
|turn|76
|
|t:|1641769165
|move|p1a: Dragonite|Roost|p1a: Dragonite
|-heal|p1a: Dragonite|94/100 brn
|-singleturn|p1a: Dragonite|move: Roost
|move|p2a: Toxapex|Scald|p1a: Dragonite
|-resisted|p1a: Dragonite
|-damage|p1a: Dragonite|88/100 brn
|
|-heal|p2a: Toxapex|78/100|[from] item: Black Sludge
|-damage|p1a: Dragonite|81/100 brn|[from] brn
|upkeep
|turn|77
|
|t:|1641769194
|move|p1a: Dragonite|Dragon Claw|p2a: Toxapex
|-damage|p2a: Toxapex|67/100
|move|p2a: Toxapex|Scald|p1a: Dragonite
|-resisted|p1a: Dragonite
|-damage|p1a: Dragonite|75/100 brn
|
|-heal|p2a: Toxapex|73/100|[from] item: Black Sludge
|-damage|p1a: Dragonite|69/100 brn|[from] brn
|upkeep
|turn|78
|
|t:|1641769210
|move|p1a: Dragonite|Dragon Claw|p2a: Toxapex
|-damage|p2a: Toxapex|62/100
|move|p2a: Toxapex|Scald|p1a: Dragonite
|-resisted|p1a: Dragonite
|-damage|p1a: Dragonite|62/100 brn
|
|-heal|p2a: Toxapex|68/100|[from] item: Black Sludge
|-damage|p1a: Dragonite|56/100 brn|[from] brn
|upkeep
|turn|79
|
|t:|1641769223
|move|p1a: Dragonite|Roost|p1a: Dragonite
|-heal|p1a: Dragonite|100/100 brn
|-singleturn|p1a: Dragonite|move: Roost
|move|p2a: Toxapex|Recover|p2a: Toxapex
|-heal|p2a: Toxapex|100/100
|
|-damage|p1a: Dragonite|94/100 brn|[from] brn
|upkeep
|turn|80
|
|t:|1641769243
|switch|p1a: Blissey|Blissey, F|78/100
|move|p2a: Toxapex|Scald|p1a: Blissey
|-damage|p1a: Blissey|73/100
|
|upkeep
|turn|81
|
|t:|1641769251
|move|p1a: Blissey|Seismic Toss|p2a: Toxapex
|-damage|p2a: Toxapex|68/100
|move|p2a: Toxapex|Scald|p1a: Blissey
|-damage|p1a: Blissey|68/100
|
|-heal|p2a: Toxapex|74/100|[from] item: Black Sludge
|upkeep
|turn|82
|
|t:|1641769261
|move|p1a: Blissey|Seismic Toss|p2a: Toxapex
|-damage|p2a: Toxapex|41/100
|move|p2a: Toxapex|Toxic|p1a: Blissey
|-status|p1a: Blissey|tox
|
|-heal|p2a: Toxapex|47/100|[from] item: Black Sludge
|-damage|p1a: Blissey|62/100 tox|[from] psn
|upkeep
|turn|83
|
|t:|1641769272
|move|p1a: Blissey|Soft-Boiled|p1a: Blissey
|-heal|p1a: Blissey|100/100 tox
|move|p2a: Toxapex|Recover|p2a: Toxapex
|-heal|p2a: Toxapex|97/100
|
|-heal|p2a: Toxapex|100/100|[from] item: Black Sludge
|-damage|p1a: Blissey|88/100 tox|[from] psn
|upkeep
|turn|84
|
|t:|1641769298
|-curestatus|p1a: Blissey|tox|[from] ability: Natural Cure
|switch|p1a: Dragonite|Dragonite, M|94/100 brn
|move|p2a: Toxapex|Scald|p1a: Dragonite
|-resisted|p1a: Dragonite
|-damage|p1a: Dragonite|88/100 brn
|
|-damage|p1a: Dragonite|81/100 brn|[from] brn
|upkeep
|turn|85
|
|t:|1641769310
|switch|p1a: Blissey|Blissey, F|88/100
|move|p2a: Toxapex|Recover||[still]
|-fail|p2a: Toxapex|heal
|
|upkeep
|turn|86
|
|t:|1641769319
|move|p1a: Blissey|Stealth Rock|p2a: Toxapex
|-sidestart|p2: Brenmaster|move: Stealth Rock
|move|p2a: Toxapex|Toxic|p1a: Blissey
|-status|p1a: Blissey|tox
|
|-damage|p1a: Blissey|82/100 tox|[from] psn
|upkeep
|turn|87
|
|t:|1641769333
|-curestatus|p1a: Blissey|tox|[from] ability: Natural Cure
|switch|p1a: Dragonite|Dragonite, M|81/100 brn
|move|p2a: Toxapex|Recover||[still]
|-fail|p2a: Toxapex|heal
|
|-damage|p1a: Dragonite|75/100 brn|[from] brn
|upkeep
|turn|88
|
|t:|1641769345
|switch|p1a: Blissey|Blissey, F|82/100
|move|p2a: Toxapex|Haze|p2a: Toxapex
|-clearallboost
|
|upkeep
|turn|89
|
|t:|1641769359
|move|p1a: Blissey|Seismic Toss|p2a: Toxapex
|-damage|p2a: Toxapex|68/100
|move|p2a: Toxapex|Toxic|p1a: Blissey
|-status|p1a: Blissey|tox
|
|-heal|p2a: Toxapex|74/100|[from] item: Black Sludge
|-damage|p1a: Blissey|76/100 tox|[from] psn
|upkeep
|turn|90
|
|t:|1641769370
|-curestatus|p1a: Blissey|tox|[from] ability: Natural Cure
|switch|p1a: Dragonite|Dragonite, M|75/100 brn
|move|p2a: Toxapex|Recover|p2a: Toxapex
|-heal|p2a: Toxapex|100/100
|
|-damage|p1a: Dragonite|69/100 brn|[from] brn
|upkeep
|turn|91
|
|t:|1641769400
|switch|p1a: Blissey|Blissey, F|76/100
|move|p2a: Toxapex|Toxic|p1a: Blissey
|-status|p1a: Blissey|tox
|
|-damage|p1a: Blissey|70/100 tox|[from] psn
|upkeep
|turn|92
|
|t:|1641769422
|move|p1a: Blissey|Aromatherapy|p1a: Blissey
|-activate|p1a: Blissey|move: Aromatherapy
|-curestatus|p1a: Blissey|tox|[msg]
|-curestatus|p1: Dragonite|brn|[msg]
|move|p2a: Toxapex|Recover||[still]
|-fail|p2a: Toxapex|heal
|
|upkeep
|turn|93
|
|t:|1641769436
|move|p1a: Blissey|Seismic Toss|p2a: Toxapex
|-damage|p2a: Toxapex|68/100
|move|p2a: Toxapex|Haze|p2a: Toxapex
|-clearallboost
|
|-heal|p2a: Toxapex|74/100|[from] item: Black Sludge
|upkeep
|turn|94
|
|t:|1641769445
|move|p1a: Blissey|Seismic Toss|p2a: Toxapex
|-damage|p2a: Toxapex|41/100
|move|p2a: Toxapex|Recover|p2a: Toxapex
|-heal|p2a: Toxapex|91/100
|
|-heal|p2a: Toxapex|97/100|[from] item: Black Sludge
|upkeep
|turn|95
|l|☆Brenmaster
|player|p2|
|inactive|Battle timer is ON: inactive players will automatically lose when time's up. (requested by scribble999)
|inactive|Brenmaster has 30 seconds to reconnect!
|inactive|Brenmaster has 20 seconds to reconnect!
|inactive|Brenmaster has 15 seconds to reconnect!
|inactive|Brenmaster has 10 seconds to reconnect!
|inactive|Brenmaster has 5 seconds to reconnect!
|-message|Brenmaster lost due to inactivity.
|
|win|scribble999
|raw|scribble999's rating: 1048 &rarr; <strong>1076</strong><br />(+28 for winning)
|raw|Brenmaster's rating: 1000 &rarr; <strong>1000</strong><br />(+0 for losing)
