|j|☆srimmer32
|j|☆comradekomko
|t:|1641786721
|gametype|singles
|player|p1|srimmer32|lucas|1339
|player|p2|comradekomko|266|1327
|teamsize|p1|6
|teamsize|p2|6
|gen|8
|tier|[Gen 8] OU
|rated|
|rule|Sleep Clause Mod: Limit one foe put to sleep
|rule|Species Clause: Limit one of each Pokémon
|rule|OHKO Clause: OHKO moves are banned
|rule|Evasion Moves Clause: Evasion moves are banned
|rule|Endless Battle Clause: Forcing endless battles is banned
|rule|HP Percentage Mod: HP is shown in percentages
|rule|Dynamax Clause: You cannot dynamax
|clearpoke
|poke|p1|Excadrill, M|
|poke|p1|Tapu Fini|
|poke|p1|Garchomp, M|
|poke|p1|Heatran, M|
|poke|p1|Zapdos|
|poke|p1|Urshifu-*, M|
|poke|p2|Corviknight, M|
|poke|p2|Ditto|
|poke|p2|Swampert, M|
|poke|p2|Volcarona, F|
|poke|p2|Slowbro, F|
|poke|p2|Kartana|
|teampreview
|inactive|Battle timer is ON: inactive players will automatically lose when time's up. (requested by srimmer32)
|j| MarketablePlushie
|
|t:|1641786745
|start
|switch|p1a: Zapdos|Zapdos|100/100
|switch|p2a: Slowbro|Slowbro, F|100/100
|turn|1
|
|t:|1641786751
|switch|p2a: Swolepert|Swampert, M|100/100
|move|p1a: Zapdos|Toxic|p2a: Swolepert|[miss]
|-miss|p1a: Zapdos|p2a: Swolepert
|
|upkeep
|turn|2
|
|t:|1641786757
|move|p1a: Zapdos|Toxic|p2a: Swolepert
|-status|p2a: Swolepert|tox
|move|p2a: Swolepert|Avalanche|p1a: Zapdos
|-supereffective|p1a: Zapdos
|-damage|p1a: Zapdos|68/100
|
|-damage|p2a: Swolepert|94/100 tox|[from] psn
|upkeep
|turn|3
|
|t:|1641786766
|move|p1a: Zapdos|Roost|p1a: Zapdos
|-heal|p1a: Zapdos|100/100
|-singleturn|p1a: Zapdos|move: Roost
|move|p2a: Swolepert|Flip Turn|p1a: Zapdos
|-damage|p1a: Zapdos|77/100
|
|t:|1641786770
|switch|p2a: Kartana|Kartana|100/100|[from]move: Flip Turn
|
|upkeep
|turn|4
|
|t:|1641786777
|move|p2a: Kartana|Knock Off|p1a: Zapdos
|-damage|p1a: Zapdos|10/100
|-enditem|p1a: Zapdos|Heavy-Duty Boots|[from] move: Knock Off|[of] p2a: Kartana
|move|p1a: Zapdos|Heat Wave|p2a: Kartana
|-supereffective|p2a: Kartana
|-damage|p2a: Kartana|0 fnt
|faint|p2a: Kartana
|
|upkeep
|
|t:|1641786790
|switch|p2a: Ditto|Ditto|100/100
|-transform|p2a: Ditto|p1a: Zapdos|[from] ability: Imposter
|turn|5
|
|t:|1641786802
|move|p2a: Ditto|Thunderbolt|p1a: Zapdos
|-damage|p1a: Zapdos|0 fnt
|faint|p1a: Zapdos
|
|upkeep
|
|t:|1641786809
|switch|p1a: Heatran|Heatran, M|100/100
|turn|6
|
|t:|1641786814
|switch|p2a: Swolepert|Swampert, M|94/100 tox
|move|p1a: Heatran|Eruption|p2a: Swolepert
|-resisted|p2a: Swolepert
|-crit|p2a: Swolepert
|-damage|p2a: Swolepert|60/100 tox
|
|-damage|p2a: Swolepert|53/100 tox|[from] psn
|upkeep
|turn|7
|
|t:|1641786824
|switch|p1a: Garchomp|Garchomp, M|100/100
|move|p2a: Swolepert|Earthquake|p1a: Garchomp
|-damage|p1a: Garchomp|72/100
|
|-damage|p2a: Swolepert|41/100 tox|[from] psn
|upkeep
|turn|8
|
|t:|1641786832
|switch|p1a: Urshifu|Urshifu-Rapid-Strike, M|100/100
|move|p2a: Swolepert|Avalanche|p1a: Urshifu
|-resisted|p1a: Urshifu
|-damage|p1a: Urshifu|93/100
|
|-damage|p2a: Swolepert|23/100 tox|[from] psn
|upkeep
|turn|9
|
|t:|1641786840
|move|p1a: Urshifu|Surging Strikes|p2a: Swolepert
|-crit|p2a: Swolepert
|-damage|p2a: Swolepert|4/100 tox
|-crit|p2a: Swolepert
|-damage|p2a: Swolepert|0 fnt
|faint|p2a: Swolepert
|-hitcount|p2: Swolepert|2
|
|upkeep
|l| MarketablePlushie
|
|t:|1641786852
|switch|p2a: Slowbro|Slowbro, F|100/100
|turn|10
|
|t:|1641786861
|switch|p1a: Tapu Fini|Tapu Fini|100/100
|-fieldstart|move: Misty Terrain|[from] ability: Misty Surge|[of] p1a: Tapu Fini
|move|p2a: Slowbro|Trick Room|p2a: Slowbro
|-fieldstart|move: Trick Room|[of] p2a: Slowbro
|
|upkeep
|turn|11
|
|t:|1641786867
|move|p2a: Slowbro|Psyshock|p1a: Tapu Fini
|-crit|p1a: Tapu Fini
|-damage|p1a: Tapu Fini|26/100
|-damage|p2a: Slowbro|91/100|[from] item: Life Orb
|move|p1a: Tapu Fini|Calm Mind|p1a: Tapu Fini
|-boost|p1a: Tapu Fini|spa|1
|-boost|p1a: Tapu Fini|spd|1
|
|-heal|p1a: Tapu Fini|33/100|[from] item: Leftovers
|upkeep
|turn|12
|
|t:|1641786876
|move|p2a: Slowbro|Psyshock|p1a: Tapu Fini
|-damage|p1a: Tapu Fini|0 fnt
|faint|p1a: Tapu Fini
|-damage|p2a: Slowbro|81/100|[from] item: Life Orb
|
|upkeep
|
|t:|1641786884
|switch|p1a: Garchomp|Garchomp, M|72/100
|turn|13
|
|t:|1641786891
|move|p2a: Slowbro|Ice Beam|p1a: Garchomp
|-supereffective|p1a: Garchomp
|-damage|p1a: Garchomp|0 fnt
|faint|p1a: Garchomp
|-damage|p2a: Slowbro|71/100|[from] item: Life Orb
|
|upkeep
|
|t:|1641786900
|switch|p1a: Heatran|Heatran, M|100/100
|turn|14
|
|t:|1641786915
|move|p2a: Slowbro|Psyshock|p1a: Heatran
|-resisted|p1a: Heatran
|-damage|p1a: Heatran|76/100
|-damage|p2a: Slowbro|61/100|[from] item: Life Orb
|move|p1a: Heatran|Dark Pulse|p2a: Slowbro
|-supereffective|p2a: Slowbro
|-damage|p2a: Slowbro|0 fnt
|faint|p2a: Slowbro
|
|-fieldend|move: Trick Room
|-fieldend|Misty Terrain
|upkeep
|
|t:|1641786921
|switch|p2a: Ditto|Ditto|100/100
|-transform|p2a: Ditto|p1a: Heatran|[from] ability: Imposter
|turn|15
|
|t:|1641786936
|switch|p1a: Excadrill|Excadrill, M|100/100
|-ability|p1a: Excadrill|Mold Breaker
|move|p2a: Ditto|Dark Pulse|p1a: Excadrill
|-damage|p1a: Excadrill|75/100
|
|-heal|p1a: Excadrill|81/100|[from] item: Leftovers
|upkeep
|turn|16
|
|t:|1641786950
|switch|p2a: Mine Clearer|Corviknight, M|100/100
|switch|p1a: Heatran|Heatran, M|76/100
|
|upkeep
|turn|17
|
|t:|1641786961
|switch|p2a: Ditto|Ditto|100/100
|-transform|p2a: Ditto|p1a: Heatran|[from] ability: Imposter
|move|p1a: Heatran|Eruption|p2a: Ditto
|-start|p2a: Ditto|ability: Flash Fire
|
|upkeep
|turn|18
|
|t:|1641786974
|switch|p1a: Urshifu|Urshifu-Rapid-Strike, M|93/100
|move|p2a: Ditto|Flash Cannon|p1a: Urshifu
|-resisted|p1a: Urshifu
|-damage|p1a: Urshifu|64/100
|
|upkeep
|turn|19
|
|t:|1641786981
|-end|p2a: Ditto|ability: Flash Fire|[silent]
|switch|p2a: Bugging You|Volcarona, F|100/100
|move|p1a: Urshifu|U-turn|p2a: Bugging You
|-resisted|p2a: Bugging You
|-damage|p2a: Bugging You|71/100
|-status|p1a: Urshifu|brn|[from] ability: Flame Body|[of] p2a: Bugging You
|
|t:|1641786989
|switch|p1a: Excadrill|Excadrill, M|81/100|[from]move: U-turn
|-ability|p1a: Excadrill|Mold Breaker
|
|-heal|p1a: Excadrill|87/100|[from] item: Leftovers
|upkeep
|turn|20
|
|t:|1641786997
|move|p1a: Excadrill|Earthquake|p2a: Bugging You
|-damage|p2a: Bugging You|0 fnt
|faint|p2a: Bugging You
|
|-heal|p1a: Excadrill|93/100|[from] item: Leftovers
|upkeep
|
|t:|1641787001
|switch|p2a: Mine Clearer|Corviknight, M|100/100
|turn|21
|
|t:|1641787007
|move|p1a: Excadrill|Swords Dance|p1a: Excadrill
|-boost|p1a: Excadrill|atk|2
|move|p2a: Mine Clearer|Iron Defense|p2a: Mine Clearer
|-boost|p2a: Mine Clearer|def|2
|
|-heal|p1a: Excadrill|99/100|[from] item: Leftovers
|upkeep
|turn|22
|
|t:|1641787013
|move|p1a: Excadrill|Swords Dance|p1a: Excadrill
|-boost|p1a: Excadrill|atk|2
|move|p2a: Mine Clearer|Iron Defense|p2a: Mine Clearer
|-boost|p2a: Mine Clearer|def|2
|
|-heal|p1a: Excadrill|100/100|[from] item: Leftovers
|upkeep
|turn|23
|
|t:|1641787020
|move|p1a: Excadrill|Iron Head|p2a: Mine Clearer
|-resisted|p2a: Mine Clearer
|-damage|p2a: Mine Clearer|85/100
|cant|p2a: Mine Clearer|flinch
|
|-heal|p2a: Mine Clearer|92/100|[from] item: Leftovers
|upkeep
|turn|24
|
|t:|1641787030
|move|p1a: Excadrill|Iron Head|p2a: Mine Clearer
|-resisted|p2a: Mine Clearer
|-damage|p2a: Mine Clearer|77/100
|move|p2a: Mine Clearer|Iron Defense|p2a: Mine Clearer
|-boost|p2a: Mine Clearer|def|2
|
|-heal|p2a: Mine Clearer|84/100|[from] item: Leftovers
|upkeep
|turn|25
|
|t:|1641787037
|move|p1a: Excadrill|Iron Head|p2a: Mine Clearer
|-resisted|p2a: Mine Clearer
|-crit|p2a: Mine Clearer
|-damage|p2a: Mine Clearer|21/100
|cant|p2a: Mine Clearer|flinch
|
|-heal|p2a: Mine Clearer|27/100|[from] item: Leftovers
|upkeep
|turn|26
|
|t:|1641787044
|move|p1a: Excadrill|Iron Head|p2a: Mine Clearer
|-resisted|p2a: Mine Clearer
|-damage|p2a: Mine Clearer|15/100
|move|p2a: Mine Clearer|Roost|p2a: Mine Clearer
|-heal|p2a: Mine Clearer|65/100
|-singleturn|p2a: Mine Clearer|move: Roost
|
|-heal|p2a: Mine Clearer|72/100|[from] item: Leftovers
|upkeep
|turn|27
|
|t:|1641787052
|move|p1a: Excadrill|Iron Head|p2a: Mine Clearer
|-resisted|p2a: Mine Clearer
|-damage|p2a: Mine Clearer|61/100
|move|p2a: Mine Clearer|Roost|p2a: Mine Clearer
|-heal|p2a: Mine Clearer|100/100
|-singleturn|p2a: Mine Clearer|move: Roost
|
|upkeep
|turn|28
|
|t:|1641787059
|move|p1a: Excadrill|Iron Head|p2a: Mine Clearer
|-resisted|p2a: Mine Clearer
|-damage|p2a: Mine Clearer|90/100
|cant|p2a: Mine Clearer|flinch
|
|-heal|p2a: Mine Clearer|96/100|[from] item: Leftovers
|upkeep
|turn|29
|
|t:|1641787066
|switch|p1a: Urshifu|Urshifu-Rapid-Strike, M|64/100 brn
|move|p2a: Mine Clearer|Body Press|p1a: Urshifu
|-damage|p1a: Urshifu|0 fnt
|faint|p1a: Urshifu
|
|-heal|p2a: Mine Clearer|100/100|[from] item: Leftovers
|upkeep
|
|t:|1641787073
|switch|p1a: Heatran|Heatran, M|76/100
|turn|30
|
|t:|1641787080
|move|p1a: Heatran|Eruption|p2a: Mine Clearer
|-supereffective|p2a: Mine Clearer
|-damage|p2a: Mine Clearer|26/100
|move|p2a: Mine Clearer|Body Press|p1a: Heatran
|-supereffective|p1a: Heatran
|-damage|p1a: Heatran|0 fnt
|faint|p1a: Heatran
|
|-heal|p2a: Mine Clearer|33/100|[from] item: Leftovers
|upkeep
|c|☆srimmer32|gg
|-message|srimmer32 forfeited.
|
|win|comradekomko
|raw|srimmer32's rating: 1339 &rarr; <strong>1318</strong><br />(-21 for losing)
|raw|comradekomko's rating: 1327 &rarr; <strong>1348</strong><br />(+21 for winning)
|l|☆srimmer32
