|j|☆Gastalies
|j|☆The bad teams user
|t:|1641820564
|gametype|singles
|player|p1|Gastalies|clair|1506
|player|p2|The bad teams user|lucas|1584
|teamsize|p1|6
|teamsize|p2|6
|gen|8
|tier|[Gen 8] OU
|rated|
|rule|Sleep Clause Mod: Limit one foe put to sleep
|rule|Species Clause: Limit one of each Pokémon
|rule|OHKO Clause: OHKO moves are banned
|rule|Evasion Moves Clause: Evasion moves are banned
|rule|Endless Battle Clause: Forcing endless battles is banned
|rule|HP Percentage Mod: HP is shown in percentages
|rule|Dynamax Clause: You cannot dynamax
|clearpoke
|poke|p1|Hydreigon, F|
|poke|p1|Crawdaunt, M|
|poke|p1|Buzzwole|
|poke|p1|Heatran, M|
|poke|p1|Landorus-Therian, M|
|poke|p1|Zapdos|
|poke|p2|Landorus-Therian, M|
|poke|p2|Tapu Fini|
|poke|p2|Melmetal|
|poke|p2|Dragapult, F|
|poke|p2|Magnezone|
|poke|p2|Blissey, F|
|teampreview
|inactive|Battle timer is ON: inactive players will automatically lose when time's up. (requested by Gastalies)
|
|t:|1641820574
|start
|switch|p1a: Crawdaunt|Crawdaunt, M|100/100
|switch|p2a: Tapu Fin|Tapu Fini|100/100
|-fieldstart|move: Misty Terrain|[from] ability: Misty Surge|[of] p2a: Tapu Fin
|turn|1
|
|t:|1641820578
|switch|p1a: Zapdos|Zapdos|100/100
|move|p2a: Tapu Fin|Calm Mind|p2a: Tapu Fin
|-boost|p2a: Tapu Fin|spa|1
|-boost|p2a: Tapu Fin|spd|1
|
|upkeep
|turn|2
|
|t:|1641820581
|move|p1a: Zapdos|Volt Switch|p2a: Tapu Fin
|-supereffective|p2a: Tapu Fin
|-damage|p2a: Tapu Fin|69/100
|
|t:|1641820585
|switch|p1a: Heatran|Heatran, M|100/100|[from]move: Volt Switch
|move|p2a: Tapu Fin|Draining Kiss|p1a: Heatran
|-resisted|p1a: Heatran
|-damage|p1a: Heatran|97/100
|-heal|p2a: Tapu Fin|72/100|[from] drain|[of] p1a: Heatran
|
|-heal|p2a: Tapu Fin|78/100|[from] item: Leftovers
|-heal|p1a: Heatran|100/100|[from] item: Leftovers
|upkeep
|turn|3
|
|t:|1641820589
|move|p2a: Tapu Fin|Calm Mind|p2a: Tapu Fin
|-boost|p2a: Tapu Fin|spa|1
|-boost|p2a: Tapu Fin|spd|1
|move|p1a: Heatran|Taunt|p2a: Tapu Fin
|-start|p2a: Tapu Fin|move: Taunt
|
|-heal|p2a: Tapu Fin|84/100|[from] item: Leftovers
|upkeep
|turn|4
|
|t:|1641820593
|move|p2a: Tapu Fin|Surf|p1a: Heatran
|-supereffective|p1a: Heatran
|-damage|p1a: Heatran|29/100
|move|p1a: Heatran|Magma Storm|p2a: Tapu Fin
|-resisted|p2a: Tapu Fin
|-damage|p2a: Tapu Fin|75/100
|-activate|p2a: Tapu Fin|move: Magma Storm|[of] p1a: Heatran
|
|-heal|p2a: Tapu Fin|82/100|[from] item: Leftovers
|-heal|p1a: Heatran|35/100|[from] item: Leftovers
|-damage|p2a: Tapu Fin|69/100|[from] move: Magma Storm|[partiallytrapped]
|upkeep
|turn|5
|
|t:|1641820597
|switch|p1a: Zapdos|Zapdos|100/100
|move|p2a: Tapu Fin|Surf|p1a: Zapdos
|-damage|p1a: Zapdos|36/100
|
|-heal|p2a: Tapu Fin|75/100|[from] item: Leftovers
|-end|p2a: Tapu Fin|Magma Storm|[partiallytrapped]|[silent]
|-fieldend|Misty Terrain
|upkeep
|turn|6
|
|t:|1641820603
|move|p1a: Zapdos|Hurricane|p2a: Tapu Fin
|-damage|p2a: Tapu Fin|55/100
|move|p2a: Tapu Fin|Surf|p1a: Zapdos
|-crit|p1a: Zapdos
|-damage|p1a: Zapdos|0 fnt
|faint|p1a: Zapdos
|
|-heal|p2a: Tapu Fin|61/100|[from] item: Leftovers
|-end|p2a: Tapu Fin|move: Taunt
|upkeep
|-message|Gastalies forfeited.
|
|win|The bad teams user
|raw|Gastalies's rating: 1506 &rarr; <strong>1490</strong><br />(-16 for losing)
|raw|The bad teams user's rating: 1584 &rarr; <strong>1600</strong><br />(+16 for winning)
|l|☆Gastalies
