|j|☆Le-Perpetrator
|j|☆tyler van dyke
|t:|1641820671
|gametype|singles
|player|p1|Le-Perpetrator|1|1650
|player|p2|tyler van dyke|101|1781
|teamsize|p1|6
|teamsize|p2|6
|gen|8
|tier|[Gen 8] OU
|rated|
|rule|Sleep Clause Mod: Limit one foe put to sleep
|rule|Species Clause: Limit one of each Pokémon
|rule|OHKO Clause: OHKO moves are banned
|rule|Evasion Moves Clause: Evasion moves are banned
|rule|Endless Battle Clause: Forcing endless battles is banned
|rule|HP Percentage Mod: HP is shown in percentages
|rule|Dynamax Clause: You cannot dynamax
|clearpoke
|poke|p1|Toxapex, F|
|poke|p1|Ferrothorn, M|
|poke|p1|Hatterene, F|
|poke|p1|Landorus-Therian, M|
|poke|p1|Victini|
|poke|p1|Dragapult, M|
|poke|p2|Kartana|
|poke|p2|Blacephalon|
|poke|p2|Tyranitar, F|
|poke|p2|Dragapult, M|
|poke|p2|Melmetal|
|poke|p2|Landorus-Therian, M|
|teampreview
|
|t:|1641820676
|start
|switch|p1a: NastyInsertion|Toxapex, F|100/100
|switch|p2a: Landorus|Landorus-Therian, M|100/100
|-ability|p2a: Landorus|Intimidate|boost
|-unboost|p1a: NastyInsertion|atk|1
|turn|1
|
|t:|1641820683
|move|p2a: Landorus|Earthquake|p1a: NastyInsertion
|-supereffective|p1a: NastyInsertion
|-damage|p1a: NastyInsertion|33/100
|move|p1a: NastyInsertion|Toxic Spikes|p2a: Landorus
|-sidestart|p2: tyler van dyke|move: Toxic Spikes
|
|-heal|p1a: NastyInsertion|40/100|[from] item: Black Sludge
|upkeep
|turn|2
|j| wwwwwwwgg
|
|t:|1641820704
|switch|p1a: BillieEllish|Landorus-Therian, M|100/100
|-ability|p1a: BillieEllish|Intimidate|boost
|-unboost|p2a: Landorus|atk|1
|move|p2a: Landorus|Earthquake|p1a: BillieEllish
|-immune|p1a: BillieEllish
|
|upkeep
|turn|3
|
|t:|1641820711
|move|p1a: BillieEllish|Knock Off|p2a: Landorus
|-damage|p2a: Landorus|66/100
|-enditem|p2a: Landorus|Heavy-Duty Boots|[from] move: Knock Off|[of] p1a: BillieEllish
|move|p2a: Landorus|Knock Off|p1a: BillieEllish
|-crit|p1a: BillieEllish
|-damage|p1a: BillieEllish|48/100
|-enditem|p1a: BillieEllish|Choice Scarf|[from] move: Knock Off|[of] p2a: Landorus
|
|upkeep
|turn|4
|
|t:|1641820729
|move|p1a: BillieEllish|U-turn|p2a: Landorus
|-resisted|p2a: Landorus
|-damage|p2a: Landorus|53/100
|j| teefman
|
|t:|1641820735
|switch|p1a: SoftontheInside|Ferrothorn, M|100/100|[from]move: U-turn
|move|p2a: Landorus|U-turn|p1a: SoftontheInside
|-damage|p1a: SoftontheInside|90/100
|-damage|p2a: Landorus|41/100|[from] ability: Iron Barbs|[of] p1a: SoftontheInside
|-damage|p2a: Landorus|25/100|[from] item: Rocky Helmet|[of] p1a: SoftontheInside
|
|t:|1641820745
|switch|p2a: Dragapult|Dragapult, M|100/100|[from]move: U-turn
|-status|p2a: Dragapult|psn
|
|-damage|p2a: Dragapult|88/100 psn|[from] psn
|upkeep
|turn|5
|
|t:|1641820753
|switch|p1a: NastyInsertion|Toxapex, F|73/100
|move|p2a: Dragapult|Flamethrower|p1a: NastyInsertion
|-resisted|p1a: NastyInsertion
|-damage|p1a: NastyInsertion|58/100
|
|-heal|p1a: NastyInsertion|64/100|[from] item: Black Sludge
|-damage|p2a: Dragapult|76/100 psn|[from] psn
|upkeep
|turn|6
|
|t:|1641820763
|switch|p2a: Landorus|Landorus-Therian, M|25/100
|-ability|p2a: Landorus|Intimidate|boost
|-unboost|p1a: NastyInsertion|atk|1
|move|p1a: NastyInsertion|Scald|p2a: Landorus
|-supereffective|p2a: Landorus
|-crit|p2a: Landorus
|-damage|p2a: Landorus|0 fnt
|faint|p2a: Landorus
|
|-heal|p1a: NastyInsertion|71/100|[from] item: Black Sludge
|upkeep
|
|t:|1641820768
|switch|p2a: Tyranitar|Tyranitar, F|100/100
|-status|p2a: Tyranitar|psn
|-weather|Sandstorm|[from] ability: Sand Stream|[of] p2a: Tyranitar
|turn|7
|j| qshen
|
|t:|1641820776
|switch|p1a: Condom|Hatterene, F|100/100
|move|p2a: Tyranitar|Fire Punch|p1a: Condom
|-crit|p1a: Condom
|-damage|p1a: Condom|27/100
|
|-weather|Sandstorm|[upkeep]
|-damage|p1a: Condom|21/100|[from] Sandstorm
|-damage|p2a: Tyranitar|88/100 psn|[from] psn
|upkeep
|turn|8
|
|t:|1641820785
|move|p2a: Tyranitar|Fire Punch|p1a: Condom
|-damage|p1a: Condom|0 fnt
|faint|p1a: Condom
|
|-weather|Sandstorm|[upkeep]
|-damage|p2a: Tyranitar|76/100 psn|[from] psn
|upkeep
|
|t:|1641820791
|switch|p1a: BillieEllish|Landorus-Therian, M|48/100
|-ability|p1a: BillieEllish|Intimidate|boost
|-unboost|p2a: Tyranitar|atk|1
|turn|9
|
|t:|1641820796
|switch|p2a: Kartana|Kartana|100/100
|move|p1a: BillieEllish|Earthquake|p2a: Kartana
|-damage|p2a: Kartana|34/100
|
|-weather|Sandstorm|[upkeep]
|upkeep
|turn|10
|
|t:|1641820803
|switch|p1a: SoftontheInside|Ferrothorn, M|90/100
|move|p2a: Kartana|Knock Off|p1a: SoftontheInside
|-damage|p1a: SoftontheInside|56/100
|-damage|p2a: Kartana|22/100|[from] ability: Iron Barbs|[of] p1a: SoftontheInside
|-damage|p2a: Kartana|6/100|[from] item: Rocky Helmet|[of] p1a: SoftontheInside
|-enditem|p1a: SoftontheInside|Rocky Helmet|[from] move: Knock Off|[of] p2a: Kartana
|
|-weather|Sandstorm|[upkeep]
|upkeep
|turn|11
|
|t:|1641820816
|switch|p2a: Melmetal|Melmetal|100/100
|move|p1a: SoftontheInside|Stealth Rock|p2a: Melmetal
|-sidestart|p2: tyler van dyke|move: Stealth Rock
|
|-weather|none
|upkeep
|turn|12
|
|t:|1641820821
|switch|p1a: NastyInsertion|Toxapex, F|100/100
|move|p2a: Melmetal|Earthquake|p1a: NastyInsertion
|-supereffective|p1a: NastyInsertion
|-damage|p1a: NastyInsertion|25/100
|
|-heal|p1a: NastyInsertion|31/100|[from] item: Black Sludge
|upkeep
|turn|13
|
|t:|1641820828
|switch|p1a: SoftontheInside|Ferrothorn, M|56/100
|move|p2a: Melmetal|Ice Punch|p1a: SoftontheInside
|-damage|p1a: SoftontheInside|32/100
|-damage|p2a: Melmetal|88/100|[from] ability: Iron Barbs|[of] p1a: SoftontheInside
|
|upkeep
|turn|14
|j| AloneVR
|
|t:|1641820835
|move|p2a: Melmetal|Earthquake|p1a: SoftontheInside
|-damage|p1a: SoftontheInside|5/100
|move|p1a: SoftontheInside|Spikes|p2a: Melmetal
|-sidestart|p2: tyler van dyke|Spikes
|
|upkeep
|turn|15
|
|t:|1641820840
|move|p2a: Melmetal|Earthquake|p1a: SoftontheInside
|-damage|p1a: SoftontheInside|0 fnt
|faint|p1a: SoftontheInside
|
|upkeep
|
|t:|1641820844
|switch|p1a: SpankBang|Victini|100/100
|turn|16
|
|t:|1641820851
|switch|p2a: Tyranitar|Tyranitar, F|76/100 psn
|-damage|p2a: Tyranitar|63/100 psn|[from] Spikes
|-damage|p2a: Tyranitar|51/100 psn|[from] Stealth Rock
|-weather|Sandstorm|[from] ability: Sand Stream|[of] p2a: Tyranitar
|move|p1a: SpankBang|V-create|p2a: Tyranitar
|-resisted|p2a: Tyranitar
|-damage|p2a: Tyranitar|0 fnt
|-unboost|p1a: SpankBang|spe|1
|-unboost|p1a: SpankBang|def|1
|-unboost|p1a: SpankBang|spd|1
|faint|p2a: Tyranitar
|
|-weather|Sandstorm|[upkeep]
|-damage|p1a: SpankBang|94/100|[from] Sandstorm
|upkeep
|
|t:|1641820864
|switch|p2a: Blacephalon|Blacephalon|100/100
|-damage|p2a: Blacephalon|76/100|[from] Stealth Rock
|-status|p2a: Blacephalon|psn
|-damage|p2a: Blacephalon|64/100 psn|[from] Spikes
|turn|17
|
|t:|1641820871
|switch|p1a: NastyInsertion|Toxapex, F|64/100
|move|p2a: Blacephalon|Shadow Ball|p1a: NastyInsertion
|-damage|p1a: NastyInsertion|24/100
|
|-weather|Sandstorm|[upkeep]
|-damage|p2a: Blacephalon|58/100 psn|[from] Sandstorm
|-damage|p1a: NastyInsertion|18/100|[from] Sandstorm
|-heal|p1a: NastyInsertion|24/100|[from] item: Black Sludge
|-damage|p2a: Blacephalon|45/100 psn|[from] psn
|upkeep
|turn|18
|
|t:|1641820881
|move|p1a: NastyInsertion|Baneful Bunker|p1a: NastyInsertion
|-singleturn|p1a: NastyInsertion|move: Protect
|move|p2a: Blacephalon|Shadow Ball|p1a: NastyInsertion
|-activate|p1a: NastyInsertion|move: Protect
|
|-weather|Sandstorm|[upkeep]
|-damage|p2a: Blacephalon|39/100 psn|[from] Sandstorm
|-damage|p1a: NastyInsertion|18/100|[from] Sandstorm
|-heal|p1a: NastyInsertion|24/100|[from] item: Black Sludge
|-damage|p2a: Blacephalon|27/100 psn|[from] psn
|upkeep
|turn|19
|
|t:|1641820891
|switch|p1a: BillieEllish|Landorus-Therian, M|48/100
|-ability|p1a: BillieEllish|Intimidate|boost
|-unboost|p2a: Blacephalon|atk|1
|move|p2a: Blacephalon|Shadow Ball|p1a: BillieEllish
|-damage|p1a: BillieEllish|0 fnt
|faint|p1a: BillieEllish
|-ability|p2a: Blacephalon|Beast Boost|boost
|-boost|p2a: Blacephalon|spa|1
|
|-weather|Sandstorm|[upkeep]
|-damage|p2a: Blacephalon|21/100 psn|[from] Sandstorm
|-damage|p2a: Blacephalon|9/100 psn|[from] psn
|upkeep
|
|t:|1641820902
|switch|p1a: NastyInsertion|Toxapex, F|57/100
|turn|20
|
|t:|1641820906
|switch|p2a: Melmetal|Melmetal|88/100
|-damage|p2a: Melmetal|76/100|[from] Spikes
|-damage|p2a: Melmetal|69/100|[from] Stealth Rock
|move|p1a: NastyInsertion|Baneful Bunker||[still]
|-fail|p1a: NastyInsertion
|
|-weather|none
|-heal|p1a: NastyInsertion|63/100|[from] item: Black Sludge
|upkeep
|turn|21
|
|t:|1641820915
|switch|p1a: Dragapult|Dragapult, M|100/100
|move|p2a: Melmetal|Earthquake|p1a: Dragapult
|-damage|p1a: Dragapult|42/100
|
|upkeep
|turn|22
|
|t:|1641820922
|move|p1a: Dragapult|Flamethrower|p2a: Melmetal
|-supereffective|p2a: Melmetal
|-damage|p2a: Melmetal|0 fnt
|faint|p2a: Melmetal
|
|upkeep
|
|t:|1641820926
|switch|p2a: Dragapult|Dragapult, M|76/100 psn
|-damage|p2a: Dragapult|64/100 psn|[from] Spikes
|-damage|p2a: Dragapult|51/100 psn|[from] Stealth Rock
|turn|23
|
|t:|1641820931
|switch|p1a: NastyInsertion|Toxapex, F|97/100
|move|p2a: Dragapult|Shadow Ball|p1a: NastyInsertion
|-damage|p1a: NastyInsertion|55/100
|
|-heal|p1a: NastyInsertion|61/100|[from] item: Black Sludge
|-damage|p2a: Dragapult|39/100 psn|[from] psn
|upkeep
|turn|24
|-message|tyler van dyke forfeited.
|
|win|Le-Perpetrator
|raw|Le-Perpetrator's rating: 1650 &rarr; <strong>1676</strong><br />(+26 for winning)
|raw|tyler van dyke's rating: 1757 &rarr; <strong>1731</strong><br />(-26 for losing)
|l|☆tyler van dyke
