|j|☆Asuk4
|j|☆DumbLick1337
|t:|1641845338
|gametype|singles
|player|p1|Asuk4|#wcop2020greece|1366
|player|p2|DumbLick1337|102|1340
|teamsize|p1|6
|teamsize|p2|6
|gen|8
|tier|[Gen 8] OU
|rated|
|rule|Sleep Clause Mod: Limit one foe put to sleep
|rule|Species Clause: Limit one of each Pokémon
|rule|OHKO Clause: OHKO moves are banned
|rule|Evasion Moves Clause: Evasion moves are banned
|rule|Endless Battle Clause: Forcing endless battles is banned
|rule|HP Percentage Mod: HP is shown in percentages
|rule|Dynamax Clause: You cannot dynamax
|clearpoke
|poke|p1|Rotom-Wash|
|poke|p1|Dragapult, M|
|poke|p1|Scizor, M|
|poke|p1|Landorus-Therian, M|
|poke|p1|Garchomp, M|
|poke|p1|Bisharp, M|
|poke|p2|Rotom-Heat|
|poke|p2|Corviknight, M|
|poke|p2|Clefable, F|
|poke|p2|Seismitoad, F|
|poke|p2|Hydreigon, F|
|poke|p2|Gyarados, M|
|teampreview
|c|☆DumbLick1337|hf
|inactive|Battle timer is ON: inactive players will automatically lose when time's up. (requested by DumbLick1337)
|
|t:|1641845347
|start
|switch|p1a: Rotom|Rotom-Wash|100/100
|switch|p2a: Hydreigon|Hydreigon, F|100/100
|turn|1
|
|t:|1641845349
|move|p2a: Hydreigon|Dark Pulse|p1a: Rotom
|-damage|p1a: Rotom|68/100
|cant|p1a: Rotom|flinch
|
|-heal|p1a: Rotom|74/100|[from] item: Leftovers
|upkeep
|turn|2
|
|t:|1641845353
|move|p2a: Hydreigon|Dark Pulse|p1a: Rotom
|-damage|p1a: Rotom|42/100
|cant|p1a: Rotom|flinch
|
|-heal|p1a: Rotom|49/100|[from] item: Leftovers
|upkeep
|turn|3
|
|t:|1641845358
|switch|p1a: Bisharp|Bisharp, M|100/100
|move|p2a: Hydreigon|Dark Pulse|p1a: Bisharp
|-resisted|p1a: Bisharp
|-damage|p1a: Bisharp|67/100
|
|upkeep
|turn|4
|
|t:|1641845359
|switch|p2a: Corviknight|Corviknight, M|100/100
|-ability|p2a: Corviknight|Pressure
|move|p1a: Bisharp|Iron Head|p2a: Corviknight
|-resisted|p2a: Corviknight
|-damage|p2a: Corviknight|79/100
|
|-heal|p2a: Corviknight|85/100|[from] item: Leftovers
|upkeep
|turn|5
|
|t:|1641845362
|switch|p1a: Rotom|Rotom-Wash|49/100
|move|p2a: Corviknight|Brave Bird|p1a: Rotom
|-resisted|p1a: Rotom
|-damage|p1a: Rotom|30/100
|-damage|p2a: Corviknight|80/100|[from] Recoil
|
|-heal|p1a: Rotom|36/100|[from] item: Leftovers
|-heal|p2a: Corviknight|87/100|[from] item: Leftovers
|upkeep
|turn|6
|
|t:|1641845370
|switch|p1a: Dragapult|Dragapult, M|100/100
|switch|p2a: Seismitoad|Seismitoad, F|100/100
|
|upkeep
|turn|7
|
|t:|1641845375
|switch|p2a: Clefable|Clefable, F|100/100
|move|p1a: Dragapult|Shadow Ball|p2a: Clefable
|-damage|p2a: Clefable|52/100
|
|-heal|p2a: Clefable|58/100|[from] item: Leftovers
|upkeep
|turn|8
|
|t:|1641845378
|move|p1a: Dragapult|Shadow Ball|p2a: Clefable
|-damage|p2a: Clefable|9/100
|-unboost|p2a: Clefable|spd|1
|move|p2a: Clefable|Soft-Boiled|p2a: Clefable
|-heal|p2a: Clefable|59/100
|
|-heal|p2a: Clefable|65/100|[from] item: Leftovers
|upkeep
|turn|9
|
|t:|1641845383
|switch|p2a: Hydreigon|Hydreigon, F|100/100
|move|p1a: Dragapult|Shadow Ball|p2a: Hydreigon
|-resisted|p2a: Hydreigon
|-damage|p2a: Hydreigon|69/100
|-unboost|p2a: Hydreigon|spd|1
|
|upkeep
|turn|10
|
|t:|1641845388
|switch|p1a: Scizor|Scizor, M|100/100
|move|p2a: Hydreigon|Draco Meteor|p1a: Scizor
|-resisted|p1a: Scizor
|-damage|p1a: Scizor|67/100
|-unboost|p2a: Hydreigon|spa|2
|
|-heal|p1a: Scizor|74/100|[from] item: Leftovers
|upkeep
|turn|11
|
|t:|1641845395
|switch|p2a: Seismitoad|Seismitoad, F|100/100
|move|p1a: Scizor|U-turn|p2a: Seismitoad
|-damage|p2a: Seismitoad|80/100
|j| haywirehax
|
|t:|1641845401
|switch|p1a: Dragapult|Dragapult, M|100/100|[from]move: U-turn
|
|-heal|p2a: Seismitoad|86/100|[from] item: Leftovers
|upkeep
|turn|12
|
|t:|1641845405
|switch|p2a: Clefable|Clefable, F|65/100
|move|p1a: Dragapult|Shadow Ball|p2a: Clefable
|-damage|p2a: Clefable|18/100
|
|-heal|p2a: Clefable|24/100|[from] item: Leftovers
|upkeep
|turn|13
|
|t:|1641845411
|switch|p2a: Hydreigon|Hydreigon, F|69/100
|move|p1a: Dragapult|Shadow Ball|p2a: Hydreigon
|-resisted|p2a: Hydreigon
|-damage|p2a: Hydreigon|40/100
|
|upkeep
|turn|14
|
|t:|1641845417
|move|p2a: Hydreigon|Dark Pulse|p1a: Dragapult
|-supereffective|p1a: Dragapult
|-damage|p1a: Dragapult|0 fnt
|faint|p1a: Dragapult
|
|upkeep
|
|t:|1641845420
|switch|p1a: Bisharp|Bisharp, M|67/100
|turn|15
|
|t:|1641845424
|move|p2a: Hydreigon|Dark Pulse|p1a: Bisharp
|-resisted|p1a: Bisharp
|-damage|p1a: Bisharp|31/100
|move|p1a: Bisharp|Beat Up|p2a: Hydreigon
|-resisted|p2a: Hydreigon
|-crit|p2a: Hydreigon
|-damage|p2a: Hydreigon|29/100
|-resisted|p2a: Hydreigon
|-damage|p2a: Hydreigon|24/100
|-resisted|p2a: Hydreigon
|-damage|p2a: Hydreigon|15/100
|-resisted|p2a: Hydreigon
|-damage|p2a: Hydreigon|5/100
|-resisted|p2a: Hydreigon
|-damage|p2a: Hydreigon|0 fnt
|faint|p2a: Hydreigon
|-hitcount|p2: Hydreigon|5
|
|upkeep
|
|t:|1641845425
|switch|p2a: Clefable|Clefable, F|24/100
|turn|16
|
|t:|1641845427
|move|p1a: Bisharp|Beat Up|p2a: Clefable
|-resisted|p2a: Clefable
|-damage|p2a: Clefable|18/100
|-resisted|p2a: Clefable
|-damage|p2a: Clefable|14/100
|-resisted|p2a: Clefable
|-damage|p2a: Clefable|9/100
|-resisted|p2a: Clefable
|-damage|p2a: Clefable|2/100
|-resisted|p2a: Clefable
|-damage|p2a: Clefable|0 fnt
|faint|p2a: Clefable
|-hitcount|p2: Clefable|5
|
|upkeep
|
|t:|1641845427
|switch|p2a: Seismitoad|Seismitoad, F|86/100
|turn|17
|
|t:|1641845435
|move|p1a: Bisharp|Beat Up|p2a: Seismitoad
|-damage|p2a: Seismitoad|75/100
|-damage|p2a: Seismitoad|68/100
|-damage|p2a: Seismitoad|58/100
|-damage|p2a: Seismitoad|46/100
|-damage|p2a: Seismitoad|35/100
|-hitcount|p2a: Seismitoad|5
|move|p2a: Seismitoad|Toxic|p1a: Bisharp
|-immune|p1a: Bisharp
|
|-heal|p2a: Seismitoad|41/100|[from] item: Leftovers
|upkeep
|turn|18
|
|t:|1641845444
|move|p1a: Bisharp|Beat Up|p2a: Seismitoad
|-damage|p2a: Seismitoad|31/100
|-crit|p2a: Seismitoad
|-damage|p2a: Seismitoad|21/100
|-damage|p2a: Seismitoad|11/100
|-damage|p2a: Seismitoad|0 fnt
|faint|p2a: Seismitoad
|-hitcount|p2: Seismitoad|4
|
|upkeep
|
|t:|1641845444
|switch|p2a: Gyarados|Gyarados, M|100/100
|turn|19
|
|t:|1641845451
|move|p2a: Gyarados|Dragon Dance|p2a: Gyarados
|-boost|p2a: Gyarados|atk|1
|-boost|p2a: Gyarados|spe|1
|move|p1a: Bisharp|Beat Up|p2a: Gyarados
|-damage|p2a: Gyarados|81/100
|-crit|p2a: Gyarados
|-damage|p2a: Gyarados|64/100
|-damage|p2a: Gyarados|46/100
|-damage|p2a: Gyarados|27/100
|-damage|p2a: Gyarados|7/100
|-hitcount|p2a: Gyarados|5
|
|-heal|p2a: Gyarados|13/100|[from] item: Leftovers
|upkeep
|turn|20
|
|t:|1641845460
|switch|p1a: Garchomp|Garchomp, M|100/100
|move|p2a: Gyarados|Dragon Dance|p2a: Gyarados
|-boost|p2a: Gyarados|atk|1
|-boost|p2a: Gyarados|spe|1
|
|-heal|p2a: Gyarados|20/100|[from] item: Leftovers
|upkeep
|turn|21
|
|t:|1641845466
|switch|p1a: Landorus|Landorus-Therian, M|100/100
|-ability|p1a: Landorus|Intimidate|boost
|-unboost|p2a: Gyarados|atk|1
|move|p2a: Gyarados|Waterfall|p1a: Landorus
|-supereffective|p1a: Landorus
|-damage|p1a: Landorus|0 fnt
|faint|p1a: Landorus
|-ability|p2a: Gyarados|Moxie|boost
|-boost|p2a: Gyarados|atk|1
|
|-heal|p2a: Gyarados|26/100|[from] item: Leftovers
|upkeep
|
|t:|1641845470
|switch|p1a: Garchomp|Garchomp, M|100/100
|turn|22
|
|t:|1641845471
|move|p2a: Gyarados|Waterfall|p1a: Garchomp
|-damage|p1a: Garchomp|9/100
|-damage|p2a: Gyarados|13/100|[from] ability: Rough Skin|[of] p1a: Garchomp
|move|p1a: Garchomp|Scale Shot|p2a: Gyarados
|-damage|p2a: Gyarados|0 fnt
|faint|p2a: Gyarados
|-hitcount|p2: Gyarados|1
|-unboost|p1a: Garchomp|def|1
|-boost|p1a: Garchomp|spe|1
|
|upkeep
|
|t:|1641845472
|switch|p2a: Corviknight|Corviknight, M|87/100
|-ability|p2a: Corviknight|Pressure
|turn|23
|
|t:|1641845478
|move|p1a: Garchomp|Fire Fang|p2a: Corviknight
|-supereffective|p2a: Corviknight
|-damage|p2a: Corviknight|51/100
|move|p2a: Corviknight|Brave Bird|p1a: Garchomp
|-damage|p1a: Garchomp|0 fnt
|-damage|p2a: Corviknight|38/100|[from] ability: Rough Skin|[of] p1a: Garchomp
|faint|p1a: Garchomp
|-damage|p2a: Corviknight|35/100|[from] Recoil
|
|-heal|p2a: Corviknight|42/100|[from] item: Leftovers
|upkeep
|
|t:|1641845484
|switch|p1a: Rotom|Rotom-Wash|36/100
|turn|24
|
|t:|1641845486
|move|p1a: Rotom|Thunder Wave|p2a: Corviknight
|-status|p2a: Corviknight|par
|move|p2a: Corviknight|Brave Bird|p1a: Rotom
|-resisted|p1a: Rotom
|-damage|p1a: Rotom|16/100
|-damage|p2a: Corviknight|36/100 par|[from] Recoil
|
|-heal|p1a: Rotom|22/100|[from] item: Leftovers
|-heal|p2a: Corviknight|43/100 par|[from] item: Leftovers
|upkeep
|turn|25
|
|t:|1641845490
|move|p1a: Rotom|Volt Switch|p2a: Corviknight
|-supereffective|p2a: Corviknight
|-damage|p2a: Corviknight|0 fnt
|faint|p2a: Corviknight
|
|t:|1641845495
|switch|p1a: Bisharp|Bisharp, M|31/100|[from]move: Volt Switch
|
|upkeep
|
|t:|1641845496
|switch|p2a: rotomheat|Rotom-Heat|100/100
|turn|26
|
|t:|1641845499
|move|p1a: Bisharp|Sucker Punch|p2a: rotomheat
|-damage|p2a: rotomheat|28/100
|move|p2a: rotomheat|Volt Switch|p1a: Bisharp
|-damage|p1a: Bisharp|0 fnt
|faint|p1a: Bisharp
|
|upkeep
|
|t:|1641845504
|switch|p1a: Rotom|Rotom-Wash|22/100
|turn|27
|
|t:|1641845505
|move|p2a: rotomheat|Thunderbolt|p1a: Rotom
|-damage|p1a: Rotom|0 fnt
|faint|p1a: Rotom
|
|upkeep
|
|t:|1641845508
|switch|p1a: Scizor|Scizor, M|74/100
|turn|28
|
|t:|1641845509
|move|p1a: Scizor|Bullet Punch|p2a: rotomheat
|-resisted|p2a: rotomheat
|-damage|p2a: rotomheat|19/100
|move|p2a: rotomheat|Overheat|p1a: Scizor
|-supereffective|p1a: Scizor
|-damage|p1a: Scizor|0 fnt
|-unboost|p2a: rotomheat|spa|2
|faint|p1a: Scizor
|
|win|DumbLick1337
|raw|Asuk4's rating: 1366 &rarr; <strong>1345</strong><br />(-21 for losing)
|raw|DumbLick1337's rating: 1340 &rarr; <strong>1361</strong><br />(+21 for winning)
|c|☆DumbLick1337|gg
