|j|☆Firelord Term
|j|☆UnstoppableUg
|t:|1641707831
|gametype|singles
|player|p1|Firelord Term|giovanni|
|player|p2|UnstoppableUg|n|
|teamsize|p1|6
|teamsize|p2|6
|gen|8
|tier|[Gen 8] OU
|rule|Sleep Clause Mod: Limit one foe put to sleep
|rule|Species Clause: Limit one of each Pokémon
|rule|OHKO Clause: OHKO moves are banned
|rule|Evasion Moves Clause: Evasion moves are banned
|rule|Endless Battle Clause: Forcing endless battles is banned
|rule|HP Percentage Mod: HP is shown in percentages
|rule|Dynamax Clause: You cannot dynamax
|clearpoke
|poke|p1|Weezing-Galar, M|
|poke|p1|Wailord, M|
|poke|p1|Corviknight, M|
|poke|p1|Dusclops, M|
|poke|p1|Gastrodon-East, F|
|poke|p1|Clefable, F|
|poke|p2|Dunsparce, F|
|poke|p2|Magnezone|
|poke|p2|Dragapult, M|
|poke|p2|Bronzong|
|poke|p2|Mandibuzz, F|
|poke|p2|Garchomp, M|
|teampreview
|inactive|Battle timer is ON: inactive players will automatically lose when time's up. (requested by Firelord Term)
|inactive|UnstoppableUg also wants the timer to be on.
|
|t:|1641707851
|start
|switch|p1a: Wailord|Wailord, M|100/100
|switch|p2a: Dragapult|Dragapult, M|100/100
|-ability|p1a: Wailord|Pressure
|turn|1
|inactive|Firelord Term has 270 seconds left.
|inactive|Firelord Term has 240 seconds left.
|
|t:|1641707926
|switch|p1a: Gastrodon|Gastrodon-East, F|100/100
|move|p2a: Dragapult|Shadow Ball|p1a: Gastrodon
|-damage|p1a: Gastrodon|67/100
|
|-heal|p1a: Gastrodon|73/100|[from] item: Leftovers
|upkeep
|turn|2
|
|t:|1641707933
|switch|p2a: Magnezone|Magnezone|100/100
|move|p1a: Gastrodon|Earthquake|p2a: Magnezone
|-supereffective|p2a: Magnezone
|-damage|p2a: Magnezone|0 fnt
|faint|p2a: Magnezone
|
|-heal|p1a: Gastrodon|79/100|[from] item: Leftovers
|upkeep
|
|t:|1641707936
|switch|p2a: Bronzong|Bronzong|100/100
|turn|3
|
|t:|1641707946
|switch|p1a: Weezing|Weezing-Galar, M|100/100
|move|p2a: Bronzong|Toxic|p1a: Weezing
|-immune|p1a: Weezing
|
|upkeep
|turn|4
|
|t:|1641707951
|move|p1a: Weezing|Toxic Spikes|p2a: Bronzong
|-sidestart|p2: UnstoppableUg|move: Toxic Spikes
|move|p2a: Bronzong|Future Sight|p1a: Weezing
|-start|p2a: Bronzong|move: Future Sight
|
|upkeep
|turn|5
|
|t:|1641707955
|switch|p2a: Mandibuzz|Mandibuzz, F|100/100
|move|p1a: Weezing|Toxic Spikes|p2a: Mandibuzz
|-sidestart|p2: UnstoppableUg|move: Toxic Spikes
|
|upkeep
|turn|6
|
|t:|1641707957
|move|p2a: Mandibuzz|Defog|p1a: Weezing
|-unboost|p1a: Weezing|evasion|1
|-sideend|p2: UnstoppableUg|Toxic Spikes|[from] move: Defog|[of] p2a: Mandibuzz
|move|p1a: Weezing|Strange Steam|p2a: Mandibuzz
|-supereffective|p2a: Mandibuzz
|-damage|p2a: Mandibuzz|59/100
|
|-end|p1a: Weezing|move: Future Sight
|-supereffective|p1a: Weezing
|-damage|p1a: Weezing|10/100
|-heal|p1a: Weezing|16/100|[from] item: Black Sludge
|upkeep
|turn|7
|
|t:|1641707960
|move|p2a: Mandibuzz|U-turn|p1a: Weezing
|-resisted|p1a: Weezing
|-damage|p1a: Weezing|14/100
|
|t:|1641707964
|switch|p2a: Dragapult|Dragapult, M|100/100|[from]move: U-turn
|move|p1a: Weezing|Toxic Spikes|p2a: Dragapult
|-sidestart|p2: UnstoppableUg|move: Toxic Spikes
|
|-heal|p1a: Weezing|20/100|[from] item: Black Sludge
|upkeep
|turn|8
|
|t:|1641707968
|move|p2a: Dragapult|Shadow Ball|p1a: Weezing
|-damage|p1a: Weezing|0 fnt
|faint|p1a: Weezing
|
|upkeep
|
|t:|1641707971
|switch|p1a: Gastrodon|Gastrodon-East, F|79/100
|turn|9
|
|t:|1641707972
|switch|p2a: Bronzong|Bronzong|100/100
|move|p1a: Gastrodon|Scald|p2a: Bronzong
|-damage|p2a: Bronzong|84/100
|
|-heal|p2a: Bronzong|90/100|[from] item: Leftovers
|-heal|p1a: Gastrodon|85/100|[from] item: Leftovers
|upkeep
|turn|10
|
|t:|1641707982
|switch|p1a: Corviknight|Corviknight, M|100/100
|-ability|p1a: Corviknight|Pressure
|move|p2a: Bronzong|Toxic|p1a: Corviknight
|-immune|p1a: Corviknight
|
|-heal|p2a: Bronzong|97/100|[from] item: Leftovers
|upkeep
|turn|11
|
|t:|1641707987
|switch|p2a: Mandibuzz|Mandibuzz, F|59/100
|move|p1a: Corviknight|Bulk Up|p1a: Corviknight
|-boost|p1a: Corviknight|atk|1
|-boost|p1a: Corviknight|def|1
|
|upkeep
|turn|12
|
|t:|1641707988
|move|p2a: Mandibuzz|Defog|p1a: Corviknight
|-unboost|p1a: Corviknight|evasion|1
|-sideend|p2: UnstoppableUg|Toxic Spikes|[from] move: Defog|[of] p2a: Mandibuzz
|move|p1a: Corviknight|Bulk Up|p1a: Corviknight
|-boost|p1a: Corviknight|atk|1
|-boost|p1a: Corviknight|def|1
|
|upkeep
|turn|13
|
|t:|1641707992
|switch|p2a: Dragapult|Dragapult, M|100/100
|move|p1a: Corviknight|Spite||[still]
|-fail|p1a: Corviknight
|
|upkeep
|turn|14
|
|t:|1641707999
|move|p2a: Dragapult|Fire Blast|p1a: Corviknight
|-supereffective|p1a: Corviknight
|-damage|p1a: Corviknight|14/100
|move|p1a: Corviknight|Roost|p1a: Corviknight
|-heal|p1a: Corviknight|64/100
|-singleturn|p1a: Corviknight|move: Roost
|
|-heal|p1a: Corviknight|70/100|[from] item: Leftovers
|upkeep
|turn|15
|
|t:|1641708002
|move|p2a: Dragapult|Fire Blast|p1a: Corviknight
|-supereffective|p1a: Corviknight
|-damage|p1a: Corviknight|0 fnt
|faint|p1a: Corviknight
|
|upkeep
|
|t:|1641708009
|switch|p1a: Gastrodon|Gastrodon-East, F|85/100
|turn|16
|
|t:|1641708028
|switch|p2a: Bronzong|Bronzong|97/100
|switch|p1a: Wailord|Wailord, M|100/100
|-ability|p1a: Wailord|Pressure
|
|-heal|p2a: Bronzong|100/100|[from] item: Leftovers
|upkeep
|turn|17
|
|t:|1641708039
|move|p1a: Wailord|Amnesia|p1a: Wailord
|-boost|p1a: Wailord|spd|2
|move|p2a: Bronzong|Toxic|p1a: Wailord
|-status|p1a: Wailord|tox
|
|-damage|p1a: Wailord|94/100 tox|[from] psn
|upkeep
|turn|18
|
|t:|1641708042
|move|p1a: Wailord|Amnesia|p1a: Wailord
|-boost|p1a: Wailord|spd|2
|move|p2a: Bronzong|Stealth Rock|p1a: Wailord
|-sidestart|p1: Firelord Term|move: Stealth Rock
|
|-heal|p1a: Wailord|100/100 tox|[from] item: Leftovers
|-damage|p1a: Wailord|88/100 tox|[from] psn
|upkeep
|turn|19
|
|t:|1641708050
|move|p1a: Wailord|Amnesia|p1a: Wailord
|-boost|p1a: Wailord|spd|2
|move|p2a: Bronzong|Body Press|p1a: Wailord
|-damage|p1a: Wailord|65/100 tox
|
|-heal|p1a: Wailord|71/100 tox|[from] item: Leftovers
|-damage|p1a: Wailord|53/100 tox|[from] psn
|upkeep
|turn|20
|
|t:|1641708051
|move|p1a: Wailord|Rest|p1a: Wailord
|-status|p1a: Wailord|slp|[from] move: Rest
|-heal|p1a: Wailord|100/100 slp|[silent]
|move|p2a: Bronzong|Body Press|p1a: Wailord
|-damage|p1a: Wailord|76/100 slp
|
|-heal|p1a: Wailord|83/100 slp|[from] item: Leftovers
|upkeep
|turn|21
|
|t:|1641708056
|switch|p2a: Dunsparce|Dunsparce, F|100/100
|cant|p1a: Wailord|slp
|
|-heal|p1a: Wailord|89/100 slp|[from] item: Leftovers
|upkeep
|turn|22
|
|t:|1641708061
|cant|p1a: Wailord|slp
|move|p2a: Dunsparce|Coil|p2a: Dunsparce
|-boost|p2a: Dunsparce|atk|1
|-boost|p2a: Dunsparce|def|1
|-boost|p2a: Dunsparce|accuracy|1
|
|-heal|p1a: Wailord|95/100 slp|[from] item: Leftovers
|upkeep
|turn|23
|
|t:|1641708066
|-curestatus|p1a: Wailord|slp|[msg]
|move|p1a: Wailord|Noble Roar|p2a: Dunsparce
|-unboost|p2a: Dunsparce|atk|1
|-unboost|p2a: Dunsparce|spa|1
|move|p2a: Dunsparce|Coil|p2a: Dunsparce
|-boost|p2a: Dunsparce|atk|1
|-boost|p2a: Dunsparce|def|1
|-boost|p2a: Dunsparce|accuracy|1
|
|-heal|p1a: Wailord|100/100|[from] item: Leftovers
|upkeep
|turn|24
|
|t:|1641708069
|move|p1a: Wailord|Noble Roar|p2a: Dunsparce
|-unboost|p2a: Dunsparce|atk|1
|-unboost|p2a: Dunsparce|spa|1
|move|p2a: Dunsparce|Coil|p2a: Dunsparce
|-boost|p2a: Dunsparce|atk|1
|-boost|p2a: Dunsparce|def|1
|-boost|p2a: Dunsparce|accuracy|1
|
|upkeep
|turn|25
|
|t:|1641708071
|move|p1a: Wailord|Noble Roar|p2a: Dunsparce
|-unboost|p2a: Dunsparce|atk|1
|-unboost|p2a: Dunsparce|spa|1
|move|p2a: Dunsparce|Coil|p2a: Dunsparce
|-boost|p2a: Dunsparce|atk|1
|-boost|p2a: Dunsparce|def|1
|-boost|p2a: Dunsparce|accuracy|1
|
|upkeep
|turn|26
|
|t:|1641708073
|move|p1a: Wailord|Noble Roar|p2a: Dunsparce
|-unboost|p2a: Dunsparce|atk|1
|-unboost|p2a: Dunsparce|spa|1
|move|p2a: Dunsparce|Coil|p2a: Dunsparce
|-boost|p2a: Dunsparce|atk|1
|-boost|p2a: Dunsparce|def|1
|-boost|p2a: Dunsparce|accuracy|1
|
|upkeep
|turn|27
|
|t:|1641708075
|move|p1a: Wailord|Noble Roar|p2a: Dunsparce
|-unboost|p2a: Dunsparce|atk|1
|-unboost|p2a: Dunsparce|spa|1
|move|p2a: Dunsparce|Body Slam|p1a: Wailord
|-crit|p1a: Wailord
|-damage|p1a: Wailord|65/100
|
|-heal|p1a: Wailord|71/100|[from] item: Leftovers
|upkeep
|turn|28
|
|t:|1641708077
|move|p1a: Wailord|Noble Roar|p2a: Dunsparce
|-unboost|p2a: Dunsparce|atk|1
|-unboost|p2a: Dunsparce|spa|1
|move|p2a: Dunsparce|Body Slam|p1a: Wailord
|-damage|p1a: Wailord|53/100
|
|-heal|p1a: Wailord|59/100|[from] item: Leftovers
|upkeep
|turn|29
|
|t:|1641708083
|move|p1a: Wailord|Noble Roar|p2a: Dunsparce
|-unboost|p2a: Dunsparce|atk|1
|-unboost|p2a: Dunsparce|spa|0
|move|p2a: Dunsparce|Body Slam|p1a: Wailord
|-damage|p1a: Wailord|45/100
|-status|p1a: Wailord|par
|
|-heal|p1a: Wailord|52/100 par|[from] item: Leftovers
|upkeep
|turn|30
|
|t:|1641708086
|move|p2a: Dunsparce|Coil|p2a: Dunsparce
|-boost|p2a: Dunsparce|atk|1
|-boost|p2a: Dunsparce|def|1
|-boost|p2a: Dunsparce|accuracy|1
|move|p1a: Wailord|Rest|p1a: Wailord
|-status|p1a: Wailord|slp|[from] move: Rest
|-heal|p1a: Wailord|100/100 slp|[silent]
|
|upkeep
|turn|31
|
|t:|1641708088
|cant|p1a: Wailord|slp
|move|p2a: Dunsparce|Coil|p2a: Dunsparce
|-boost|p2a: Dunsparce|atk|1
|-boost|p2a: Dunsparce|def|0
|-boost|p2a: Dunsparce|accuracy|0
|
|upkeep
|turn|32
|
|t:|1641708089
|cant|p1a: Wailord|slp
|move|p2a: Dunsparce|Coil|p2a: Dunsparce
|-boost|p2a: Dunsparce|atk|1
|-boost|p2a: Dunsparce|def|0
|-boost|p2a: Dunsparce|accuracy|0
|
|upkeep
|turn|33
|
|t:|1641708091
|-curestatus|p1a: Wailord|slp|[msg]
|move|p1a: Wailord|Noble Roar|p2a: Dunsparce
|-unboost|p2a: Dunsparce|atk|1
|-unboost|p2a: Dunsparce|spa|0
|move|p2a: Dunsparce|Body Slam|p1a: Wailord
|-damage|p1a: Wailord|77/100
|-status|p1a: Wailord|par
|
|-heal|p1a: Wailord|83/100 par|[from] item: Leftovers
|upkeep
|turn|34
|
|t:|1641708093
|move|p2a: Dunsparce|Coil|p2a: Dunsparce
|-boost|p2a: Dunsparce|atk|1
|-boost|p2a: Dunsparce|def|0
|-boost|p2a: Dunsparce|accuracy|0
|cant|p1a: Wailord|par
|
|-heal|p1a: Wailord|89/100 par|[from] item: Leftovers
|upkeep
|turn|35
|
|t:|1641708095
|move|p2a: Dunsparce|Coil|p2a: Dunsparce
|-boost|p2a: Dunsparce|atk|1
|-boost|p2a: Dunsparce|def|0
|-boost|p2a: Dunsparce|accuracy|0
|move|p1a: Wailord|Noble Roar|p2a: Dunsparce
|-unboost|p2a: Dunsparce|atk|1
|-unboost|p2a: Dunsparce|spa|0
|
|-heal|p1a: Wailord|96/100 par|[from] item: Leftovers
|upkeep
|turn|36
|
|t:|1641708101
|move|p2a: Dunsparce|Coil|p2a: Dunsparce
|-boost|p2a: Dunsparce|atk|1
|-boost|p2a: Dunsparce|def|0
|-boost|p2a: Dunsparce|accuracy|0
|move|p1a: Wailord|Rest|p1a: Wailord
|-status|p1a: Wailord|slp|[from] move: Rest
|-heal|p1a: Wailord|100/100 slp|[silent]
|
|upkeep
|turn|37
|
|t:|1641708103
|cant|p1a: Wailord|slp
|move|p2a: Dunsparce|Rock Slide|p1a: Wailord
|-damage|p1a: Wailord|71/100 slp
|
|-heal|p1a: Wailord|78/100 slp|[from] item: Leftovers
|upkeep
|turn|38
|
|t:|1641708105
|cant|p1a: Wailord|slp
|move|p2a: Dunsparce|Coil|p2a: Dunsparce
|-boost|p2a: Dunsparce|atk|1
|-boost|p2a: Dunsparce|def|0
|-boost|p2a: Dunsparce|accuracy|0
|
|-heal|p1a: Wailord|84/100 slp|[from] item: Leftovers
|upkeep
|turn|39
|
|t:|1641708107
|-curestatus|p1a: Wailord|slp|[msg]
|move|p1a: Wailord|Noble Roar|p2a: Dunsparce
|-unboost|p2a: Dunsparce|atk|1
|-unboost|p2a: Dunsparce|spa|0
|move|p2a: Dunsparce|Body Slam|p1a: Wailord
|-damage|p1a: Wailord|29/100
|-status|p1a: Wailord|par
|
|-heal|p1a: Wailord|35/100 par|[from] item: Leftovers
|upkeep
|turn|40
|
|t:|1641708109
|move|p2a: Dunsparce|Coil|p2a: Dunsparce
|-boost|p2a: Dunsparce|atk|1
|-boost|p2a: Dunsparce|def|0
|-boost|p2a: Dunsparce|accuracy|0
|move|p1a: Wailord|Rest|p1a: Wailord
|-status|p1a: Wailord|slp|[from] move: Rest
|-heal|p1a: Wailord|100/100 slp|[silent]
|
|upkeep
|turn|41
|
|t:|1641708114
|cant|p1a: Wailord|slp
|move|p2a: Dunsparce|Coil|p2a: Dunsparce
|-boost|p2a: Dunsparce|atk|1
|-boost|p2a: Dunsparce|def|0
|-boost|p2a: Dunsparce|accuracy|0
|
|upkeep
|turn|42
|
|t:|1641708117
|cant|p1a: Wailord|slp
|move|p2a: Dunsparce|Body Slam|p1a: Wailord
|-damage|p1a: Wailord|21/100 slp
|
|-heal|p1a: Wailord|27/100 slp|[from] item: Leftovers
|upkeep
|turn|43
|
|t:|1641708120
|-curestatus|p1a: Wailord|slp|[msg]
|move|p1a: Wailord|Noble Roar|p2a: Dunsparce
|-unboost|p2a: Dunsparce|atk|1
|-unboost|p2a: Dunsparce|spa|0
|move|p2a: Dunsparce|Body Slam|p1a: Wailord
|-damage|p1a: Wailord|0 fnt
|faint|p1a: Wailord
|
|upkeep
|
|t:|1641708129
|switch|p1a: Clefable|Clefable, F|100/100
|turn|44
|
|t:|1641708132
|move|p1a: Clefable|Protect|p1a: Clefable
|-singleturn|p1a: Clefable|Protect
|move|p2a: Dunsparce|Body Slam|p1a: Clefable
|-activate|p1a: Clefable|move: Protect
|
|upkeep
|turn|45
|
|t:|1641708136
|move|p1a: Clefable|Moonblast|p2a: Dunsparce
|-damage|p2a: Dunsparce|75/100
|move|p2a: Dunsparce|Body Slam|p1a: Clefable
|-damage|p1a: Clefable|85/100
|
|-heal|p2a: Dunsparce|81/100|[from] item: Leftovers
|upkeep
|turn|46
|
|t:|1641708140
|move|p1a: Clefable|Protect|p1a: Clefable
|-singleturn|p1a: Clefable|Protect
|move|p2a: Dunsparce|Body Slam|p1a: Clefable
|-activate|p1a: Clefable|move: Protect
|
|-heal|p2a: Dunsparce|87/100|[from] item: Leftovers
|upkeep
|turn|47
|
|t:|1641708146
|move|p1a: Clefable|Stealth Rock|p2a: Dunsparce
|-sidestart|p2: UnstoppableUg|move: Stealth Rock
|move|p2a: Dunsparce|Rock Slide|p1a: Clefable
|-damage|p1a: Clefable|74/100
|
|-heal|p2a: Dunsparce|94/100|[from] item: Leftovers
|upkeep
|turn|48
|
|t:|1641708149
|move|p1a: Clefable|Wish|p1a: Clefable
|move|p2a: Dunsparce|Coil|p2a: Dunsparce
|-boost|p2a: Dunsparce|atk|1
|-boost|p2a: Dunsparce|def|0
|-boost|p2a: Dunsparce|accuracy|0
|
|-heal|p2a: Dunsparce|99/100|[from] item: Leftovers
|upkeep
|turn|49
|
|t:|1641708154
|move|p1a: Clefable|Moonblast|p2a: Dunsparce
|-damage|p2a: Dunsparce|70/100
|move|p2a: Dunsparce|Rock Slide|p1a: Clefable
|-damage|p1a: Clefable|63/100
|
|-heal|p1a: Clefable|100/100|[from] move: Wish|[wisher] Clefable
|-heal|p2a: Dunsparce|76/100|[from] item: Leftovers
|upkeep
|turn|50
|
|t:|1641708156
|move|p1a: Clefable|Moonblast|p2a: Dunsparce
|-damage|p2a: Dunsparce|48/100
|move|p2a: Dunsparce|Body Slam|p1a: Clefable
|-damage|p1a: Clefable|83/100
|-status|p1a: Clefable|par
|
|-heal|p2a: Dunsparce|54/100|[from] item: Leftovers
|upkeep
|turn|51
|
|t:|1641708159
|cant|p1a: Clefable|par
|move|p2a: Dunsparce|Rock Slide|p1a: Clefable
|-damage|p1a: Clefable|74/100 par
|
|-heal|p2a: Dunsparce|60/100|[from] item: Leftovers
|upkeep
|turn|52
|
|t:|1641708162
|move|p2a: Dunsparce|Rock Slide|p1a: Clefable
|-damage|p1a: Clefable|65/100 par
|cant|p1a: Clefable|flinch
|
|-heal|p2a: Dunsparce|67/100|[from] item: Leftovers
|upkeep
|turn|53
|
|t:|1641708166
|move|p2a: Dunsparce|Rock Slide|p1a: Clefable
|-damage|p1a: Clefable|55/100 par
|cant|p1a: Clefable|flinch
|
|-heal|p2a: Dunsparce|73/100|[from] item: Leftovers
|upkeep
|turn|54
|
|t:|1641708168
|move|p2a: Dunsparce|Rock Slide|p1a: Clefable
|-damage|p1a: Clefable|45/100 par
|cant|p1a: Clefable|flinch
|
|-heal|p2a: Dunsparce|79/100|[from] item: Leftovers
|upkeep
|turn|55
|
|t:|1641708170
|move|p2a: Dunsparce|Rock Slide|p1a: Clefable
|-damage|p1a: Clefable|35/100 par
|cant|p1a: Clefable|flinch
|
|-heal|p2a: Dunsparce|85/100|[from] item: Leftovers
|upkeep
|turn|56
|
|t:|1641708173
|cant|p1a: Clefable|par
|move|p2a: Dunsparce|Rock Slide|p1a: Clefable
|-damage|p1a: Clefable|24/100 par
|
|-heal|p2a: Dunsparce|91/100|[from] item: Leftovers
|upkeep
|turn|57
|
|t:|1641708175
|move|p2a: Dunsparce|Rock Slide|p1a: Clefable
|-damage|p1a: Clefable|14/100 par
|cant|p1a: Clefable|par
|
|-heal|p2a: Dunsparce|98/100|[from] item: Leftovers
|upkeep
|turn|58
|
|t:|1641708177
|cant|p1a: Clefable|par
|move|p2a: Dunsparce|Rock Slide|p1a: Clefable
|-damage|p1a: Clefable|5/100 par
|
|-heal|p2a: Dunsparce|100/100|[from] item: Leftovers
|upkeep
|turn|59
|
|t:|1641708185
|move|p2a: Dunsparce|Body Slam|p1a: Clefable
|-damage|p1a: Clefable|0 fnt
|faint|p1a: Clefable
|
|upkeep
|
|t:|1641708187
|switch|p1a: Dusclops|Dusclops, M|100/100
|-damage|p1a: Dusclops|88/100|[from] Stealth Rock
|-ability|p1a: Dusclops|Pressure
|turn|60
|
|t:|1641708190
|move|p2a: Dunsparce|Rock Slide|p1a: Dusclops
|-damage|p1a: Dusclops|70/100
|cant|p1a: Dusclops|flinch
|
|upkeep
|turn|61
|
|t:|1641708193
|move|p2a: Dunsparce|Rock Slide|p1a: Dusclops
|-damage|p1a: Dusclops|51/100
|cant|p1a: Dusclops|flinch
|
|upkeep
|turn|62
|
|t:|1641708203
|switch|p2a: Bronzong|Bronzong|100/100
|-damage|p2a: Bronzong|94/100|[from] Stealth Rock
|move|p1a: Dusclops|Will-O-Wisp|p2a: Bronzong
|-status|p2a: Bronzong|brn
|
|-heal|p2a: Bronzong|100/100 brn|[from] item: Leftovers
|-damage|p2a: Bronzong|94/100 brn|[from] brn
|upkeep
|turn|63
|
|t:|1641708215
|move|p2a: Bronzong|Toxic|p1a: Dusclops
|-status|p1a: Dusclops|tox
|move|p1a: Dusclops|Calm Mind|p1a: Dusclops
|-boost|p1a: Dusclops|spa|1
|-boost|p1a: Dusclops|spd|1
|
|-heal|p2a: Bronzong|100/100 brn|[from] item: Leftovers
|-damage|p1a: Dusclops|45/100 tox|[from] psn
|-damage|p2a: Bronzong|94/100 brn|[from] brn
|upkeep
|turn|64
|
|t:|1641708220
|move|p2a: Bronzong|Future Sight|p1a: Dusclops
|-start|p2a: Bronzong|move: Future Sight
|move|p1a: Dusclops|Rest|p1a: Dusclops
|-status|p1a: Dusclops|slp|[from] move: Rest
|-heal|p1a: Dusclops|100/100 slp|[silent]
|
|-heal|p2a: Bronzong|100/100 brn|[from] item: Leftovers
|-damage|p2a: Bronzong|94/100 brn|[from] brn
|upkeep
|turn|65
|
|t:|1641708232
|switch|p2a: Dragapult|Dragapult, M|100/100
|-damage|p2a: Dragapult|88/100|[from] Stealth Rock
|cant|p1a: Dusclops|slp
|
|upkeep
|turn|66
|
|t:|1641708236
|switch|p1a: Gastrodon|Gastrodon-East, F|85/100
|-damage|p1a: Gastrodon|79/100|[from] Stealth Rock
|move|p2a: Dragapult|Shadow Ball|p1a: Gastrodon
|-damage|p1a: Gastrodon|42/100
|
|-end|p1a: Gastrodon|move: Future Sight
|-damage|p1a: Gastrodon|19/100
|-heal|p1a: Gastrodon|25/100|[from] item: Leftovers
|upkeep
|turn|67
|
|t:|1641708248
|switch|p2a: Dunsparce|Dunsparce, F|100/100
|-damage|p2a: Dunsparce|88/100|[from] Stealth Rock
|move|p1a: Gastrodon|Recover|p1a: Gastrodon
|-heal|p1a: Gastrodon|75/100
|
|-heal|p2a: Dunsparce|94/100|[from] item: Leftovers
|-heal|p1a: Gastrodon|81/100|[from] item: Leftovers
|upkeep
|turn|68
|
|t:|1641708262
|switch|p2a: Garchomp|Garchomp, M|100/100
|-damage|p2a: Garchomp|94/100|[from] Stealth Rock
|move|p1a: Gastrodon|Toxic|p2a: Garchomp
|-status|p2a: Garchomp|tox
|
|-heal|p2a: Garchomp|100/100 tox|[from] item: Leftovers
|-heal|p1a: Gastrodon|87/100|[from] item: Leftovers
|-damage|p2a: Garchomp|94/100 tox|[from] psn
|upkeep
|turn|69
|
|t:|1641708290
|switch|p2a: Bronzong|Bronzong|94/100 brn
|-damage|p2a: Bronzong|88/100 brn|[from] Stealth Rock
|switch|p1a: Dusclops|Dusclops, M|100/100 slp
|-damage|p1a: Dusclops|88/100 slp|[from] Stealth Rock
|-ability|p1a: Dusclops|Pressure
|
|-heal|p2a: Bronzong|94/100 brn|[from] item: Leftovers
|-damage|p2a: Bronzong|88/100 brn|[from] brn
|upkeep
|turn|70
|
|t:|1641708297
|switch|p2a: Garchomp|Garchomp, M|94/100 tox
|-damage|p2a: Garchomp|88/100 tox|[from] Stealth Rock
|cant|p1a: Dusclops|slp
|
|-heal|p2a: Garchomp|94/100 tox|[from] item: Leftovers
|-damage|p2a: Garchomp|88/100 tox|[from] psn
|upkeep
|turn|71
|
|t:|1641708306
|move|p2a: Garchomp|Swords Dance|p2a: Garchomp
|-boost|p2a: Garchomp|atk|2
|-curestatus|p1a: Dusclops|slp|[msg]
|move|p1a: Dusclops|Will-O-Wisp||[still]
|-fail|p1a: Dusclops
|
|-heal|p2a: Garchomp|94/100 tox|[from] item: Leftovers
|-damage|p2a: Garchomp|82/100 tox|[from] psn
|upkeep
|turn|72
|
|t:|1641708310
|move|p2a: Garchomp|Earthquake|p1a: Dusclops
|-damage|p1a: Dusclops|33/100
|move|p1a: Dusclops|Mean Look|p2a: Garchomp
|-activate|p2a: Garchomp|trapped
|
|-heal|p2a: Garchomp|88/100 tox|[from] item: Leftovers
|-damage|p2a: Garchomp|70/100 tox|[from] psn
|upkeep
|turn|73
|
|t:|1641708314
|move|p2a: Garchomp|Earthquake|p1a: Dusclops
|-damage|p1a: Dusclops|0 fnt
|faint|p1a: Dusclops
|
|-heal|p2a: Garchomp|76/100 tox|[from] item: Leftovers
|-damage|p2a: Garchomp|51/100 tox|[from] psn
|upkeep
|
|t:|1641708316
|switch|p1a: Gastrodon|Gastrodon-East, F|87/100
|-damage|p1a: Gastrodon|81/100|[from] Stealth Rock
|turn|74
|
|t:|1641708320
|switch|p2a: Bronzong|Bronzong|88/100 brn
|-damage|p2a: Bronzong|82/100 brn|[from] Stealth Rock
|move|p1a: Gastrodon|Recover|p1a: Gastrodon
|-heal|p1a: Gastrodon|100/100
|
|-heal|p2a: Bronzong|88/100 brn|[from] item: Leftovers
|-damage|p2a: Bronzong|82/100 brn|[from] brn
|upkeep
|turn|75
|
|t:|1641708323
|move|p1a: Gastrodon|Scald|p2a: Bronzong
|-damage|p2a: Bronzong|65/100 brn
|move|p2a: Bronzong|Toxic|p1a: Gastrodon
|-status|p1a: Gastrodon|tox
|
|-heal|p2a: Bronzong|71/100 brn|[from] item: Leftovers
|-damage|p1a: Gastrodon|94/100 tox|[from] psn
|-damage|p2a: Bronzong|65/100 brn|[from] brn
|upkeep
|turn|76
|
|t:|1641708327
|switch|p2a: Dunsparce|Dunsparce, F|94/100
|-damage|p2a: Dunsparce|82/100|[from] Stealth Rock
|move|p1a: Gastrodon|Scald|p2a: Dunsparce
|-damage|p2a: Dunsparce|59/100
|-status|p2a: Dunsparce|brn
|
|-heal|p2a: Dunsparce|65/100 brn|[from] item: Leftovers
|-heal|p1a: Gastrodon|100/100 tox|[from] item: Leftovers
|-damage|p1a: Gastrodon|88/100 tox|[from] psn
|-damage|p2a: Dunsparce|59/100 brn|[from] brn
|upkeep
|turn|77
|
|t:|1641708337
|move|p2a: Dunsparce|Roost|p2a: Dunsparce
|-heal|p2a: Dunsparce|100/100 brn
|-singleturn|p2a: Dunsparce|move: Roost
|move|p1a: Gastrodon|Earthquake|p2a: Dunsparce
|-damage|p2a: Dunsparce|66/100 brn
|
|-heal|p2a: Dunsparce|73/100 brn|[from] item: Leftovers
|-heal|p1a: Gastrodon|94/100 tox|[from] item: Leftovers
|-damage|p1a: Gastrodon|76/100 tox|[from] psn
|-damage|p2a: Dunsparce|66/100 brn|[from] brn
|upkeep
|turn|78
|
|t:|1641708338
|move|p2a: Dunsparce|Coil|p2a: Dunsparce
|-boost|p2a: Dunsparce|atk|1
|-boost|p2a: Dunsparce|def|1
|-boost|p2a: Dunsparce|accuracy|1
|move|p1a: Gastrodon|Earthquake|p2a: Dunsparce
|-damage|p2a: Dunsparce|45/100 brn
|
|-heal|p2a: Dunsparce|51/100 brn|[from] item: Leftovers
|-heal|p1a: Gastrodon|82/100 tox|[from] item: Leftovers
|-damage|p1a: Gastrodon|58/100 tox|[from] psn
|-damage|p2a: Dunsparce|45/100 brn|[from] brn
|upkeep
|turn|79
|
|t:|1641708340
|move|p2a: Dunsparce|Coil|p2a: Dunsparce
|-boost|p2a: Dunsparce|atk|1
|-boost|p2a: Dunsparce|def|1
|-boost|p2a: Dunsparce|accuracy|1
|move|p1a: Gastrodon|Earthquake|p2a: Dunsparce
|-damage|p2a: Dunsparce|29/100 brn
|
|-heal|p2a: Dunsparce|35/100 brn|[from] item: Leftovers
|-heal|p1a: Gastrodon|64/100 tox|[from] item: Leftovers
|-damage|p1a: Gastrodon|33/100 tox|[from] psn
|-damage|p2a: Dunsparce|29/100 brn|[from] brn
|upkeep
|turn|80
|
|t:|1641708346
|move|p2a: Dunsparce|Roost|p2a: Dunsparce
|-heal|p2a: Dunsparce|79/100 brn
|-singleturn|p2a: Dunsparce|move: Roost
|move|p1a: Gastrodon|Recover|p1a: Gastrodon
|-heal|p1a: Gastrodon|83/100 tox
|
|-heal|p2a: Dunsparce|85/100 brn|[from] item: Leftovers
|-heal|p1a: Gastrodon|89/100 tox|[from] item: Leftovers
|-damage|p1a: Gastrodon|53/100 tox|[from] psn
|-damage|p2a: Dunsparce|79/100 brn|[from] brn
|upkeep
|turn|81
|
|t:|1641708348
|move|p2a: Dunsparce|Body Slam|p1a: Gastrodon
|-damage|p1a: Gastrodon|28/100 tox
|move|p1a: Gastrodon|Recover|p1a: Gastrodon
|-heal|p1a: Gastrodon|78/100 tox
|
|-heal|p2a: Dunsparce|85/100 brn|[from] item: Leftovers
|-heal|p1a: Gastrodon|84/100 tox|[from] item: Leftovers
|-damage|p1a: Gastrodon|42/100 tox|[from] psn
|-damage|p2a: Dunsparce|79/100 brn|[from] brn
|upkeep
|turn|82
|
|t:|1641708354
|move|p2a: Dunsparce|Roost|p2a: Dunsparce
|-heal|p2a: Dunsparce|100/100 brn
|-singleturn|p2a: Dunsparce|move: Roost
|move|p1a: Gastrodon|Recover|p1a: Gastrodon
|-heal|p1a: Gastrodon|92/100 tox
|
|-heal|p1a: Gastrodon|98/100 tox|[from] item: Leftovers
|-damage|p1a: Gastrodon|49/100 tox|[from] psn
|-damage|p2a: Dunsparce|94/100 brn|[from] brn
|upkeep
|turn|83
|
|t:|1641708360
|move|p2a: Dunsparce|Coil|p2a: Dunsparce
|-boost|p2a: Dunsparce|atk|1
|-boost|p2a: Dunsparce|def|1
|-boost|p2a: Dunsparce|accuracy|1
|move|p1a: Gastrodon|Recover|p1a: Gastrodon
|-heal|p1a: Gastrodon|99/100 tox
|
|-heal|p2a: Dunsparce|100/100 brn|[from] item: Leftovers
|-heal|p1a: Gastrodon|100/100 tox|[from] item: Leftovers
|-damage|p1a: Gastrodon|46/100 tox|[from] psn
|-damage|p2a: Dunsparce|94/100 brn|[from] brn
|upkeep
|turn|84
|
|t:|1641708363
|move|p2a: Dunsparce|Coil|p2a: Dunsparce
|-boost|p2a: Dunsparce|atk|1
|-boost|p2a: Dunsparce|def|1
|-boost|p2a: Dunsparce|accuracy|1
|move|p1a: Gastrodon|Recover|p1a: Gastrodon
|-heal|p1a: Gastrodon|96/100 tox
|
|-heal|p2a: Dunsparce|100/100 brn|[from] item: Leftovers
|-heal|p1a: Gastrodon|100/100 tox|[from] item: Leftovers
|-damage|p1a: Gastrodon|39/100 tox|[from] psn
|-damage|p2a: Dunsparce|94/100 brn|[from] brn
|upkeep
|turn|85
|
|t:|1641708366
|move|p2a: Dunsparce|Coil|p2a: Dunsparce
|-boost|p2a: Dunsparce|atk|1
|-boost|p2a: Dunsparce|def|1
|-boost|p2a: Dunsparce|accuracy|1
|move|p1a: Gastrodon|Scald|p2a: Dunsparce
|-damage|p2a: Dunsparce|71/100 brn
|
|-heal|p2a: Dunsparce|77/100 brn|[from] item: Leftovers
|-heal|p1a: Gastrodon|46/100 tox|[from] item: Leftovers
|-damage|p1a: Gastrodon|0 fnt|[from] psn
|faint|p1a: Gastrodon
|
|win|UnstoppableUg
|upkeep
