|j|☆alkazoth
|j|☆frankenstein2421
|t:|1641710486
|gametype|singles
|player|p1|alkazoth|170|1543
|player|p2|frankenstein2421|265|1466
|teamsize|p1|6
|teamsize|p2|6
|gen|8
|tier|[Gen 8] OU
|rated|
|rule|Sleep Clause Mod: Limit one foe put to sleep
|rule|Species Clause: Limit one of each Pokémon
|rule|OHKO Clause: OHKO moves are banned
|rule|Evasion Moves Clause: Evasion moves are banned
|rule|Endless Battle Clause: Forcing endless battles is banned
|rule|HP Percentage Mod: HP is shown in percentages
|rule|Dynamax Clause: You cannot dynamax
|clearpoke
|poke|p1|Dragapult, M|
|poke|p1|Blacephalon|
|poke|p1|Corviknight, M|
|poke|p1|Zarude|
|poke|p1|Toxapex, M|
|poke|p1|Landorus-Therian, M|
|poke|p2|Rillaboom, F|
|poke|p2|Landorus-Therian, M|
|poke|p2|Slowbro, F|
|poke|p2|Heatran, F|
|poke|p2|Tapu Koko|
|poke|p2|Blissey, F|
|teampreview
|inactive|Battle timer is ON: inactive players will automatically lose when time's up. (requested by frankenstein2421)
|
|t:|1641710515
|start
|switch|p1a: Dragapult|Dragapult, M|100/100
|switch|p2a: Landorus|Landorus-Therian, M|100/100
|-ability|p2a: Landorus|Intimidate|boost
|-unboost|p1a: Dragapult|atk|1
|turn|1
|
|t:|1641710535
|move|p1a: Dragapult|Hydro Pump|p2a: Landorus
|-supereffective|p2a: Landorus
|-damage|p2a: Landorus|18/100
|move|p2a: Landorus|U-turn|p1a: Dragapult
|-resisted|p1a: Dragapult
|-damage|p1a: Dragapult|87/100
|
|t:|1641710541
|switch|p2a: Blissey|Blissey, F|100/100|[from]move: U-turn
|
|upkeep
|turn|2
|
|t:|1641710544
|switch|p1a: Zarude|Zarude|100/100
|move|p2a: Blissey|Thunder Wave|p1a: Zarude
|-status|p1a: Zarude|par
|
|upkeep
|turn|3
|
|t:|1641710554
|switch|p2a: Heatran|Heatran, F|100/100
|move|p1a: Zarude|Power Whip|p2a: Heatran
|-resisted|p2a: Heatran
|-damage|p2a: Heatran|89/100
|
|-heal|p2a: Heatran|95/100|[from] item: Leftovers
|upkeep
|turn|4
|
|t:|1641710564
|switch|p1a: Toxapex|Toxapex, M|100/100
|move|p2a: Heatran|Earth Power|p1a: Toxapex
|-supereffective|p1a: Toxapex
|-damage|p1a: Toxapex|59/100
|
|-heal|p2a: Heatran|100/100|[from] item: Leftovers
|upkeep
|turn|5
|
|t:|1641710572
|move|p2a: Heatran|Magma Storm|p1a: Toxapex
|-resisted|p1a: Toxapex
|-damage|p1a: Toxapex|42/100
|-activate|p1a: Toxapex|move: Magma Storm|[of] p2a: Heatran
|move|p1a: Toxapex|Knock Off|p2a: Heatran
|-damage|p2a: Heatran|88/100
|-enditem|p2a: Heatran|Leftovers|[from] move: Knock Off|[of] p1a: Toxapex
|
|-damage|p1a: Toxapex|30/100|[from] move: Magma Storm|[partiallytrapped]
|upkeep
|turn|6
|
|t:|1641710581
|switch|p1a: Landorus|Landorus-Therian, M|100/100
|-ability|p1a: Landorus|Intimidate|boost
|-unboost|p2a: Heatran|atk|1
|move|p2a: Heatran|Taunt|p1a: Landorus
|-start|p1a: Landorus|move: Taunt
|
|upkeep
|turn|7
|
|t:|1641710590
|switch|p2a: Slowbro|Slowbro, F|100/100
|move|p1a: Landorus|Earthquake|p2a: Slowbro
|-damage|p2a: Slowbro|74/100
|
|upkeep
|turn|8
|
|t:|1641710600
|move|p1a: Landorus|U-turn|p2a: Slowbro
|-supereffective|p2a: Slowbro
|-damage|p2a: Slowbro|49/100
|-damage|p1a: Landorus|84/100|[from] item: Rocky Helmet|[of] p2a: Slowbro
|
|t:|1641710604
|switch|p1a: Toxapex|Toxapex, M|63/100|[from]move: U-turn
|move|p2a: Slowbro|Scald|p1a: Toxapex
|-resisted|p1a: Toxapex
|-damage|p1a: Toxapex|53/100
|
|upkeep
|turn|9
|
|t:|1641710611
|move|p1a: Toxapex|Knock Off|p2a: Slowbro
|-supereffective|p2a: Slowbro
|-damage|p2a: Slowbro|33/100
|-damage|p1a: Toxapex|36/100|[from] item: Rocky Helmet|[of] p2a: Slowbro
|-enditem|p2a: Slowbro|Rocky Helmet|[from] move: Knock Off|[of] p1a: Toxapex
|move|p2a: Slowbro|Slack Off|p2a: Slowbro
|-heal|p2a: Slowbro|83/100
|
|upkeep
|turn|10
|
|t:|1641710621
|move|p1a: Toxapex|Recover|p1a: Toxapex
|-heal|p1a: Toxapex|86/100
|move|p2a: Slowbro|Future Sight|p1a: Toxapex
|-start|p2a: Slowbro|move: Future Sight
|
|upkeep
|turn|11
|
|t:|1641710626
|switch|p1a: Zarude|Zarude|100/100 par
|move|p2a: Slowbro|Teleport|p2a: Slowbro
|
|t:|1641710629
|switch|p2a: Heatran|Heatran, F|88/100|[from]move: Teleport
|
|upkeep
|turn|12
|
|t:|1641710634
|switch|p1a: Landorus|Landorus-Therian, M|84/100
|-ability|p1a: Landorus|Intimidate|boost
|-unboost|p2a: Heatran|atk|1
|move|p2a: Heatran|Magma Storm|p1a: Landorus|[miss]
|-miss|p2a: Heatran|p1a: Landorus
|
|-end|p1a: Landorus|move: Future Sight
|-damage|p1a: Landorus|48/100
|-heal|p1a: Landorus|54/100|[from] item: Leftovers
|upkeep
|turn|13
|
|t:|1641710645
|switch|p2a: Slowbro|Slowbro, F|100/100
|move|p1a: Landorus|Stealth Rock|p2a: Slowbro
|-sidestart|p2: frankenstein2421|move: Stealth Rock
|
|-heal|p1a: Landorus|60/100|[from] item: Leftovers
|upkeep
|turn|14
|
|t:|1641710650
|move|p1a: Landorus|Toxic|p2a: Slowbro
|-status|p2a: Slowbro|tox
|move|p2a: Slowbro|Scald|p1a: Landorus
|-supereffective|p1a: Landorus
|-damage|p1a: Landorus|15/100
|
|-heal|p1a: Landorus|21/100|[from] item: Leftovers
|-damage|p2a: Slowbro|94/100 tox|[from] psn
|upkeep
|turn|15
|
|t:|1641710659
|move|p1a: Landorus|U-turn|p2a: Slowbro
|-supereffective|p2a: Slowbro
|-damage|p2a: Slowbro|69/100 tox
|
|t:|1641710661
|switch|p1a: Zarude|Zarude|100/100 par|[from]move: U-turn
|move|p2a: Slowbro|Scald|p1a: Zarude
|-resisted|p1a: Zarude
|-damage|p1a: Zarude|88/100 par
|
|-heal|p1a: Zarude|94/100 par|[from] item: Leftovers
|-damage|p2a: Slowbro|57/100 tox|[from] psn
|upkeep
|turn|16
|
|t:|1641710683
|switch|p2a: Landorus|Landorus-Therian, M|18/100
|-damage|p2a: Landorus|6/100|[from] Stealth Rock
|-ability|p2a: Landorus|Intimidate|boost
|-unboost|p1a: Zarude|atk|1
|move|p1a: Zarude|Darkest Lariat|p2a: Landorus
|-damage|p2a: Landorus|0 fnt
|faint|p2a: Landorus
|
|-heal|p1a: Zarude|99/100 par|[from] item: Leftovers
|upkeep
|
|t:|1641710693
|switch|p2a: Heatran|Heatran, F|88/100
|-damage|p2a: Heatran|76/100|[from] Stealth Rock
|turn|17
|
|t:|1641710698
|switch|p1a: Toxapex|Toxapex, M|100/100
|move|p2a: Heatran|Magma Storm|p1a: Toxapex
|-resisted|p1a: Toxapex
|-damage|p1a: Toxapex|83/100
|-activate|p1a: Toxapex|move: Magma Storm|[of] p2a: Heatran
|
|-damage|p1a: Toxapex|71/100|[from] move: Magma Storm|[partiallytrapped]
|upkeep
|turn|18
|
|t:|1641710705
|move|p2a: Heatran|Earth Power|p1a: Toxapex
|-supereffective|p1a: Toxapex
|-damage|p1a: Toxapex|33/100
|move|p1a: Toxapex|Scald|p2a: Heatran
|-supereffective|p2a: Heatran
|-damage|p2a: Heatran|54/100
|
|-damage|p1a: Toxapex|20/100|[from] move: Magma Storm|[partiallytrapped]
|upkeep
|turn|19
|
|t:|1641710715
|switch|p1a: Dragapult|Dragapult, M|87/100
|move|p2a: Heatran|Taunt|p1a: Dragapult
|-start|p1a: Dragapult|move: Taunt
|
|upkeep
|turn|20
|c|☆frankenstein2421|how did toxa pex switch with magma storm ?
|
|t:|1641710741
|switch|p2a: Blissey|Blissey, F|100/100
|move|p1a: Dragapult|Hydro Pump|p2a: Blissey
|-damage|p2a: Blissey|83/100
|
|upkeep
|turn|21
|c|☆alkazoth|I switched out
|c|☆alkazoth|I don't care about trapping
|inactive|frankenstein2421 has 120 seconds left.
|c|☆frankenstein2421|but magma storm trapps you right ?
|c|☆alkazoth|yes
|c|☆frankenstein2421|so how did you switch ?
|c|☆alkazoth|pex has shed shell
|inactive|frankenstein2421 has 90 seconds left.
|c|☆frankenstein2421|okay
|c|☆frankenstein2421|that makes sense
|
|t:|1641710795
|switch|p1a: Zarude|Zarude|99/100 par
|move|p2a: Blissey|Seismic Toss|p1a: Zarude
|-damage|p1a: Zarude|72/100 par
|
|-heal|p1a: Zarude|78/100 par|[from] item: Leftovers
|upkeep
|turn|22
|inactive|frankenstein2421 has 90 seconds left.
|
|t:|1641710807
|switch|p2a: Heatran|Heatran, F|54/100
|-damage|p2a: Heatran|41/100|[from] Stealth Rock
|move|p1a: Zarude|Bulk Up|p1a: Zarude
|-boost|p1a: Zarude|atk|1
|-boost|p1a: Zarude|def|1
|
|-heal|p1a: Zarude|84/100 par|[from] item: Leftovers
|upkeep
|turn|23
|inactive|frankenstein2421 has 90 seconds left.
|
|t:|1641710817
|switch|p1a: Toxapex|Toxapex, M|54/100
|move|p2a: Heatran|Magma Storm|p1a: Toxapex
|-resisted|p1a: Toxapex
|-damage|p1a: Toxapex|36/100
|-activate|p1a: Toxapex|move: Magma Storm|[of] p2a: Heatran
|
|-damage|p1a: Toxapex|24/100|[from] move: Magma Storm|[partiallytrapped]
|upkeep
|turn|24
|
|t:|1641710825
|switch|p1a: Dragapult|Dragapult, M|87/100
|move|p2a: Heatran|Earth Power|p1a: Dragapult
|-damage|p1a: Dragapult|52/100
|
|upkeep
|turn|25
|
|t:|1641710832
|switch|p2a: Blissey|Blissey, F|83/100
|move|p1a: Dragapult|U-turn|p2a: Blissey
|-damage|p2a: Blissey|68/100
|
|t:|1641710839
|switch|p1a: Zarude|Zarude|84/100 par|[from]move: U-turn
|
|-heal|p1a: Zarude|91/100 par|[from] item: Leftovers
|upkeep
|turn|26
|
|t:|1641710846
|move|p1a: Zarude|Jungle Healing|p1a: Zarude
|-heal|p1a: Zarude|100/100 par
|-curestatus|p1a: Zarude|par|[msg]
|move|p2a: Blissey|Teleport|p2a: Blissey
|
|t:|1641710851
|switch|p2a: Tapu Koko|Tapu Koko|100/100|[from]move: Teleport
|-damage|p2a: Tapu Koko|88/100|[from] Stealth Rock
|-fieldstart|move: Electric Terrain|[from] ability: Electric Surge|[of] p2a: Tapu Koko
|
|upkeep
|turn|27
|inactive|frankenstein2421 has 120 seconds left.
|
|t:|1641710858
|move|p2a: Tapu Koko|Dazzling Gleam|p1a: Zarude
|-supereffective|p1a: Zarude
|-damage|p1a: Zarude|4/100
|move|p1a: Zarude|Power Whip|p2a: Tapu Koko
|-damage|p2a: Tapu Koko|8/100
|
|-heal|p1a: Zarude|11/100|[from] item: Leftovers
|upkeep
|turn|28
|
|t:|1641710869
|switch|p1a: Landorus|Landorus-Therian, M|21/100
|-ability|p1a: Landorus|Intimidate|boost
|-unboost|p2a: Tapu Koko|atk|1
|move|p2a: Tapu Koko|Dazzling Gleam|p1a: Landorus
|-damage|p1a: Landorus|0 fnt
|faint|p1a: Landorus
|
|upkeep
|
|t:|1641710881
|switch|p1a: Dragapult|Dragapult, M|52/100
|turn|29
|
|t:|1641710883
|move|p1a: Dragapult|U-turn|p2a: Tapu Koko
|-resisted|p2a: Tapu Koko
|-damage|p2a: Tapu Koko|0 fnt
|faint|p2a: Tapu Koko
|
|t:|1641710888
|switch|p1a: Toxapex|Toxapex, M|58/100|[from]move: U-turn
|
|upkeep
|
|t:|1641710891
|switch|p2a: Rillaboom|Rillaboom, F|100/100
|-damage|p2a: Rillaboom|88/100|[from] Stealth Rock
|-fieldstart|move: Grassy Terrain|[from] ability: Grassy Surge|[of] p2a: Rillaboom
|turn|30
|
|t:|1641710896
|switch|p1a: Corviknight|Corviknight, M|100/100
|-ability|p1a: Corviknight|Pressure
|move|p2a: Rillaboom|Wood Hammer|p1a: Corviknight
|-resisted|p1a: Corviknight
|-damage|p1a: Corviknight|79/100
|-damage|p2a: Rillaboom|72/100|[from] item: Rocky Helmet|[of] p1a: Corviknight
|-damage|p2a: Rillaboom|64/100|[from] Recoil
|
|-heal|p2a: Rillaboom|70/100|[from] Grassy Terrain
|upkeep
|turn|31
|-message|frankenstein2421 forfeited.
|
|win|alkazoth
|raw|alkazoth's rating: 1543 &rarr; <strong>1559</strong><br />(+16 for winning)
|raw|frankenstein2421's rating: 1466 &rarr; <strong>1450</strong><br />(-16 for losing)
|l|☆frankenstein2421
