|j|☆andyads
|j|☆Thiago_12_91
|t:|1641843853
|gametype|singles
|player|p1|andyads|ghetsis|
|player|p2|Thiago_12_91|265|
|teamsize|p1|6
|teamsize|p2|6
|gen|8
|tier|[Gen 8] OU
|rule|Sleep Clause Mod: Limit one foe put to sleep
|rule|Species Clause: Limit one of each Pokémon
|rule|OHKO Clause: OHKO moves are banned
|rule|Evasion Moves Clause: Evasion moves are banned
|rule|Endless Battle Clause: Forcing endless battles is banned
|rule|HP Percentage Mod: HP is shown in percentages
|rule|Dynamax Clause: You cannot dynamax
|clearpoke
|poke|p1|Milotic, F|
|poke|p1|Incineroar, M|
|poke|p1|Garchomp, F|
|poke|p1|Alakazam, M|
|poke|p1|Roserade, F|
|poke|p1|Bronzong|
|poke|p2|Ninetales, F|
|poke|p2|Electivire, M|
|poke|p2|Leafeon, M|
|poke|p2|Sigilyph, M|
|poke|p2|Gengar, F|
|poke|p2|Cloyster, M|
|teampreview
|
|t:|1641843880
|start
|switch|p1a: Incineroar|Incineroar, M|100/100
|switch|p2a: Ninetales|Ninetales, F|100/100
|-weather|SunnyDay|[from] ability: Drought|[of] p2a: Ninetales
|-ability|p1a: Incineroar|Intimidate|boost
|-unboost|p2a: Ninetales|atk|1
|turn|1
|
|t:|1641843894
|move|p2a: Ninetales|Dark Pulse|p1a: Incineroar
|-resisted|p1a: Incineroar
|-damage|p1a: Incineroar|94/100
|move|p1a: Incineroar|Knock Off|p2a: Ninetales
|-damage|p2a: Ninetales|45/100
|-enditem|p2a: Ninetales|Heat Rock|[from] move: Knock Off|[of] p1a: Incineroar
|
|-weather|SunnyDay|[upkeep]
|upkeep
|turn|2
|c|☆Thiago_12_91|já viajei aqui
|c|☆Thiago_12_91|olha as ideia
|c|☆andyads|uashaushaushasu
|
|t:|1641843929
|move|p2a: Ninetales|Flamethrower|p1a: Incineroar
|-resisted|p1a: Incineroar
|-crit|p1a: Incineroar
|-damage|p1a: Incineroar|69/100
|move|p1a: Incineroar|Toxic|p2a: Ninetales
|-status|p2a: Ninetales|tox
|
|-weather|SunnyDay|[upkeep]
|-damage|p2a: Ninetales|39/100 tox|[from] psn
|upkeep
|turn|3
|
|t:|1641843952
|switch|p2a: Electivire|Electivire, M|100/100
|-item|p2a: Electivire|Air Balloon
|move|p1a: Incineroar|Knock Off|p2a: Electivire
|-damage|p2a: Electivire|43/100
|-enditem|p2a: Electivire|Air Balloon
|
|-weather|SunnyDay|[upkeep]
|upkeep
|turn|4
|
|t:|1641843963
|switch|p1a: Bronzong|Bronzong|100/100
|move|p2a: Electivire|Earthquake|p1a: Bronzong
|-immune|p1a: Bronzong|[from] ability: Levitate
|
|-weather|SunnyDay|[upkeep]
|upkeep
|turn|5
|c|☆Thiago_12_91|Tu me conhece muito néh o filho da puta!?
|c|☆andyads|Claaaaro!!
|
|t:|1641843984
|move|p2a: Electivire|Brick Break|p1a: Bronzong
|-damage|p1a: Bronzong|68/100
|move|p1a: Bronzong|Stealth Rock|p2a: Electivire
|-sidestart|p2: Thiago_12_91|move: Stealth Rock
|
|-weather|SunnyDay|[upkeep]
|upkeep
|turn|6
|c|☆Thiago_12_91|Essa aqui eu já perdi
|
|t:|1641844005
|switch|p1a: Incineroar|Incineroar, M|69/100
|-ability|p1a: Incineroar|Intimidate|boost
|-unboost|p2a: Electivire|atk|1
|move|p2a: Electivire|Wild Charge|p1a: Incineroar
|-damage|p1a: Incineroar|39/100
|-damage|p2a: Electivire|32/100|[from] Recoil
|
|-weather|SunnyDay|[upkeep]
|upkeep
|turn|7
|
|t:|1641844030
|switch|p1a: Bronzong|Bronzong|68/100
|move|p2a: Electivire|Wild Charge|p1a: Bronzong
|-damage|p1a: Bronzong|29/100
|-damage|p2a: Electivire|23/100|[from] Recoil
|
|-weather|SunnyDay|[upkeep]
|upkeep
|turn|8
|
|t:|1641844040
|move|p2a: Electivire|Wild Charge|p1a: Bronzong
|-damage|p1a: Bronzong|0 fnt
|faint|p1a: Bronzong
|-damage|p2a: Electivire|16/100|[from] Recoil
|
|-weather|none
|upkeep
|
|t:|1641844055
|switch|p1a: Garchomp|Garchomp, F|100/100
|turn|9
|
|t:|1641844061
|move|p1a: Garchomp|Dragon Claw|p2a: Electivire
|-damage|p2a: Electivire|0 fnt
|faint|p2a: Electivire
|
|upkeep
|c|☆Thiago_12_91|Nem deixou eu dar ice punch... :(
|c|☆andyads|Ta maluco q ia deixar
|
|t:|1641844085
|switch|p2a: Cloyster|Cloyster, M|100/100
|-damage|p2a: Cloyster|76/100|[from] Stealth Rock
|turn|10
|
|t:|1641844110
|move|p1a: Garchomp|Stone Edge|p2a: Cloyster
|-supereffective|p2a: Cloyster
|-crit|p2a: Cloyster
|-damage|p2a: Cloyster|10/100
|move|p2a: Cloyster|Shell Smash|p2a: Cloyster
|-unboost|p2a: Cloyster|def|1
|-unboost|p2a: Cloyster|spd|1
|-boost|p2a: Cloyster|atk|2
|-boost|p2a: Cloyster|spa|2
|-boost|p2a: Cloyster|spe|2
|-enditem|p2a: Cloyster|White Herb
|-clearnegativeboost|p2a: Cloyster|[silent]
|
|upkeep
|turn|11
|
|t:|1641844134
|switch|p1a: Milotic|Milotic, F|100/100
|move|p2a: Cloyster|Icicle Spear|p1a: Milotic
|-resisted|p1a: Milotic
|-damage|p1a: Milotic|93/100
|-resisted|p1a: Milotic
|-damage|p1a: Milotic|87/100
|-resisted|p1a: Milotic
|-damage|p1a: Milotic|80/100
|-resisted|p1a: Milotic
|-damage|p1a: Milotic|73/100
|-resisted|p1a: Milotic
|-damage|p1a: Milotic|65/100
|-hitcount|p1a: Milotic|5
|
|-status|p1a: Milotic|brn|[from] item: Flame Orb
|upkeep
|turn|12
|
|t:|1641844159
|move|p2a: Cloyster|Rock Blast|p1a: Milotic
|-damage|p1a: Milotic|59/100 brn
|-damage|p1a: Milotic|53/100 brn
|-damage|p1a: Milotic|47/100 brn
|-damage|p1a: Milotic|41/100 brn
|-damage|p1a: Milotic|34/100 brn
|-hitcount|p1a: Milotic|5
|move|p1a: Milotic|Scald|p2a: Cloyster
|-resisted|p2a: Cloyster
|-damage|p2a: Cloyster|0 fnt
|faint|p2a: Cloyster
|
|-damage|p1a: Milotic|28/100 brn|[from] brn
|upkeep
|
|t:|1641844183
|switch|p2a: Gengar|Gengar, F|100/100
|-damage|p2a: Gengar|88/100|[from] Stealth Rock
|turn|13
|
|t:|1641844192
|move|p2a: Gengar|Sludge Bomb|p1a: Milotic
|-damage|p1a: Milotic|0 fnt
|faint|p1a: Milotic
|
|-status|p2a: Gengar|brn|[from] item: Flame Orb
|upkeep
|
|t:|1641844205
|switch|p1a: Alakazam|Alakazam, M|100/100
|turn|14
|
|t:|1641844243
|move|p1a: Alakazam|Psyshock|p2a: Gengar
|-supereffective|p2a: Gengar
|-damage|p2a: Gengar|0 fnt
|-start|p1a: Alakazam|Disable|Psyshock|[from] ability: Cursed Body|[of] p2a: Gengar
|faint|p2a: Gengar
|
|upkeep
|c|☆Thiago_12_91|aff
|
|t:|1641844252
|switch|p2a: Sigilyph|Sigilyph, M|100/100
|turn|15
|c|☆Thiago_12_91|ignorante
|
|t:|1641844264
|move|p1a: Alakazam|Nasty Plot|p1a: Alakazam
|-boost|p1a: Alakazam|spa|2
|move|p2a: Sigilyph|Cosmic Power|p2a: Sigilyph
|-boost|p2a: Sigilyph|def|1
|-boost|p2a: Sigilyph|spd|1
|
|-status|p2a: Sigilyph|brn|[from] item: Flame Orb
|upkeep
|turn|16
|c|☆andyads|Aqui  é sem tempo
|
|t:|1641844301
|move|p1a: Alakazam|Nasty Plot|p1a: Alakazam
|-boost|p1a: Alakazam|spa|2
|move|p2a: Sigilyph|Psycho Shift|p1a: Alakazam
|-status|p1a: Alakazam|brn
|-curestatus|p2a: Sigilyph|brn|[msg]
|
|-status|p2a: Sigilyph|brn|[from] item: Flame Orb
|upkeep
|turn|17
|
|t:|1641844312
|move|p1a: Alakazam|Shadow Ball|p2a: Sigilyph
|-supereffective|p2a: Sigilyph
|-damage|p2a: Sigilyph|0 fnt
|faint|p2a: Sigilyph
|
|-end|p1a: Alakazam|Disable
|upkeep
|c|☆Thiago_12_91|HAHAHAHAAHAHAH
|
|t:|1641844319
|switch|p2a: Ninetales|Ninetales, F|39/100 tox
|-damage|p2a: Ninetales|14/100 tox|[from] Stealth Rock
|-weather|SunnyDay|[from] ability: Drought|[of] p2a: Ninetales
|turn|18
|
|t:|1641844325
|move|p1a: Alakazam|Psyshock|p2a: Ninetales
|-damage|p2a: Ninetales|0 fnt
|faint|p2a: Ninetales
|
|-weather|SunnyDay|[upkeep]
|upkeep
|c|☆Thiago_12_91|GG
|
|t:|1641844330
|switch|p2a: Leafeon|Leafeon, M|100/100
|-damage|p2a: Leafeon|88/100|[from] Stealth Rock
|turn|19
|
|t:|1641844338
|move|p2a: Leafeon|Leaf Blade|p1a: Alakazam
|-enditem|p1a: Alakazam|Focus Sash
|-damage|p1a: Alakazam|1/100 brn
|move|p1a: Alakazam|Psyshock|p2a: Leafeon
|-damage|p2a: Leafeon|0 fnt
|faint|p2a: Leafeon
|
|win|andyads
|c|☆Thiago_12_91|BOAS
|c|☆andyads|Vlw hahahaha
|c|☆Thiago_12_91|JÁ TE CHAMO PRA MAIS UMA
