|j|☆Roman2112
|j|☆LT71LX Allistair
|t:|1641812149
|gametype|singles
|player|p1|Roman2112|ethan|1763
|player|p2|LT71LX Allistair|1|1689
|teamsize|p1|6
|teamsize|p2|6
|gen|8
|tier|[Gen 8] OU
|rated|
|rule|Sleep Clause Mod: Limit one foe put to sleep
|rule|Species Clause: Limit one of each Pokémon
|rule|OHKO Clause: OHKO moves are banned
|rule|Evasion Moves Clause: Evasion moves are banned
|rule|Endless Battle Clause: Forcing endless battles is banned
|rule|HP Percentage Mod: HP is shown in percentages
|rule|Dynamax Clause: You cannot dynamax
|clearpoke
|poke|p1|Landorus-Therian, M|
|poke|p1|Slowbro, M|
|poke|p1|Tapu Koko|
|poke|p1|Ferrothorn, F|
|poke|p1|Latios, M|
|poke|p1|Kartana|
|poke|p2|Mew|
|poke|p2|Tapu Fini|
|poke|p2|Slurpuff, M|
|poke|p2|Heatran, M|
|poke|p2|Jirachi|
|poke|p2|Garchomp, F|
|teampreview
|inactive|Battle timer is ON: inactive players will automatically lose when time's up. (requested by Roman2112)
|j| Maclura
|inactive|LT71LX Allistair has 120 seconds left.
|inactive|LT71LX Allistair has 90 seconds left.
|inactive|LT71LX Allistair has 60 seconds left.
|
|t:|1641812254
|start
|switch|p1a: Legolas|Tapu Koko, shiny|100/100
|switch|p2a: Slurpuff|Slurpuff, M|100/100
|-fieldstart|move: Electric Terrain|[from] ability: Electric Surge|[of] p1a: Legolas
|turn|1
|
|t:|1641812259
|move|p1a: Legolas|Taunt|p2a: Slurpuff
|-start|p2a: Slurpuff|move: Taunt
|cant|p2a: Slurpuff|move: Taunt|Sticky Web
|
|upkeep
|turn|2
|
|t:|1641812265
|switch|p2a: Heatran|Heatran, M|100/100
|move|p1a: Legolas|Volt Switch|p2a: Heatran
|-damage|p2a: Heatran|68/100
|
|t:|1641812267
|switch|p1a: Sam|Slowbro, M|100/100|[from]move: Volt Switch
|
|-heal|p2a: Heatran|74/100|[from] item: Leftovers
|upkeep
|turn|3
|j| Natty Chad
|
|t:|1641812272
|switch|p2a: Slurpuff|Slurpuff, M|100/100
|move|p1a: Sam|Scald|p2a: Slurpuff
|-damage|p2a: Slurpuff|52/100
|
|upkeep
|turn|4
|
|t:|1641812279
|move|p2a: Slurpuff|Sticky Web|p1a: Sam
|-sidestart|p1: Roman2112|move: Sticky Web
|move|p1a: Sam|Teleport|p1a: Sam
|
|t:|1641812307
|switch|p1a: Legolas|Tapu Koko, shiny|100/100|[from]move: Teleport
|
|upkeep
|turn|5
|
|t:|1641812324
|move|p1a: Legolas|Defog|p2a: Slurpuff
|-unboost|p2a: Slurpuff|evasion|1
|-sideend|p1: Roman2112|Sticky Web|[from] move: Defog|[of] p1a: Legolas
|-fieldend|move: Electric Terrain
|move|p2a: Slurpuff|Misty Explosion|p1a: Legolas
|-damage|p1a: Legolas|57/100
|faint|p2a: Slurpuff
|
|upkeep
|
|t:|1641812328
|switch|p2a: Garchomp|Garchomp, F|100/100
|turn|6
|
|t:|1641812333
|switch|p1a: Sam|Slowbro, M|100/100
|move|p2a: Garchomp|Swords Dance|p2a: Garchomp
|-boost|p2a: Garchomp|atk|2
|
|upkeep
|turn|7
|
|t:|1641812337
|switch|p2a: Heatran|Heatran, M|74/100
|move|p1a: Sam|Yawn|p2a: Heatran
|-start|p2a: Heatran|move: Yawn|[of] p1a: Sam
|
|-heal|p2a: Heatran|80/100|[from] item: Leftovers
|upkeep
|turn|8
|
|t:|1641812340
|move|p2a: Heatran|Stealth Rock|p1a: Sam
|-sidestart|p1: Roman2112|move: Stealth Rock
|move|p1a: Sam|Scald|p2a: Heatran
|-supereffective|p2a: Heatran
|-damage|p2a: Heatran|34/100
|
|-heal|p2a: Heatran|40/100|[from] item: Leftovers
|-end|p2a: Heatran|move: Yawn|[silent]
|-status|p2a: Heatran|slp
|upkeep
|turn|9
|
|t:|1641812345
|switch|p2a: Garchomp|Garchomp, F|100/100
|move|p1a: Sam|Teleport|p1a: Sam
|
|t:|1641812352
|switch|p1a: Gimli|Landorus-Therian, M, shiny|100/100|[from]move: Teleport
|-damage|p1a: Gimli|88/100|[from] Stealth Rock
|-ability|p1a: Gimli|Intimidate|boost
|-unboost|p2a: Garchomp|atk|1
|
|upkeep
|turn|10
|
|t:|1641812359
|switch|p2a: Tapu Fini|Tapu Fini|100/100
|-fieldstart|move: Misty Terrain|[from] ability: Misty Surge|[of] p2a: Tapu Fini
|move|p1a: Gimli|Earthquake|p2a: Tapu Fini
|-damage|p2a: Tapu Fini|33/100
|
|upkeep
|turn|11
|
|t:|1641812364
|switch|p1a: Sam|Slowbro, M|100/100
|-damage|p1a: Sam|88/100|[from] Stealth Rock
|move|p2a: Tapu Fini|Surf|p1a: Sam
|-resisted|p1a: Sam
|-damage|p1a: Sam|75/100
|
|-heal|p1a: Sam|81/100|[from] item: Leftovers
|upkeep
|turn|12
|
|t:|1641812366
|move|p2a: Tapu Fini|Taunt|p1a: Sam
|-start|p1a: Sam|move: Taunt
|cant|p1a: Sam|move: Taunt|Teleport
|
|-heal|p1a: Sam|87/100|[from] item: Leftovers
|upkeep
|turn|13
|
|t:|1641812373
|switch|p1a: Gollum|Ferrothorn, F|100/100
|-damage|p1a: Gollum|95/100|[from] Stealth Rock
|move|p2a: Tapu Fini|Draining Kiss|p1a: Gollum
|-resisted|p1a: Gollum
|-damage|p1a: Gollum|86/100
|-heal|p2a: Tapu Fini|41/100|[from] drain|[of] p1a: Gollum
|-damage|p2a: Tapu Fini|29/100|[from] ability: Iron Barbs|[of] p1a: Gollum
|-damage|p2a: Tapu Fini|12/100|[from] item: Rocky Helmet|[of] p1a: Gollum
|
|upkeep
|turn|14
|
|t:|1641812376
|switch|p1a: Smaug|Latios, M, shiny|100/100
|-damage|p1a: Smaug|88/100|[from] Stealth Rock
|move|p2a: Tapu Fini|Taunt|p1a: Smaug
|-start|p1a: Smaug|move: Taunt
|
|-fieldend|Misty Terrain
|upkeep
|turn|15
|
|t:|1641812384
|move|p1a: Smaug|Psyshock|p2a: Tapu Fini
|-damage|p2a: Tapu Fini|0 fnt
|faint|p2a: Tapu Fini
|-damage|p1a: Smaug|78/100|[from] item: Life Orb
|
|upkeep
|
|t:|1641812389
|switch|p2a: Mew|Mew|100/100
|turn|16
|
|t:|1641812391
|switch|p1a: Sam|Slowbro, M|100/100
|-damage|p1a: Sam|88/100|[from] Stealth Rock
|move|p2a: Mew|Cosmic Power|p2a: Mew
|-boost|p2a: Mew|def|1
|-boost|p2a: Mew|spd|1
|
|-heal|p1a: Sam|94/100|[from] item: Leftovers
|upkeep
|turn|17
|
|t:|1641812395
|move|p2a: Mew|Taunt|p1a: Sam
|-start|p1a: Sam|move: Taunt
|move|p1a: Sam|Scald|p2a: Mew
|-damage|p2a: Mew|83/100
|
|-heal|p1a: Sam|99/100|[from] item: Leftovers
|upkeep
|turn|18
|
|t:|1641812397
|move|p2a: Mew|Cosmic Power|p2a: Mew
|-boost|p2a: Mew|def|1
|-boost|p2a: Mew|spd|1
|move|p1a: Sam|Scald|p2a: Mew
|-damage|p2a: Mew|72/100
|-status|p2a: Mew|brn
|-activate|p2a: Mew|ability: Synchronize
|-status|p1a: Sam|brn
|
|-heal|p1a: Sam|100/100 brn|[from] item: Leftovers
|-damage|p2a: Mew|66/100 brn|[from] brn
|-damage|p1a: Sam|94/100 brn|[from] brn
|upkeep
|turn|19
|
|t:|1641812401
|switch|p1a: Legolas|Tapu Koko, shiny|57/100
|-fieldstart|move: Electric Terrain|[from] ability: Electric Surge|[of] p1a: Legolas
|move|p2a: Mew|Cosmic Power|p2a: Mew
|-boost|p2a: Mew|def|1
|-boost|p2a: Mew|spd|1
|
|-damage|p2a: Mew|60/100 brn|[from] brn
|upkeep
|turn|20
|
|t:|1641812406
|move|p1a: Legolas|Taunt|p2a: Mew
|-start|p2a: Mew|move: Taunt
|move|p2a: Mew|Stored Power|p1a: Legolas
|-damage|p1a: Legolas|0 fnt
|faint|p1a: Legolas
|
|-damage|p2a: Mew|54/100 brn|[from] brn
|upkeep
|
|t:|1641812421
|switch|p1a: Gimli|Landorus-Therian, M, shiny|88/100
|-damage|p1a: Gimli|76/100|[from] Stealth Rock
|-ability|p1a: Gimli|Intimidate|boost
|-unboost|p2a: Mew|atk|1
|turn|21
|
|t:|1641812437
|move|p2a: Mew|Stored Power|p1a: Gimli
|-damage|p1a: Gimli|44/100
|move|p1a: Gimli|Earthquake|p2a: Mew
|-damage|p2a: Mew|31/100 brn
|
|-damage|p2a: Mew|25/100 brn|[from] brn
|upkeep
|turn|22
|j| imalrightbtw
|inactive|Roman2112 has 120 seconds left.
|
|t:|1641812474
|move|p2a: Mew|Stored Power|p1a: Gimli
|-damage|p1a: Gimli|11/100
|move|p1a: Gimli|U-turn|p2a: Mew
|-supereffective|p2a: Mew
|-damage|p2a: Mew|4/100 brn
|-enditem|p2a: Mew|Weakness Policy
|-boost|p2a: Mew|atk|2|[from] item: Weakness Policy
|-boost|p2a: Mew|spa|2|[from] item: Weakness Policy
|
|t:|1641812499
|switch|p1a: Smaug|Latios, M, shiny|78/100|[from]move: U-turn
|-damage|p1a: Smaug|66/100|[from] Stealth Rock
|
|-damage|p2a: Mew|0 fnt|[from] brn
|faint|p2a: Mew
|upkeep
|
|t:|1641812507
|switch|p2a: Garchomp|Garchomp, F|100/100
|turn|23
|
|t:|1641812510
|switch|p2a: Heatran|Heatran, M|40/100 slp
|move|p1a: Smaug|Draco Meteor|p2a: Heatran|[miss]
|-miss|p1a: Smaug|p2a: Heatran
|
|-heal|p2a: Heatran|46/100 slp|[from] item: Leftovers
|-fieldend|move: Electric Terrain
|upkeep
|turn|24
|
|t:|1641812515
|move|p1a: Smaug|Surf|p2a: Heatran
|-supereffective|p2a: Heatran
|-damage|p2a: Heatran|0 fnt
|faint|p2a: Heatran
|-damage|p1a: Smaug|56/100|[from] item: Life Orb
|
|upkeep
|
|t:|1641812520
|switch|p2a: Garchomp|Garchomp, F|100/100
|turn|25
|
|t:|1641812526
|move|p1a: Smaug|Draco Meteor|p2a: Garchomp
|-supereffective|p2a: Garchomp
|-damage|p2a: Garchomp|0 fnt
|-unboost|p1a: Smaug|spa|2
|faint|p2a: Garchomp
|-damage|p1a: Smaug|46/100|[from] item: Life Orb
|
|upkeep
|
|t:|1641812529
|switch|p2a: Jirachi|Jirachi, shiny|100/100
|turn|26
|
|t:|1641812532
|switch|p1a: Sam|Slowbro, M|100/100 brn
|-damage|p1a: Sam|88/100 brn|[from] Stealth Rock
|move|p2a: Jirachi|Cosmic Power|p2a: Jirachi
|-boost|p2a: Jirachi|def|1
|-boost|p2a: Jirachi|spd|1
|
|-heal|p1a: Sam|94/100 brn|[from] item: Leftovers
|-damage|p1a: Sam|88/100 brn|[from] brn
|upkeep
|turn|27
|
|t:|1641812535
|move|p2a: Jirachi|Cosmic Power|p2a: Jirachi
|-boost|p2a: Jirachi|def|1
|-boost|p2a: Jirachi|spd|1
|move|p1a: Sam|Yawn|p2a: Jirachi
|-start|p2a: Jirachi|move: Yawn|[of] p1a: Sam
|
|-heal|p1a: Sam|94/100 brn|[from] item: Leftovers
|-damage|p1a: Sam|88/100 brn|[from] brn
|upkeep
|turn|28
|
|t:|1641812542
|move|p2a: Jirachi|Cosmic Power|p2a: Jirachi
|-boost|p2a: Jirachi|def|1
|-boost|p2a: Jirachi|spd|1
|move|p1a: Sam|Teleport|p1a: Sam
|
|t:|1641812550
|switch|p1a: Gollum|Ferrothorn, F|86/100|[from]move: Teleport
|-damage|p1a: Gollum|80/100|[from] Stealth Rock
|
|-end|p2a: Jirachi|move: Yawn|[silent]
|-status|p2a: Jirachi|slp
|upkeep
|turn|29
|
|t:|1641812553
|cant|p2a: Jirachi|slp
|move|p1a: Gollum|Leech Seed|p2a: Jirachi
|-start|p2a: Jirachi|move: Leech Seed
|
|-damage|p2a: Jirachi|88/100 slp|[from] Leech Seed|[of] p1a: Gollum
|-heal|p1a: Gollum|92/100|[silent]
|upkeep
|turn|30
|
|t:|1641812557
|cant|p2a: Jirachi|slp
|move|p1a: Gollum|Body Press|p2a: Jirachi
|-damage|p2a: Jirachi|77/100 slp
|
|-damage|p2a: Jirachi|65/100 slp|[from] Leech Seed|[of] p1a: Gollum
|-heal|p1a: Gollum|100/100|[silent]
|upkeep
|turn|31
|
|t:|1641812565
|-curestatus|p2a: Jirachi|slp|[msg]
|move|p2a: Jirachi|Cosmic Power|p2a: Jirachi
|-boost|p2a: Jirachi|def|1
|-boost|p2a: Jirachi|spd|1
|move|p1a: Gollum|Body Press|p2a: Jirachi
|-damage|p2a: Jirachi|56/100
|
|-damage|p2a: Jirachi|44/100|[from] Leech Seed|[of] p1a: Gollum
|upkeep
|turn|32
|
|t:|1641812571
|move|p2a: Jirachi|Wish|p2a: Jirachi
|move|p1a: Gollum|Body Press|p2a: Jirachi
|-damage|p2a: Jirachi|35/100
|
|-damage|p2a: Jirachi|22/100|[from] Leech Seed|[of] p1a: Gollum
|upkeep
|turn|33
|
|t:|1641812575
|move|p2a: Jirachi|Cosmic Power|p2a: Jirachi
|-boost|p2a: Jirachi|def|1
|-boost|p2a: Jirachi|spd|1
|move|p1a: Gollum|Body Press|p2a: Jirachi
|-damage|p2a: Jirachi|13/100
|
|-heal|p2a: Jirachi|63/100|[from] move: Wish|[wisher] Jirachi
|-damage|p2a: Jirachi|51/100|[from] Leech Seed|[of] p1a: Gollum
|upkeep
|turn|34
|
|t:|1641812583
|move|p2a: Jirachi|Wish|p2a: Jirachi
|move|p1a: Gollum|Body Press|p2a: Jirachi
|-damage|p2a: Jirachi|43/100
|
|-damage|p2a: Jirachi|30/100|[from] Leech Seed|[of] p1a: Gollum
|upkeep
|turn|35
|
|t:|1641812587
|move|p2a: Jirachi|Cosmic Power|p2a: Jirachi
|-boost|p2a: Jirachi|def|1
|-boost|p2a: Jirachi|spd|1
|move|p1a: Gollum|Body Press|p2a: Jirachi
|-damage|p2a: Jirachi|23/100
|
|-heal|p2a: Jirachi|73/100|[from] move: Wish|[wisher] Jirachi
|-damage|p2a: Jirachi|61/100|[from] Leech Seed|[of] p1a: Gollum
|upkeep
|turn|36
|
|t:|1641812593
|move|p2a: Jirachi|Wish|p2a: Jirachi
|move|p1a: Gollum|Body Press|p2a: Jirachi
|-damage|p2a: Jirachi|54/100
|
|-damage|p2a: Jirachi|41/100|[from] Leech Seed|[of] p1a: Gollum
|upkeep
|turn|37
|
|t:|1641812597
|move|p2a: Jirachi|Aura Sphere|p1a: Gollum
|-supereffective|p1a: Gollum
|-damage|p1a: Gollum|63/100
|move|p1a: Gollum|Body Press|p2a: Jirachi
|-damage|p2a: Jirachi|35/100
|
|-heal|p2a: Jirachi|84/100|[from] move: Wish|[wisher] Jirachi
|-damage|p2a: Jirachi|72/100|[from] Leech Seed|[of] p1a: Gollum
|-heal|p1a: Gollum|75/100|[silent]
|upkeep
|turn|38
|
|t:|1641812602
|move|p2a: Jirachi|Wish|p2a: Jirachi
|move|p1a: Gollum|Body Press|p2a: Jirachi
|-damage|p2a: Jirachi|65/100
|
|-damage|p2a: Jirachi|52/100|[from] Leech Seed|[of] p1a: Gollum
|-heal|p1a: Gollum|87/100|[silent]
|upkeep
|turn|39
|
|t:|1641812613
|move|p2a: Jirachi|Aura Sphere|p1a: Gollum
|-supereffective|p1a: Gollum
|-damage|p1a: Gollum|49/100
|move|p1a: Gollum|Stealth Rock|p2a: Jirachi
|-sidestart|p2: LT71LX Allistair|move: Stealth Rock
|
|-heal|p2a: Jirachi|100/100|[from] move: Wish|[wisher] Jirachi
|-damage|p2a: Jirachi|88/100|[from] Leech Seed|[of] p1a: Gollum
|-heal|p1a: Gollum|61/100|[silent]
|upkeep
|turn|40
|
|t:|1641812619
|move|p2a: Jirachi|Wish|p2a: Jirachi
|move|p1a: Gollum|Body Press|p2a: Jirachi
|-damage|p2a: Jirachi|81/100
|
|-damage|p2a: Jirachi|69/100|[from] Leech Seed|[of] p1a: Gollum
|-heal|p1a: Gollum|73/100|[silent]
|upkeep
|turn|41
|
|t:|1641812624
|move|p1a: Gollum|Protect|p1a: Gollum
|-singleturn|p1a: Gollum|Protect
|move|p2a: Jirachi|Stored Power|p1a: Gollum
|-activate|p1a: Gollum|move: Protect
|
|-heal|p2a: Jirachi|100/100|[from] move: Wish|[wisher] Jirachi
|-damage|p2a: Jirachi|88/100|[from] Leech Seed|[of] p1a: Gollum
|-heal|p1a: Gollum|85/100|[silent]
|upkeep
|turn|42
|inactive|Roman2112 has 120 seconds left.
|
|t:|1641812658
|move|p2a: Jirachi|Aura Sphere|p1a: Gollum
|-supereffective|p1a: Gollum
|-damage|p1a: Gollum|51/100
|move|p1a: Gollum|Leech Seed||[still]
|-fail|p1a: Gollum
|
|-damage|p2a: Jirachi|76/100|[from] Leech Seed|[of] p1a: Gollum
|-heal|p1a: Gollum|63/100|[silent]
|upkeep
|turn|43
|
|t:|1641812664
|move|p1a: Gollum|Protect|p1a: Gollum
|-singleturn|p1a: Gollum|Protect
|move|p2a: Jirachi|Wish|p2a: Jirachi
|
|-damage|p2a: Jirachi|64/100|[from] Leech Seed|[of] p1a: Gollum
|-heal|p1a: Gollum|75/100|[silent]
|upkeep
|turn|44
|
|t:|1641812672
|move|p2a: Jirachi|Aura Sphere|p1a: Gollum
|-supereffective|p1a: Gollum
|-damage|p1a: Gollum|40/100
|move|p1a: Gollum|Leech Seed||[still]
|-fail|p1a: Gollum
|
|-heal|p2a: Jirachi|100/100|[from] move: Wish|[wisher] Jirachi
|-damage|p2a: Jirachi|88/100|[from] Leech Seed|[of] p1a: Gollum
|-heal|p1a: Gollum|52/100|[silent]
|upkeep
|turn|45
|
|t:|1641812681
|move|p2a: Jirachi|Aura Sphere|p1a: Gollum
|-supereffective|p1a: Gollum
|-damage|p1a: Gollum|14/100
|move|p1a: Gollum|Stealth Rock||[still]
|-fail|p1a: Gollum
|
|-damage|p2a: Jirachi|76/100|[from] Leech Seed|[of] p1a: Gollum
|-heal|p1a: Gollum|26/100|[silent]
|upkeep
|turn|46
|
|t:|1641812686
|move|p1a: Gollum|Protect|p1a: Gollum
|-singleturn|p1a: Gollum|Protect
|move|p2a: Jirachi|Wish|p2a: Jirachi
|
|-damage|p2a: Jirachi|64/100|[from] Leech Seed|[of] p1a: Gollum
|-heal|p1a: Gollum|38/100|[silent]
|upkeep
|turn|47
|
|t:|1641812695
|move|p2a: Jirachi|Stored Power|p1a: Gollum
|-resisted|p1a: Gollum
|-damage|p1a: Gollum|0 fnt
|faint|p1a: Gollum
|
|-heal|p2a: Jirachi|100/100|[from] move: Wish|[wisher] Jirachi
|upkeep
|
|t:|1641812705
|switch|p1a: Sam|Slowbro, M|100/100 brn
|-damage|p1a: Sam|88/100 brn|[from] Stealth Rock
|turn|48
|
|t:|1641812709
|move|p2a: Jirachi|Stored Power|p1a: Sam
|-resisted|p1a: Sam
|-damage|p1a: Sam|51/100 brn
|move|p1a: Sam|Scald|p2a: Jirachi
|-damage|p2a: Jirachi|93/100
|
|-heal|p1a: Sam|57/100 brn|[from] item: Leftovers
|-damage|p2a: Jirachi|81/100|[from] Leech Seed|[of] p1a: Sam
|-heal|p1a: Sam|68/100 brn|[silent]
|-damage|p1a: Sam|62/100 brn|[from] brn
|upkeep
|turn|49
|
|t:|1641812716
|move|p1a: Sam|Protect|p1a: Sam
|-singleturn|p1a: Sam|Protect
|move|p2a: Jirachi|Wish|p2a: Jirachi
|
|-heal|p1a: Sam|68/100 brn|[from] item: Leftovers
|-damage|p2a: Jirachi|69/100|[from] Leech Seed|[of] p1a: Sam
|-heal|p1a: Sam|79/100 brn|[silent]
|-damage|p1a: Sam|73/100 brn|[from] brn
|upkeep
|turn|50
|
|t:|1641812718
|move|p2a: Jirachi|Stored Power|p1a: Sam
|-resisted|p1a: Sam
|-damage|p1a: Sam|33/100 brn
|move|p1a: Sam|Scald|p2a: Jirachi
|-damage|p2a: Jirachi|61/100
|
|-heal|p2a: Jirachi|100/100|[from] move: Wish|[wisher] Jirachi
|-heal|p1a: Sam|39/100 brn|[from] item: Leftovers
|-damage|p2a: Jirachi|88/100|[from] Leech Seed|[of] p1a: Sam
|-heal|p1a: Sam|50/100 brn|[silent]
|-damage|p1a: Sam|44/100 brn|[from] brn
|upkeep
|turn|51
|
|t:|1641812727
|move|p1a: Sam|Protect|p1a: Sam
|-singleturn|p1a: Sam|Protect
|move|p2a: Jirachi|Stored Power|p1a: Sam
|-activate|p1a: Sam|move: Protect
|
|-heal|p1a: Sam|50/100 brn|[from] item: Leftovers
|-damage|p2a: Jirachi|76/100|[from] Leech Seed|[of] p1a: Sam
|-heal|p1a: Sam|61/100 brn|[silent]
|-damage|p1a: Sam|54/100 brn|[from] brn
|upkeep
|turn|52
|
|t:|1641812730
|move|p2a: Jirachi|Wish|p2a: Jirachi
|move|p1a: Sam|Scald|p2a: Jirachi
|-damage|p2a: Jirachi|69/100
|
|-heal|p1a: Sam|61/100 brn|[from] item: Leftovers
|-damage|p2a: Jirachi|56/100|[from] Leech Seed|[of] p1a: Sam
|-heal|p1a: Sam|71/100 brn|[silent]
|-damage|p1a: Sam|65/100 brn|[from] brn
|upkeep
|turn|53
|
|t:|1641812736
|move|p2a: Jirachi|Stored Power|p1a: Sam
|-resisted|p1a: Sam
|-damage|p1a: Sam|29/100 brn
|move|p1a: Sam|Scald|p2a: Jirachi
|-damage|p2a: Jirachi|49/100
|
|-heal|p2a: Jirachi|99/100|[from] move: Wish|[wisher] Jirachi
|-heal|p1a: Sam|35/100 brn|[from] item: Leftovers
|-damage|p2a: Jirachi|86/100|[from] Leech Seed|[of] p1a: Sam
|-heal|p1a: Sam|46/100 brn|[silent]
|-damage|p1a: Sam|40/100 brn|[from] brn
|upkeep
|turn|54
|
|t:|1641812749
|move|p1a: Sam|Protect|p1a: Sam
|-singleturn|p1a: Sam|Protect
|move|p2a: Jirachi|Stored Power|p1a: Sam
|-activate|p1a: Sam|move: Protect
|
|-heal|p1a: Sam|46/100 brn|[from] item: Leftovers
|-damage|p2a: Jirachi|74/100|[from] Leech Seed|[of] p1a: Sam
|-heal|p1a: Sam|57/100 brn|[silent]
|-damage|p1a: Sam|51/100 brn|[from] brn
|upkeep
|turn|55
|
|t:|1641812754
|move|p2a: Jirachi|Stored Power|p1a: Sam
|-resisted|p1a: Sam
|-damage|p1a: Sam|17/100 brn
|move|p1a: Sam|Scald|p2a: Jirachi
|-damage|p2a: Jirachi|67/100
|
|-heal|p1a: Sam|23/100 brn|[from] item: Leftovers
|-damage|p2a: Jirachi|55/100|[from] Leech Seed|[of] p1a: Sam
|-heal|p1a: Sam|33/100 brn|[silent]
|-damage|p1a: Sam|27/100 brn|[from] brn
|upkeep
|turn|56
|
|t:|1641812768
|move|p1a: Sam|Protect|p1a: Sam
|-singleturn|p1a: Sam|Protect
|move|p2a: Jirachi|Wish|p2a: Jirachi
|
|-heal|p1a: Sam|33/100 brn|[from] item: Leftovers
|-damage|p2a: Jirachi|42/100|[from] Leech Seed|[of] p1a: Sam
|-heal|p1a: Sam|44/100 brn|[silent]
|-damage|p1a: Sam|38/100 brn|[from] brn
|upkeep
|turn|57
|
|t:|1641812780
|move|p2a: Jirachi|Stored Power|p1a: Sam
|-resisted|p1a: Sam
|-damage|p1a: Sam|4/100 brn
|move|p1a: Sam|Scald|p2a: Jirachi
|-damage|p2a: Jirachi|35/100
|
|-heal|p2a: Jirachi|85/100|[from] move: Wish|[wisher] Jirachi
|-heal|p1a: Sam|10/100 brn|[from] item: Leftovers
|-damage|p2a: Jirachi|73/100|[from] Leech Seed|[of] p1a: Sam
|-heal|p1a: Sam|21/100 brn|[silent]
|-damage|p1a: Sam|14/100 brn|[from] brn
|upkeep
|turn|58
|
|t:|1641812805
|move|p1a: Sam|Protect|p1a: Sam
|-singleturn|p1a: Sam|Protect
|move|p2a: Jirachi|Wish|p2a: Jirachi
|
|-heal|p1a: Sam|21/100 brn|[from] item: Leftovers
|-damage|p2a: Jirachi|61/100|[from] Leech Seed|[of] p1a: Sam
|-heal|p1a: Sam|31/100 brn|[silent]
|-damage|p1a: Sam|25/100 brn|[from] brn
|upkeep
|turn|59
|
|t:|1641812810
|switch|p1a: Gimli|Landorus-Therian, M, shiny|11/100
|-damage|p1a: Gimli|0 fnt|[from] Stealth Rock
|faint|p1a: Gimli
|move|p2a: Jirachi|Stored Power|p1: Gimli|[notarget]
|-fail|p2a: Jirachi
|
|-heal|p2a: Jirachi|100/100|[from] move: Wish|[wisher] Jirachi
|upkeep
|
|t:|1641812819
|switch|p1a: Sam|Slowbro, M|59/100 brn
|-damage|p1a: Sam|46/100 brn|[from] Stealth Rock
|turn|60
|
|t:|1641812826
|move|p1a: Sam|Protect|p1a: Sam
|-singleturn|p1a: Sam|Protect
|move|p2a: Jirachi|Aura Sphere|p1a: Sam
|-activate|p1a: Sam|move: Protect
|
|-heal|p1a: Sam|52/100 brn|[from] item: Leftovers
|-damage|p2a: Jirachi|88/100|[from] Leech Seed|[of] p1a: Sam
|-heal|p1a: Sam|63/100 brn|[silent]
|-damage|p1a: Sam|57/100 brn|[from] brn
|upkeep
|turn|61
|
|t:|1641812829
|move|p2a: Jirachi|Stored Power|p1a: Sam
|-resisted|p1a: Sam
|-damage|p1a: Sam|17/100 brn
|move|p1a: Sam|Scald|p2a: Jirachi
|-damage|p2a: Jirachi|81/100
|
|-heal|p1a: Sam|23/100 brn|[from] item: Leftovers
|-damage|p2a: Jirachi|69/100|[from] Leech Seed|[of] p1a: Sam
|-heal|p1a: Sam|34/100 brn|[silent]
|-damage|p1a: Sam|28/100 brn|[from] brn
|upkeep
|turn|62
|inactive|Roman2112 has 120 seconds left.
|c|☆Roman2112|?
|c|☆Roman2112|cant it be burned?
|c|☆Roman2112|or am i super unlucky lol
|inactive|Roman2112 has 90 seconds left.
|
|t:|1641812894
|move|p1a: Sam|Protect|p1a: Sam
|-singleturn|p1a: Sam|Protect
|move|p2a: Jirachi|Wish|p2a: Jirachi
|
|-heal|p1a: Sam|34/100 brn|[from] item: Leftovers
|-damage|p2a: Jirachi|57/100|[from] Leech Seed|[of] p1a: Sam
|-heal|p1a: Sam|45/100 brn|[silent]
|-damage|p1a: Sam|38/100 brn|[from] brn
|upkeep
|turn|63
|
|t:|1641812901
|switch|p1a: Smaug|Latios, M, shiny|46/100
|-damage|p1a: Smaug|34/100|[from] Stealth Rock
|move|p2a: Jirachi|Stored Power|p1a: Smaug
|-resisted|p1a: Smaug
|-damage|p1a: Smaug|0 fnt
|faint|p1a: Smaug
|
|-heal|p2a: Jirachi|100/100|[from] move: Wish|[wisher] Jirachi
|upkeep
|
|t:|1641812904
|switch|p1a: Sam|Slowbro, M|72/100 brn
|-damage|p1a: Sam|59/100 brn|[from] Stealth Rock
|turn|64
|c|☆LT71LX Allistair|lol
|c|☆Roman2112|fr
|c|☆LT71LX Allistair|wasn't even paying attention to that
|c|☆LT71LX Allistair|but you are fight
|c|☆LT71LX Allistair|right
|
|t:|1641812925
|move|p1a: Sam|Protect|p1a: Sam
|-singleturn|p1a: Sam|Protect
|move|p2a: Jirachi|Aura Sphere|p1a: Sam
|-activate|p1a: Sam|move: Protect
|
|-heal|p1a: Sam|65/100 brn|[from] item: Leftovers
|-damage|p2a: Jirachi|88/100|[from] Leech Seed|[of] p1a: Sam
|-heal|p1a: Sam|76/100 brn|[silent]
|-damage|p1a: Sam|70/100 brn|[from] brn
|upkeep
|turn|65
|
|t:|1641812928
|move|p2a: Jirachi|Stored Power|p1a: Sam
|-resisted|p1a: Sam
|-damage|p1a: Sam|36/100 brn
|move|p1a: Sam|Scald|p2a: Jirachi
|-damage|p2a: Jirachi|81/100
|
|-heal|p1a: Sam|42/100 brn|[from] item: Leftovers
|-damage|p2a: Jirachi|69/100|[from] Leech Seed|[of] p1a: Sam
|-heal|p1a: Sam|53/100 brn|[silent]
|-damage|p1a: Sam|47/100 brn|[from] brn
|upkeep
|turn|66
|j| trad asf
|
|t:|1641812936
|move|p1a: Sam|Protect|p1a: Sam
|-singleturn|p1a: Sam|Protect
|move|p2a: Jirachi|Wish|p2a: Jirachi
|
|-heal|p1a: Sam|53/100 brn|[from] item: Leftovers
|-damage|p2a: Jirachi|56/100|[from] Leech Seed|[of] p1a: Sam
|-heal|p1a: Sam|64/100 brn|[silent]
|-damage|p1a: Sam|58/100 brn|[from] brn
|upkeep
|turn|67
|
|t:|1641812939
|move|p2a: Jirachi|Stored Power|p1a: Sam
|-resisted|p1a: Sam
|-damage|p1a: Sam|24/100 brn
|move|p1a: Sam|Scald|p2a: Jirachi
|-damage|p2a: Jirachi|49/100
|
|-heal|p2a: Jirachi|99/100|[from] move: Wish|[wisher] Jirachi
|-heal|p1a: Sam|30/100 brn|[from] item: Leftovers
|-damage|p2a: Jirachi|87/100|[from] Leech Seed|[of] p1a: Sam
|-heal|p1a: Sam|41/100 brn|[silent]
|-damage|p1a: Sam|35/100 brn|[from] brn
|upkeep
|turn|68
|inactive|Roman2112 has 120 seconds left.
|
|t:|1641812953
|move|p1a: Sam|Protect|p1a: Sam
|-singleturn|p1a: Sam|Protect
|move|p2a: Jirachi|Aura Sphere|p1a: Sam
|-activate|p1a: Sam|move: Protect
|
|-heal|p1a: Sam|41/100 brn|[from] item: Leftovers
|-damage|p2a: Jirachi|74/100|[from] Leech Seed|[of] p1a: Sam
|-heal|p1a: Sam|52/100 brn|[silent]
|-damage|p1a: Sam|46/100 brn|[from] brn
|upkeep
|turn|69
|j| Lane_Alih
|
|t:|1641812958
|move|p2a: Jirachi|Stored Power|p1a: Sam
|-resisted|p1a: Sam
|-damage|p1a: Sam|9/100 brn
|move|p1a: Sam|Scald|p2a: Jirachi
|-damage|p2a: Jirachi|67/100
|
|-heal|p1a: Sam|16/100 brn|[from] item: Leftovers
|-damage|p2a: Jirachi|55/100|[from] Leech Seed|[of] p1a: Sam
|-heal|p1a: Sam|26/100 brn|[silent]
|-damage|p1a: Sam|20/100 brn|[from] brn
|upkeep
|turn|70
|
|t:|1641812966
|move|p2a: Jirachi|Wish|p2a: Jirachi
|move|p1a: Sam|Scald|p2a: Jirachi
|-damage|p2a: Jirachi|48/100
|
|-heal|p1a: Sam|26/100 brn|[from] item: Leftovers
|-damage|p2a: Jirachi|35/100|[from] Leech Seed|[of] p1a: Sam
|-heal|p1a: Sam|37/100 brn|[silent]
|-damage|p1a: Sam|31/100 brn|[from] brn
|upkeep
|turn|71
|
|t:|1641812974
|move|p1a: Sam|Protect|p1a: Sam
|-singleturn|p1a: Sam|Protect
|move|p2a: Jirachi|Aura Sphere|p1a: Sam
|-activate|p1a: Sam|move: Protect
|
|-heal|p2a: Jirachi|85/100|[from] move: Wish|[wisher] Jirachi
|-heal|p1a: Sam|37/100 brn|[from] item: Leftovers
|-damage|p2a: Jirachi|73/100|[from] Leech Seed|[of] p1a: Sam
|-heal|p1a: Sam|48/100 brn|[silent]
|-damage|p1a: Sam|41/100 brn|[from] brn
|upkeep
|turn|72
|
|t:|1641812977
|move|p2a: Jirachi|Aura Sphere|p1a: Sam
|-resisted|p1a: Sam
|-damage|p1a: Sam|34/100 brn
|move|p1a: Sam|Scald|p2a: Jirachi
|-damage|p2a: Jirachi|66/100
|
|-heal|p1a: Sam|40/100 brn|[from] item: Leftovers
|-damage|p2a: Jirachi|54/100|[from] Leech Seed|[of] p1a: Sam
|-heal|p1a: Sam|51/100 brn|[silent]
|-damage|p1a: Sam|45/100 brn|[from] brn
|upkeep
|turn|73
|
|t:|1641812985
|move|p2a: Jirachi|Wish|p2a: Jirachi
|move|p1a: Sam|Scald|p2a: Jirachi
|-damage|p2a: Jirachi|47/100
|
|-heal|p1a: Sam|51/100 brn|[from] item: Leftovers
|-damage|p2a: Jirachi|35/100|[from] Leech Seed|[of] p1a: Sam
|-heal|p1a: Sam|61/100 brn|[silent]
|-damage|p1a: Sam|55/100 brn|[from] brn
|upkeep
|turn|74
|
|t:|1641812994
|move|p2a: Jirachi|Aura Sphere|p1a: Sam
|-resisted|p1a: Sam
|-damage|p1a: Sam|47/100 brn
|move|p1a: Sam|Scald|p2a: Jirachi
|-damage|p2a: Jirachi|28/100
|-status|p2a: Jirachi|brn
|
|-heal|p2a: Jirachi|78/100 brn|[from] move: Wish|[wisher] Jirachi
|-heal|p1a: Sam|53/100 brn|[from] item: Leftovers
|-damage|p2a: Jirachi|65/100 brn|[from] Leech Seed|[of] p1a: Sam
|-heal|p1a: Sam|64/100 brn|[silent]
|-damage|p2a: Jirachi|59/100 brn|[from] brn
|-damage|p1a: Sam|58/100 brn|[from] brn
|upkeep
|turn|75
|
|t:|1641813006
|move|p2a: Jirachi|Wish|p2a: Jirachi
|move|p1a: Sam|Scald|p2a: Jirachi
|-damage|p2a: Jirachi|53/100 brn
|
|-heal|p1a: Sam|64/100 brn|[from] item: Leftovers
|-damage|p2a: Jirachi|40/100 brn|[from] Leech Seed|[of] p1a: Sam
|-heal|p1a: Sam|75/100 brn|[silent]
|-damage|p2a: Jirachi|34/100 brn|[from] brn
|-damage|p1a: Sam|69/100 brn|[from] brn
|upkeep
|turn|76
|c|☆LT71LX Allistair|sigh
|
|t:|1641813015
|move|p1a: Sam|Protect|p1a: Sam
|-singleturn|p1a: Sam|Protect
|move|p2a: Jirachi|Aura Sphere|p1a: Sam
|-activate|p1a: Sam|move: Protect
|
|-heal|p2a: Jirachi|84/100 brn|[from] move: Wish|[wisher] Jirachi
|-heal|p1a: Sam|75/100 brn|[from] item: Leftovers
|-damage|p2a: Jirachi|72/100 brn|[from] Leech Seed|[of] p1a: Sam
|-heal|p1a: Sam|85/100 brn|[silent]
|-damage|p2a: Jirachi|66/100 brn|[from] brn
|-damage|p1a: Sam|79/100 brn|[from] brn
|upkeep
|turn|77
|c|☆LT71LX Allistair|wp but so annoying
|l| Maclura
|c|☆Roman2112|gg
|c|☆Roman2112|was my play
|j| Maclura
|-message|LT71LX Allistair forfeited.
|
|win|Roman2112
|raw|Roman2112's rating: 1763 &rarr; <strong>1779</strong><br />(+16 for winning)
|raw|LT71LX Allistair's rating: 1689 &rarr; <strong>1673</strong><br />(-16 for losing)
|l|☆LT71LX Allistair
|l| Maclura
