|j|☆CrovaxCross
|j|☆zzxg
|t:|1641828018
|gametype|singles
|player|p1|CrovaxCross|101|1000
|player|p2|zzxg|sailor|1034
|teamsize|p1|6
|teamsize|p2|6
|gen|8
|tier|[Gen 8] OU
|rated|
|rule|Sleep Clause Mod: Limit one foe put to sleep
|rule|Species Clause: Limit one of each Pokémon
|rule|OHKO Clause: OHKO moves are banned
|rule|Evasion Moves Clause: Evasion moves are banned
|rule|Endless Battle Clause: Forcing endless battles is banned
|rule|HP Percentage Mod: HP is shown in percentages
|rule|Dynamax Clause: You cannot dynamax
|clearpoke
|poke|p1|Ferrothorn, M|
|poke|p1|Bisharp, F|
|poke|p1|Dragonite, F|
|poke|p1|Ninetales, M|
|poke|p1|Volcarona, F|
|poke|p1|Chansey, F|
|poke|p2|Conkeldurr, M|
|poke|p2|Excadrill, M|
|poke|p2|Rillaboom, M|
|poke|p2|Tyranitar, M|
|poke|p2|Togekiss, F|
|poke|p2|Landorus-Therian, M|
|teampreview
|
|t:|1641828040
|start
|switch|p1a: Ferrothorn|Ferrothorn, M|100/100
|switch|p2a: 民工|Conkeldurr, M|100/100
|turn|1
|
|t:|1641828054
|switch|p2a: 波克飞机|Togekiss, F, shiny|100/100
|move|p1a: Ferrothorn|Stealth Rock|p2a: 波克飞机
|-sidestart|p2: zzxg|move: Stealth Rock
|
|upkeep
|turn|2
|
|t:|1641828061
|move|p2a: 波克飞机|Flamethrower|p1a: Ferrothorn
|-supereffective|p1a: Ferrothorn
|-damage|p1a: Ferrothorn|0 fnt
|faint|p1a: Ferrothorn
|-damage|p2a: 波克飞机|91/100|[from] item: Life Orb
|
|upkeep
|
|t:|1641828081
|switch|p1a: Chansey|Chansey, F|100/100
|turn|3
|
|t:|1641828089
|switch|p2a: 民工|Conkeldurr, M|100/100
|-damage|p2a: 民工|94/100|[from] Stealth Rock
|move|p1a: Chansey|Toxic|p2a: 民工
|-status|p2a: 民工|tox
|
|-damage|p2a: 民工|88/100 tox|[from] psn
|upkeep
|turn|4
|
|t:|1641828098
|move|p1a: Chansey|Protect|p1a: Chansey
|-singleturn|p1a: Chansey|Protect
|move|p2a: 民工|Close Combat|p1a: Chansey
|-activate|p1a: Chansey|move: Protect
|
|-damage|p2a: 民工|76/100 tox|[from] psn
|upkeep
|turn|5
|
|t:|1641828110
|switch|p1a: Dragonite|Dragonite, F|100/100
|move|p2a: 民工|Close Combat|p1a: Dragonite
|-resisted|p1a: Dragonite
|-damage|p1a: Dragonite|70/100
|-unboost|p2a: 民工|def|1
|-unboost|p2a: 民工|spd|1
|
|-damage|p2a: 民工|58/100 tox|[from] psn
|upkeep
|turn|6
|
|t:|1641828123
|move|p1a: Dragonite|Dragon Dance|p1a: Dragonite
|-boost|p1a: Dragonite|atk|1
|-boost|p1a: Dragonite|spe|1
|move|p2a: 民工|Ice Punch|p1a: Dragonite
|-supereffective|p1a: Dragonite
|-damage|p1a: Dragonite|0 fnt
|faint|p1a: Dragonite
|
|-damage|p2a: 民工|34/100 tox|[from] psn
|upkeep
|
|t:|1641828131
|switch|p1a: Chansey|Chansey, F|100/100
|turn|7
|
|t:|1641828135
|move|p1a: Chansey|Protect|p1a: Chansey
|-singleturn|p1a: Chansey|Protect
|move|p2a: 民工|Close Combat|p1a: Chansey
|-activate|p1a: Chansey|move: Protect
|
|-damage|p2a: 民工|4/100 tox|[from] psn
|upkeep
|turn|8
|
|t:|1641828146
|move|p1a: Chansey|Soft-Boiled||[still]
|-fail|p1a: Chansey|heal
|move|p2a: 民工|Close Combat|p1a: Chansey
|-supereffective|p1a: Chansey
|-damage|p1a: Chansey|0 fnt
|-unboost|p2a: 民工|def|1
|-unboost|p2a: 民工|spd|1
|faint|p1a: Chansey
|
|-damage|p2a: 民工|0 fnt|[from] psn
|faint|p2a: 民工
|upkeep
|inactive|Battle timer is ON: inactive players will automatically lose when time's up. (requested by CrovaxCross)
|
|t:|1641828165
|switch|p1a: Bisharp|Bisharp, F, shiny|100/100
|switch|p2a: 波克飞机|Togekiss, F, shiny|91/100
|-damage|p2a: 波克飞机|66/100|[from] Stealth Rock
|turn|9
|
|t:|1641828175
|switch|p2a: 鼠头地龙|Excadrill, M, shiny|100/100
|-damage|p2a: 鼠头地龙|97/100|[from] Stealth Rock
|move|p1a: Bisharp|Swords Dance|p1a: Bisharp
|-boost|p1a: Bisharp|atk|2
|
|upkeep
|turn|10
|
|t:|1641828185
|move|p2a: 鼠头地龙|Earthquake|p1a: Bisharp
|-supereffective|p1a: Bisharp
|-enditem|p1a: Bisharp|Focus Sash
|-damage|p1a: Bisharp|1/100
|move|p1a: Bisharp|Swords Dance|p1a: Bisharp
|-boost|p1a: Bisharp|atk|2
|
|upkeep
|turn|11
|
|t:|1641828192
|move|p1a: Bisharp|Sucker Punch|p2a: 鼠头地龙
|-damage|p2a: 鼠头地龙|0 fnt
|faint|p2a: 鼠头地龙
|
|upkeep
|
|t:|1641828202
|switch|p2a: 卡噗猩猩|Rillaboom, M|100/100
|-damage|p2a: 卡噗猩猩|88/100|[from] Stealth Rock
|-fieldstart|move: Grassy Terrain|[from] ability: Grassy Surge|[of] p2a: 卡噗猩猩
|turn|12
|
|t:|1641828209
|move|p2a: 卡噗猩猩|Grassy Glide|p1a: Bisharp
|-resisted|p1a: Bisharp
|-damage|p1a: Bisharp|0 fnt
|faint|p1a: Bisharp
|
|-heal|p2a: 卡噗猩猩|94/100|[from] Grassy Terrain
|upkeep
|
|t:|1641828217
|switch|p1a: Ninetales|Ninetales, M, shiny|100/100
|-weather|SunnyDay|[from] ability: Drought|[of] p1a: Ninetales
|-item|p1a: Ninetales|Air Balloon
|turn|13
|
|t:|1641828225
|move|p1a: Ninetales|Will-O-Wisp|p2a: 卡噗猩猩|[miss]
|-miss|p1a: Ninetales|p2a: 卡噗猩猩
|move|p2a: 卡噗猩猩|Acrobatics|p1a: Ninetales
|-damage|p1a: Ninetales|41/100
|-enditem|p1a: Ninetales|Air Balloon
|
|-weather|SunnyDay|[upkeep]
|-heal|p1a: Ninetales|47/100|[from] Grassy Terrain
|-heal|p2a: 卡噗猩猩|100/100|[from] Grassy Terrain
|upkeep
|turn|14
|
|t:|1641828240
|move|p1a: Ninetales|Fire Blast|p2a: 卡噗猩猩
|-supereffective|p2a: 卡噗猩猩
|-damage|p2a: 卡噗猩猩|0 fnt
|faint|p2a: 卡噗猩猩
|
|-weather|SunnyDay|[upkeep]
|-heal|p1a: Ninetales|53/100|[from] Grassy Terrain
|upkeep
|
|t:|1641828247
|switch|p2a: Landorus|Landorus-Therian, M|100/100
|-damage|p2a: Landorus|88/100|[from] Stealth Rock
|-ability|p2a: Landorus|Intimidate|boost
|-unboost|p1a: Ninetales|atk|1
|turn|15
|
|t:|1641828255
|move|p1a: Ninetales|Will-O-Wisp|p2a: Landorus
|-status|p2a: Landorus|brn
|move|p2a: Landorus|Earthquake|p1a: Ninetales
|-supereffective|p1a: Ninetales
|-damage|p1a: Ninetales|9/100
|
|-weather|SunnyDay|[upkeep]
|-heal|p1a: Ninetales|15/100|[from] Grassy Terrain
|-heal|p2a: Landorus|94/100 brn|[from] item: Leftovers
|-damage|p2a: Landorus|88/100 brn|[from] brn
|upkeep
|turn|16
|
|t:|1641828270
|move|p1a: Ninetales|Solar Beam||[still]
|-prepare|p1a: Ninetales|Solar Beam
|-anim|p1a: Ninetales|Solar Beam|p2a: Landorus
|-damage|p2a: Landorus|35/100 brn
|move|p2a: Landorus|Earthquake|p1a: Ninetales
|-supereffective|p1a: Ninetales
|-damage|p1a: Ninetales|0 fnt
|faint|p1a: Ninetales
|
|-weather|SunnyDay|[upkeep]
|-heal|p2a: Landorus|41/100 brn|[from] item: Leftovers
|-damage|p2a: Landorus|35/100 brn|[from] brn
|-fieldend|move: Grassy Terrain
|upkeep
|
|t:|1641828281
|switch|p1a: Volcarona|Volcarona, F|100/100
|turn|17
|
|t:|1641828294
|move|p1a: Volcarona|Quiver Dance|p1a: Volcarona
|-boost|p1a: Volcarona|spa|1
|-boost|p1a: Volcarona|spd|1
|-boost|p1a: Volcarona|spe|1
|move|p2a: Landorus|Stone Edge|p1a: Volcarona
|-supereffective|p1a: Volcarona
|-damage|p1a: Volcarona|0 fnt
|faint|p1a: Volcarona
|
|win|zzxg
|raw|CrovaxCross's rating: 1000 &rarr; <strong>1000</strong><br />(+0 for losing)
|raw|zzxg's rating: 1034 &rarr; <strong>1065</strong><br />(+31 for winning)
|l|☆CrovaxCross
