|j|☆jbox11
|j|☆songlindagg
|t:|1641884035
|gametype|singles
|player|p1|jbox11|backers|1380
|player|p2|songlindagg|beauty-gen4dp|1407
|teamsize|p1|6
|teamsize|p2|6
|gen|8
|tier|[Gen 8] OU
|rated|
|rule|Sleep Clause Mod: Limit one foe put to sleep
|rule|Species Clause: Limit one of each Pokémon
|rule|OHKO Clause: OHKO moves are banned
|rule|Evasion Moves Clause: Evasion moves are banned
|rule|Endless Battle Clause: Forcing endless battles is banned
|rule|HP Percentage Mod: HP is shown in percentages
|rule|Dynamax Clause: You cannot dynamax
|clearpoke
|poke|p1|Zapdos-Galar|
|poke|p1|Blissey, F|
|poke|p1|Melmetal|
|poke|p1|Garchomp, F|
|poke|p1|Venusaur, M|
|poke|p1|Urshifu-*, F|
|poke|p2|Ninetales-Alola, F|
|poke|p2|Arctozolt|
|poke|p2|Nidoqueen, F|
|poke|p2|Clefable, F|
|poke|p2|Zapdos|
|poke|p2|Blissey, F|
|teampreview
|inactive|Battle timer is ON: inactive players will automatically lose when time's up. (requested by songlindagg)
|
|t:|1641884060
|start
|switch|p1a: Melmetal|Melmetal|100/100
|switch|p2a: Clefable|Clefable, F|100/100
|turn|1
|
|t:|1641884067
|switch|p2a: Zapdos|Zapdos|100/100
|move|p1a: Melmetal|Double Iron Bash|p2a: Zapdos
|-resisted|p2a: Zapdos
|-damage|p2a: Zapdos|79/100
|-resisted|p2a: Zapdos
|-damage|p2a: Zapdos|60/100
|-hitcount|p2a: Zapdos|2
|
|upkeep
|turn|2
|
|t:|1641884077
|move|p2a: Zapdos|Roost|p2a: Zapdos
|-heal|p2a: Zapdos|100/100
|-singleturn|p2a: Zapdos|move: Roost
|move|p1a: Melmetal|Ice Punch|p2a: Zapdos
|-damage|p2a: Zapdos|62/100
|
|upkeep
|turn|3
|
|t:|1641884088
|switch|p1a: Garchomp|Garchomp, F|100/100
|move|p2a: Zapdos|Volt Switch|p1a: Garchomp
|-immune|p1a: Garchomp
|
|upkeep
|turn|4
|
|t:|1641884094
|move|p1a: Garchomp|Swords Dance|p1a: Garchomp
|-boost|p1a: Garchomp|atk|2
|move|p2a: Zapdos|Roost|p2a: Zapdos
|-heal|p2a: Zapdos|100/100
|-singleturn|p2a: Zapdos|move: Roost
|
|upkeep
|turn|5
|
|t:|1641884102
|switch|p2a: Clefable|Clefable, F|100/100
|move|p1a: Garchomp|Scale Shot|p2a: Clefable
|-immune|p2a: Clefable
|
|upkeep
|turn|6
|
|t:|1641884108
|move|p1a: Garchomp|Earthquake|p2a: Clefable
|-crit|p2a: Clefable
|-damage|p2a: Clefable|17/100
|-damage|p1a: Garchomp|91/100|[from] item: Life Orb
|move|p2a: Clefable|Stealth Rock|p1a: Garchomp
|-sidestart|p1: jbox11|move: Stealth Rock
|
|-heal|p2a: Clefable|23/100|[from] item: Leftovers
|upkeep
|turn|7
|
|t:|1641884137
|switch|p2a: Zapdos|Zapdos|100/100
|move|p1a: Garchomp|Earthquake|p2a: Zapdos
|-immune|p2a: Zapdos
|
|upkeep
|turn|8
|
|t:|1641884143
|switch|p2a: Ninetales|Ninetales-Alola, F|100/100
|-weather|Hail|[from] ability: Snow Warning|[of] p2a: Ninetales
|move|p1a: Garchomp|Scale Shot|p2a: Ninetales
|-immune|p2a: Ninetales
|
|-weather|Hail|[upkeep]
|-damage|p1a: Garchomp|85/100|[from] Hail
|upkeep
|turn|9
|
|t:|1641884153
|switch|p1a: Melmetal|Melmetal|100/100
|-damage|p1a: Melmetal|94/100|[from] Stealth Rock
|move|p2a: Ninetales|Freeze-Dry|p1a: Melmetal
|-resisted|p1a: Melmetal
|-damage|p1a: Melmetal|85/100
|
|-weather|Hail|[upkeep]
|-damage|p1a: Melmetal|79/100|[from] Hail
|-heal|p1a: Melmetal|85/100|[from] item: Leftovers
|upkeep
|turn|10
|
|t:|1641884168
|switch|p2a: Zapdos|Zapdos|100/100
|move|p1a: Melmetal|Ice Punch|p2a: Zapdos
|-supereffective|p2a: Zapdos
|-damage|p2a: Zapdos|31/100
|
|-weather|Hail|[upkeep]
|-damage|p2a: Zapdos|25/100|[from] Hail
|-damage|p1a: Melmetal|79/100|[from] Hail
|-heal|p1a: Melmetal|85/100|[from] item: Leftovers
|upkeep
|turn|11
|
|t:|1641884179
|move|p2a: Zapdos|Volt Switch|p1a: Melmetal
|-damage|p1a: Melmetal|47/100
|
|t:|1641884186
|switch|p2a: Nidoqueen|Nidoqueen, F|100/100|[from]move: Volt Switch
|move|p1a: Melmetal|Ice Punch|p2a: Nidoqueen
|-supereffective|p2a: Nidoqueen
|-damage|p2a: Nidoqueen|10/100
|
|-weather|Hail|[upkeep]
|-damage|p2a: Nidoqueen|4/100|[from] Hail
|-damage|p1a: Melmetal|41/100|[from] Hail
|-heal|p1a: Melmetal|47/100|[from] item: Leftovers
|upkeep
|turn|12
|
|t:|1641884200
|switch|p2a: Arctozolt|Arctozolt|100/100
|switch|p1a: Zapdos|Zapdos-Galar|100/100
|-damage|p1a: Zapdos|88/100|[from] Stealth Rock
|
|-weather|Hail|[upkeep]
|-damage|p1a: Zapdos|82/100|[from] Hail
|upkeep
|turn|13
|
|t:|1641884208
|switch|p1a: Blissey|Blissey, F, shiny|100/100
|-damage|p1a: Blissey|88/100|[from] Stealth Rock
|move|p2a: Arctozolt|Bolt Beak|p1a: Blissey
|-damage|p1a: Blissey|26/100
|
|-weather|Hail|[upkeep]
|-damage|p1a: Blissey|20/100|[from] Hail
|-heal|p1a: Blissey|26/100|[from] item: Leftovers
|upkeep
|turn|14
|
|t:|1641884220
|switch|p1a: Venusaur|Venusaur, M|100/100
|-damage|p1a: Venusaur|88/100|[from] Stealth Rock
|move|p2a: Arctozolt|Substitute|p2a: Arctozolt
|-start|p2a: Arctozolt|Substitute
|-damage|p2a: Arctozolt|76/100
|
|-weather|Hail|[upkeep]
|-damage|p1a: Venusaur|82/100|[from] Hail
|-heal|p1a: Venusaur|88/100|[from] item: Black Sludge
|upkeep
|turn|15
|
|t:|1641884229
|move|p1a: Venusaur|Protect|p1a: Venusaur
|-singleturn|p1a: Venusaur|Protect
|move|p2a: Arctozolt|Blizzard|p1a: Venusaur
|-activate|p1a: Venusaur|move: Protect
|
|-weather|none
|-heal|p1a: Venusaur|94/100|[from] item: Black Sludge
|upkeep
|turn|16
|
|t:|1641884238
|move|p2a: Arctozolt|Bolt Beak|p1a: Venusaur
|-resisted|p1a: Venusaur
|-crit|p1a: Venusaur
|-damage|p1a: Venusaur|29/100
|move|p1a: Venusaur|Sludge Bomb|p2a: Arctozolt
|-end|p2a: Arctozolt|Substitute
|
|-heal|p1a: Venusaur|35/100|[from] item: Black Sludge
|upkeep
|turn|17
|
|t:|1641884247
|move|p1a: Venusaur|Protect|p1a: Venusaur
|-singleturn|p1a: Venusaur|Protect
|move|p2a: Arctozolt|Substitute|p2a: Arctozolt
|-start|p2a: Arctozolt|Substitute
|-damage|p2a: Arctozolt|51/100
|
|-heal|p1a: Venusaur|41/100|[from] item: Black Sludge
|upkeep
|turn|18
|
|t:|1641884251
|move|p2a: Arctozolt|Bolt Beak|p1a: Venusaur
|-resisted|p1a: Venusaur
|-damage|p1a: Venusaur|0 fnt
|faint|p1a: Venusaur
|
|upkeep
|
|t:|1641884259
|switch|p1a: Urshifu|Urshifu-Rapid-Strike, F|100/100
|-damage|p1a: Urshifu|94/100|[from] Stealth Rock
|turn|19
|
|t:|1641884274
|switch|p2a: Ninetales|Ninetales-Alola, F|100/100
|-weather|Hail|[from] ability: Snow Warning|[of] p2a: Ninetales
|move|p1a: Urshifu|Surging Strikes|p2a: Ninetales
|-crit|p2a: Ninetales
|-damage|p2a: Ninetales|76/100
|-crit|p2a: Ninetales
|-damage|p2a: Ninetales|48/100
|-crit|p2a: Ninetales
|-damage|p2a: Ninetales|21/100
|-hitcount|p2a: Ninetales|3
|
|-weather|Hail|[upkeep]
|-damage|p1a: Urshifu|88/100|[from] Hail
|upkeep
|turn|20
|
|t:|1641884286
|move|p1a: Urshifu|Surging Strikes|p2a: Ninetales
|-crit|p2a: Ninetales
|-damage|p2a: Ninetales|0 fnt
|faint|p2a: Ninetales
|-hitcount|p2: Ninetales|1
|
|-weather|Hail|[upkeep]
|-damage|p1a: Urshifu|82/100|[from] Hail
|upkeep
|
|t:|1641884290
|switch|p2a: Arctozolt|Arctozolt|51/100
|turn|21
|
|t:|1641884300
|switch|p1a: Garchomp|Garchomp, F|85/100
|-damage|p1a: Garchomp|78/100|[from] Stealth Rock
|move|p2a: Arctozolt|Bolt Beak|p1a: Garchomp
|-immune|p1a: Garchomp
|
|-weather|Hail|[upkeep]
|-damage|p1a: Garchomp|72/100|[from] Hail
|upkeep
|turn|22
|
|t:|1641884309
|switch|p1a: Blissey|Blissey, F, shiny|26/100
|-damage|p1a: Blissey|13/100|[from] Stealth Rock
|move|p2a: Arctozolt|Blizzard|p1a: Blissey
|-damage|p1a: Blissey|0 fnt
|faint|p1a: Blissey
|
|-weather|Hail|[upkeep]
|upkeep
|
|t:|1641884323
|switch|p1a: Melmetal|Melmetal|47/100
|-damage|p1a: Melmetal|41/100|[from] Stealth Rock
|turn|23
|
|t:|1641884327
|move|p2a: Arctozolt|Bolt Beak|p1a: Melmetal
|-damage|p1a: Melmetal|0 fnt
|faint|p1a: Melmetal
|
|-weather|Hail|[upkeep]
|upkeep
|
|t:|1641884356
|switch|p1a: Urshifu|Urshifu-Rapid-Strike, F|82/100
|-damage|p1a: Urshifu|76/100|[from] Stealth Rock
|turn|24
|
|t:|1641884361
|switch|p1a: Garchomp|Garchomp, F|72/100
|-damage|p1a: Garchomp|66/100|[from] Stealth Rock
|move|p2a: Arctozolt|Bolt Beak|p1a: Garchomp
|-immune|p1a: Garchomp
|
|-weather|Hail|[upkeep]
|-damage|p1a: Garchomp|60/100|[from] Hail
|upkeep
|turn|25
|
|t:|1641884376
|switch|p1a: Urshifu|Urshifu-Rapid-Strike, F|76/100
|-damage|p1a: Urshifu|70/100|[from] Stealth Rock
|move|p2a: Arctozolt|Blizzard|p1a: Urshifu
|-resisted|p1a: Urshifu
|-damage|p1a: Urshifu|43/100
|
|-weather|Hail|[upkeep]
|-damage|p1a: Urshifu|37/100|[from] Hail
|upkeep
|turn|26
|
|t:|1641884387
|switch|p1a: Garchomp|Garchomp, F|60/100
|-damage|p1a: Garchomp|54/100|[from] Stealth Rock
|move|p2a: Arctozolt|Blizzard|p1a: Garchomp
|-supereffective|p1a: Garchomp
|-damage|p1a: Garchomp|0 fnt
|faint|p1a: Garchomp
|
|-weather|none
|upkeep
|
|t:|1641884398
|switch|p1a: Urshifu|Urshifu-Rapid-Strike, F|37/100
|-damage|p1a: Urshifu|31/100|[from] Stealth Rock
|turn|27
|
|t:|1641884413
|move|p1a: Urshifu|Surging Strikes|p2a: Arctozolt
|-crit|p2a: Arctozolt
|-damage|p2a: Arctozolt|24/100
|-crit|p2a: Arctozolt
|-damage|p2a: Arctozolt|0 fnt
|faint|p2a: Arctozolt
|-hitcount|p2: Arctozolt|2
|
|upkeep
|
|t:|1641884419
|switch|p2a: Blissey|Blissey, F|100/100
|turn|28
|
|t:|1641884432
|move|p1a: Urshifu|Surging Strikes|p2a: Blissey
|-crit|p2a: Blissey
|-damage|p2a: Blissey|81/100
|-crit|p2a: Blissey
|-damage|p2a: Blissey|62/100
|-crit|p2a: Blissey
|-damage|p2a: Blissey|44/100
|-hitcount|p2a: Blissey|3
|move|p2a: Blissey|Flamethrower|p1a: Urshifu
|-resisted|p1a: Urshifu
|-damage|p1a: Urshifu|19/100
|
|-heal|p2a: Blissey|50/100|[from] item: Leftovers
|upkeep
|turn|29
|
|t:|1641884445
|move|p1a: Urshifu|Surging Strikes|p2a: Blissey
|-crit|p2a: Blissey
|-damage|p2a: Blissey|33/100
|-crit|p2a: Blissey
|-damage|p2a: Blissey|14/100
|-crit|p2a: Blissey
|-damage|p2a: Blissey|0 fnt
|faint|p2a: Blissey
|-hitcount|p2: Blissey|3
|
|upkeep
|
|t:|1641884450
|switch|p2a: Clefable|Clefable, F|23/100
|turn|30
|
|t:|1641884454
|move|p1a: Urshifu|Surging Strikes|p2a: Clefable
|-crit|p2a: Clefable
|-damage|p2a: Clefable|6/100
|-crit|p2a: Clefable
|-damage|p2a: Clefable|0 fnt
|faint|p2a: Clefable
|-hitcount|p2: Clefable|2
|
|upkeep
|
|t:|1641884457
|switch|p2a: Zapdos|Zapdos|25/100
|turn|31
|
|t:|1641884463
|move|p1a: Urshifu|Surging Strikes|p2a: Zapdos
|-crit|p2a: Zapdos
|-damage|p2a: Zapdos|2/100
|-crit|p2a: Zapdos
|-damage|p2a: Zapdos|0 fnt
|faint|p2a: Zapdos
|-hitcount|p2: Zapdos|2
|
|upkeep
|-message|songlindagg forfeited.
|
|win|jbox11
|raw|jbox11's rating: 1380 &rarr; <strong>1402</strong><br />(+22 for winning)
|raw|songlindagg's rating: 1407 &rarr; <strong>1385</strong><br />(-22 for losing)
|l|☆songlindagg
