|j|☆It'sSpookyTime
|j|☆Igueulasse
|t:|1641830973
|gametype|singles
|player|p1|It'sSpookyTime|acerola|1262
|player|p2|Igueulasse|rood|1248
|teamsize|p1|6
|teamsize|p2|6
|gen|8
|tier|[Gen 8] OU
|rated|
|rule|Sleep Clause Mod: Limit one foe put to sleep
|rule|Species Clause: Limit one of each Pokémon
|rule|OHKO Clause: OHKO moves are banned
|rule|Evasion Moves Clause: Evasion moves are banned
|rule|Endless Battle Clause: Forcing endless battles is banned
|rule|HP Percentage Mod: HP is shown in percentages
|rule|Dynamax Clause: You cannot dynamax
|clearpoke
|poke|p1|Gengar, M|
|poke|p1|Sableye, M|
|poke|p1|Froslass, F|
|poke|p1|Mimikyu, F|
|poke|p1|Dragapult, M|
|poke|p1|Golurk|
|poke|p2|Turtonator, F|
|poke|p2|Porygon2|
|poke|p2|Greedent, M|
|poke|p2|Dusknoir, M|
|poke|p2|Garchomp, F|
|poke|p2|Barraskewda, F|
|teampreview
|
|t:|1641830976
|start
|switch|p1a: Froslass|Froslass, F|100/100
|switch|p2a: Dusknoir|Dusknoir, M|100/100
|-ability|p2a: Dusknoir|Pressure
|turn|1
|
|t:|1641830984
|move|p1a: Froslass|Spikes|p2a: Dusknoir
|-sidestart|p2: Igueulasse|Spikes
|move|p2a: Dusknoir|Substitute|p2a: Dusknoir
|-start|p2a: Dusknoir|Substitute
|-damage|p2a: Dusknoir|76/100
|
|-heal|p2a: Dusknoir|82/100|[from] item: Leftovers
|upkeep
|turn|2
|
|t:|1641830994
|move|p1a: Froslass|Poltergeist|p2a: Dusknoir
|-activate|p2a: Dusknoir|move: Poltergeist|Leftovers
|-supereffective|p2a: Dusknoir
|-end|p2a: Dusknoir|Substitute
|move|p2a: Dusknoir|Curse|p1a: Froslass
|-start|p1a: Froslass|Curse|[of] p2a: Dusknoir
|-damage|p2a: Dusknoir|32/100
|
|-heal|p2a: Dusknoir|38/100|[from] item: Leftovers
|-damage|p1a: Froslass|76/100|[from] Curse
|upkeep
|turn|3
|
|t:|1641831007
|move|p1a: Froslass|Poltergeist|p2a: Dusknoir|[miss]
|-miss|p1a: Froslass|p2a: Dusknoir
|move|p2a: Dusknoir|Rest|p2a: Dusknoir
|-status|p2a: Dusknoir|slp|[from] move: Rest
|-heal|p2a: Dusknoir|100/100 slp|[silent]
|
|-damage|p1a: Froslass|51/100|[from] Curse
|upkeep
|turn|4
|
|t:|1641831020
|move|p1a: Froslass|Poltergeist|p2a: Dusknoir
|-activate|p2a: Dusknoir|move: Poltergeist|Leftovers
|-supereffective|p2a: Dusknoir
|-damage|p2a: Dusknoir|39/100 slp
|cant|p2a: Dusknoir|slp
|
|-heal|p2a: Dusknoir|45/100 slp|[from] item: Leftovers
|-damage|p1a: Froslass|26/100|[from] Curse
|upkeep
|turn|5
|
|t:|1641831032
|move|p1a: Froslass|Poltergeist|p2a: Dusknoir
|-activate|p2a: Dusknoir|move: Poltergeist|Leftovers
|-supereffective|p2a: Dusknoir
|-damage|p2a: Dusknoir|0 fnt
|faint|p2a: Dusknoir
|
|-damage|p1a: Froslass|1/100|[from] Curse
|upkeep
|
|t:|1641831044
|switch|p2a: Porygon2|Porygon2|100/100
|-damage|p2a: Porygon2|88/100|[from] Spikes
|-ability|p2a: Porygon2|Download|boost
|-boost|p2a: Porygon2|atk|1
|turn|6
|
|t:|1641831054
|move|p1a: Froslass|Destiny Bond|p1a: Froslass
|-singlemove|p1a: Froslass|Destiny Bond
|move|p2a: Porygon2|Shadow Ball|p1a: Froslass
|-supereffective|p1a: Froslass
|-damage|p1a: Froslass|0 fnt
|faint|p1a: Froslass
|-activate|p1a: Froslass|move: Destiny Bond
|faint|p2a: Porygon2
|
|upkeep
|
|t:|1641831066
|switch|p1a: Sableye|Sableye, M|100/100
|switch|p2a: Greedent|Greedent, M|100/100
|-damage|p2a: Greedent|88/100|[from] Spikes
|turn|7
|
|t:|1641831074
|move|p1a: Sableye|Will-O-Wisp|p2a: Greedent
|-status|p2a: Greedent|brn
|move|p2a: Greedent|Crunch|p1a: Sableye
|-damage|p1a: Sableye|88/100
|
|-heal|p1a: Sableye|94/100|[from] item: Leftovers
|-damage|p2a: Greedent|82/100 brn|[from] brn
|upkeep
|turn|8
|
|t:|1641831085
|move|p1a: Sableye|Foul Play|p2a: Greedent
|-damage|p2a: Greedent|44/100 brn
|-enditem|p2a: Greedent|Sitrus Berry|[eat]
|-heal|p2a: Greedent|69/100 brn|[from] item: Sitrus Berry
|-heal|p2a: Greedent|100/100 brn|[from] ability: Cheek Pouch
|move|p2a: Greedent|Belly Drum|p2a: Greedent
|-damage|p2a: Greedent|50/100 brn
|-setboost|p2a: Greedent|atk|6|[from] move: Belly Drum
|
|-heal|p1a: Sableye|100/100|[from] item: Leftovers
|-damage|p2a: Greedent|44/100 brn|[from] brn
|upkeep
|turn|9
|
|t:|1641831100
|move|p1a: Sableye|Encore|p2a: Greedent
|-start|p2a: Greedent|Encore
|move|p2a: Greedent|Belly Drum||[still]
|-fail|p2a: Greedent
|
|-damage|p2a: Greedent|38/100 brn|[from] brn
|upkeep
|turn|10
|
|t:|1641831110
|switch|p2a: Turtonator|Turtonator, F|100/100
|-damage|p2a: Turtonator|88/100|[from] Spikes
|move|p1a: Sableye|Foul Play|p2a: Turtonator
|-damage|p2a: Turtonator|69/100
|
|-heal|p2a: Turtonator|76/100|[from] item: Leftovers
|upkeep
|turn|11
|
|t:|1641831123
|switch|p1a: Golurk|Golurk|100/100
|move|p2a: Turtonator|Flash Cannon|p1a: Golurk
|-damage|p1a: Golurk|73/100
|
|-heal|p2a: Turtonator|82/100|[from] item: Leftovers
|upkeep
|turn|12
|
|t:|1641831135
|switch|p2a: Greedent|Greedent, M|38/100 brn
|-damage|p2a: Greedent|26/100 brn|[from] Spikes
|move|p1a: Golurk|Earthquake|p2a: Greedent
|-damage|p2a: Greedent|0 fnt
|faint|p2a: Greedent
|
|upkeep
|
|t:|1641831144
|switch|p2a: Barraskewda|Barraskewda, F|100/100
|-damage|p2a: Barraskewda|88/100|[from] Spikes
|turn|13
|
|t:|1641831156
|switch|p1a: Sableye|Sableye, M|100/100
|move|p2a: Barraskewda|Ice Fang|p1a: Sableye
|-damage|p1a: Sableye|66/100
|-status|p1a: Sableye|frz
|
|-heal|p1a: Sableye|72/100 frz|[from] item: Leftovers
|upkeep
|turn|14
|
|t:|1641831166
|cant|p1a: Sableye|frz
|move|p2a: Barraskewda|Ice Fang|p1a: Sableye
|-damage|p1a: Sableye|42/100 frz
|
|-heal|p1a: Sableye|48/100 frz|[from] item: Leftovers
|upkeep
|turn|15
|
|t:|1641831176
|switch|p2a: Turtonator|Turtonator, F|82/100
|-damage|p2a: Turtonator|69/100|[from] Spikes
|cant|p1a: Sableye|frz
|
|-heal|p2a: Turtonator|76/100|[from] item: Leftovers
|-heal|p1a: Sableye|54/100 frz|[from] item: Leftovers
|upkeep
|turn|16
|
|t:|1641831186
|-curestatus|p1a: Sableye|frz|[msg]
|move|p1a: Sableye|Recover|p1a: Sableye
|-heal|p1a: Sableye|100/100
|move|p2a: Turtonator|Shell Smash|p2a: Turtonator
|-unboost|p2a: Turtonator|def|1
|-unboost|p2a: Turtonator|spd|1
|-boost|p2a: Turtonator|atk|2
|-boost|p2a: Turtonator|spa|2
|-boost|p2a: Turtonator|spe|2
|
|-heal|p2a: Turtonator|82/100|[from] item: Leftovers
|upkeep
|turn|17
|
|t:|1641831200
|switch|p2a: Barraskewda|Barraskewda, F|88/100
|-damage|p2a: Barraskewda|76/100|[from] Spikes
|move|p1a: Sableye|Encore||[still]
|-fail|p1a: Sableye
|
|upkeep
|turn|18
|
|t:|1641831209
|move|p1a: Sableye|Will-O-Wisp|p2a: Barraskewda
|-status|p2a: Barraskewda|brn
|move|p2a: Barraskewda|Liquidation|p1a: Sableye
|-damage|p1a: Sableye|71/100
|
|-heal|p1a: Sableye|77/100|[from] item: Leftovers
|-damage|p2a: Barraskewda|70/100 brn|[from] brn
|upkeep
|turn|19
|
|t:|1641831219
|move|p2a: Barraskewda|Liquidation|p1a: Sableye
|-damage|p1a: Sableye|47/100
|-unboost|p1a: Sableye|def|1
|move|p1a: Sableye|Foul Play|p2a: Barraskewda
|-damage|p2a: Barraskewda|0 fnt
|faint|p2a: Barraskewda
|
|-heal|p1a: Sableye|53/100|[from] item: Leftovers
|upkeep
|
|t:|1641831230
|switch|p2a: Garchomp|Garchomp, F|100/100
|-damage|p2a: Garchomp|88/100|[from] Spikes
|turn|20
|
|t:|1641831236
|move|p1a: Sableye|Will-O-Wisp|p2a: Garchomp
|-status|p2a: Garchomp|brn
|move|p2a: Garchomp|Earthquake|p1a: Sableye
|-damage|p1a: Sableye|22/100
|
|-heal|p1a: Sableye|28/100|[from] item: Leftovers
|-damage|p2a: Garchomp|82/100 brn|[from] brn
|upkeep
|turn|21
|
|t:|1641831246
|move|p1a: Sableye|Recover|p1a: Sableye
|-heal|p1a: Sableye|78/100
|move|p2a: Garchomp|Rest|p2a: Garchomp
|-status|p2a: Garchomp|slp|[from] move: Rest
|-heal|p2a: Garchomp|100/100 slp|[silent]
|
|-heal|p1a: Sableye|84/100|[from] item: Leftovers
|upkeep
|turn|22
|
|t:|1641831256
|cant|p2a: Garchomp|slp
|move|p2a: Garchomp|Sleep Talk|p2a: Garchomp
|move|p2a: Garchomp|Earthquake|p1a: Sableye|[from]move: Sleep Talk
|-damage|p1a: Sableye|17/100
|move|p1a: Sableye|Foul Play|p2a: Garchomp
|-damage|p2a: Garchomp|77/100 slp
|-damage|p1a: Sableye|4/100|[from] ability: Rough Skin|[of] p2a: Garchomp
|-damage|p1a: Sableye|0 fnt|[from] item: Rocky Helmet|[of] p2a: Garchomp
|faint|p1a: Sableye
|
|upkeep
|
|t:|1641831265
|switch|p1a: Dragapult|Dragapult, M|100/100
|turn|23
|
|t:|1641831271
|move|p1a: Dragapult|Substitute|p1a: Dragapult
|-start|p1a: Dragapult|Substitute
|-damage|p1a: Dragapult|76/100
|cant|p2a: Garchomp|slp
|move|p2a: Garchomp|Sleep Talk|p2a: Garchomp
|move|p2a: Garchomp|Outrage|p1a: Dragapult|[from]move: Sleep Talk
|-supereffective|p1a: Dragapult
|-end|p1a: Dragapult|Substitute
|
|upkeep
|turn|24
|
|t:|1641831282
|move|p1a: Dragapult|Dragon Darts|p2a: Garchomp
|-supereffective|p2a: Garchomp
|-damage|p2a: Garchomp|35/100 slp
|-anim|p1a: Dragapult|Dragon Darts|p2a: Garchomp
|-supereffective|p2a: Garchomp
|-damage|p2a: Garchomp|0 fnt
|faint|p2a: Garchomp
|
|upkeep
|
|t:|1641831289
|switch|p2a: Turtonator|Turtonator, F|82/100
|-damage|p2a: Turtonator|69/100|[from] Spikes
|turn|25
|
|t:|1641831295
|move|p1a: Dragapult|Dragon Darts|p2a: Turtonator
|-supereffective|p2a: Turtonator
|-damage|p2a: Turtonator|14/100
|-anim|p1a: Dragapult|Dragon Darts|p2a: Turtonator
|-supereffective|p2a: Turtonator
|-damage|p2a: Turtonator|0 fnt
|faint|p2a: Turtonator
|
|win|It'sSpookyTime
|raw|It&apos;sSpookyTime's rating: 1262 &rarr; <strong>1286</strong><br />(+24 for winning)
|raw|Igueulasse's rating: 1248 &rarr; <strong>1224</strong><br />(-24 for losing)
|c|☆It'sSpookyTime|gg
|l|☆Igueulasse
||Ladder isn't responding, score probably updated but might not have (Request timeout).
