|j|☆BeastRim
|j|☆Smart Falcon
|t:|1641857120
|gametype|singles
|player|p1|BeastRim|ethan|1331
|player|p2|Smart Falcon|shauntal|1299
|teamsize|p1|6
|teamsize|p2|6
|gen|8
|tier|[Gen 8] OU
|rated|
|rule|Sleep Clause Mod: Limit one foe put to sleep
|rule|Species Clause: Limit one of each Pokémon
|rule|OHKO Clause: OHKO moves are banned
|rule|Evasion Moves Clause: Evasion moves are banned
|rule|Endless Battle Clause: Forcing endless battles is banned
|rule|HP Percentage Mod: HP is shown in percentages
|rule|Dynamax Clause: You cannot dynamax
|clearpoke
|poke|p1|Ferrothorn, F|
|poke|p1|Pelipper, M|
|poke|p1|Barraskewda, F|
|poke|p1|Urshifu-*, F|
|poke|p1|Zapdos|
|poke|p1|Landorus-Therian, M|
|poke|p2|Tyranitar, M|
|poke|p2|Clefable, F|
|poke|p2|Excadrill, M|
|poke|p2|Kartana|
|poke|p2|Zapdos|
|poke|p2|Cloyster, M|
|teampreview
|
|t:|1641857130
|start
|switch|p1a: Ferrothorn|Ferrothorn, F|100/100
|switch|p2a: Zapdos|Zapdos|100/100
|turn|1
|
|t:|1641857134
|switch|p1a: Pelipper|Pelipper, M|100/100
|-weather|RainDance|[from] ability: Drizzle|[of] p1a: Pelipper
|move|p2a: Zapdos|Heat Wave|p1a: Pelipper
|-resisted|p1a: Pelipper
|-damage|p1a: Pelipper|89/100
|
|-weather|RainDance|[upkeep]
|upkeep
|turn|2
|
|t:|1641857138
|switch|p1a: Landorus|Landorus-Therian, M|100/100
|-ability|p1a: Landorus|Intimidate|boost
|-unboost|p2a: Zapdos|atk|1
|move|p2a: Zapdos|Hurricane|p1a: Landorus
|-damage|p1a: Landorus|40/100
|
|-weather|RainDance|[upkeep]
|-heal|p1a: Landorus|46/100|[from] item: Leftovers
|upkeep
|turn|3
|
|t:|1641857144
|move|p1a: Landorus|U-turn|p2a: Zapdos
|-resisted|p2a: Zapdos
|-damage|p2a: Zapdos|90/100
|-status|p1a: Landorus|par|[from] ability: Static|[of] p2a: Zapdos
|
|t:|1641857156
|switch|p1a: Zapdos|Zapdos|100/100|[from]move: U-turn
|-ability|p1a: Zapdos|Pressure
|move|p2a: Zapdos|Hurricane|p1a: Zapdos
|-resisted|p1a: Zapdos
|-damage|p1a: Zapdos|75/100
|
|-weather|RainDance|[upkeep]
|upkeep
|turn|4
|
|t:|1641857163
|move|p1a: Zapdos|Thunder|p2a: Zapdos
|-damage|p2a: Zapdos|35/100
|move|p2a: Zapdos|Volt Switch|p1a: Zapdos
|-damage|p1a: Zapdos|39/100
|
|t:|1641857165
|switch|p2a: Tyranitar|Tyranitar, M|100/100|[from]move: Volt Switch
|-weather|Sandstorm|[from] ability: Sand Stream|[of] p2a: Tyranitar
|
|-weather|Sandstorm|[upkeep]
|-damage|p1a: Zapdos|32/100|[from] Sandstorm
|upkeep
|turn|5
|
|t:|1641857181
|switch|p2a: Zapdos|Zapdos|35/100
|move|p1a: Zapdos|Volt Switch|p2a: Zapdos
|-damage|p2a: Zapdos|2/100
|
|t:|1641857202
|switch|p1a: Landorus|Landorus-Therian, M|46/100 par|[from]move: Volt Switch
|-ability|p1a: Landorus|Intimidate|boost
|-unboost|p2a: Zapdos|atk|1
|
|-weather|Sandstorm|[upkeep]
|-damage|p2a: Zapdos|0 fnt|[from] Sandstorm
|faint|p2a: Zapdos
|-heal|p1a: Landorus|52/100 par|[from] item: Leftovers
|upkeep
|
|t:|1641857206
|switch|p2a: Kartana|Kartana|100/100
|turn|6
|
|t:|1641857210
|move|p2a: Kartana|Swords Dance|p2a: Kartana
|-boost|p2a: Kartana|atk|2
|move|p1a: Landorus|Knock Off|p2a: Kartana
|-damage|p2a: Kartana|60/100
|-enditem|p2a: Kartana|Life Orb|[from] move: Knock Off|[of] p1a: Landorus
|
|-weather|Sandstorm|[upkeep]
|-heal|p1a: Landorus|58/100 par|[from] item: Leftovers
|upkeep
|turn|7
|
|t:|1641857214
|move|p2a: Kartana|Knock Off|p1a: Landorus
|-damage|p1a: Landorus|0 fnt
|-enditem|p1a: Landorus|Leftovers|[from] move: Knock Off|[of] p2a: Kartana
|faint|p1a: Landorus
|-ability|p2a: Kartana|Beast Boost|boost
|-boost|p2a: Kartana|atk|1
|
|-weather|Sandstorm|[upkeep]
|upkeep
|
|t:|1641857223
|switch|p1a: Barraskewda|Barraskewda, F|100/100
|turn|8
|
|t:|1641857231
|switch|p2a: Clefable|Clefable, F, shiny|100/100
|move|p1a: Barraskewda|Liquidation|p2a: Clefable
|-damage|p2a: Clefable|49/100
|
|-weather|none
|-heal|p2a: Clefable|55/100|[from] item: Leftovers
|upkeep
|turn|9
|
|t:|1641857236
|move|p1a: Barraskewda|Liquidation|p2a: Clefable
|-crit|p2a: Clefable
|-damage|p2a: Clefable|0 fnt
|faint|p2a: Clefable
|
|upkeep
|
|t:|1641857239
|switch|p2a: Cloyster|Cloyster, M|100/100
|turn|10
|
|t:|1641857247
|move|p1a: Barraskewda|Liquidation|p2a: Cloyster
|-resisted|p2a: Cloyster
|-damage|p2a: Cloyster|69/100
|move|p2a: Cloyster|Shell Smash|p2a: Cloyster
|-unboost|p2a: Cloyster|def|1
|-unboost|p2a: Cloyster|spd|1
|-boost|p2a: Cloyster|atk|2
|-boost|p2a: Cloyster|spa|2
|-boost|p2a: Cloyster|spe|2
|
|upkeep
|turn|11
|
|t:|1641857253
|switch|p1a: Zapdos|Zapdos|32/100
|-ability|p1a: Zapdos|Pressure
|move|p2a: Cloyster|Rock Blast|p1a: Zapdos
|-supereffective|p1a: Zapdos
|-damage|p1a: Zapdos|0 fnt
|faint|p1a: Zapdos
|-hitcount|p1: Zapdos|1
|
|upkeep
|
|t:|1641857256
|switch|p1a: Ferrothorn|Ferrothorn, F|100/100
|turn|12
|
|t:|1641857258
|move|p2a: Cloyster|Icicle Spear|p1a: Ferrothorn
|-damage|p1a: Ferrothorn|87/100
|-damage|p1a: Ferrothorn|75/100
|-damage|p1a: Ferrothorn|62/100
|-damage|p1a: Ferrothorn|50/100
|-damage|p1a: Ferrothorn|37/100
|-hitcount|p1a: Ferrothorn|5
|move|p1a: Ferrothorn|Leech Seed|p2a: Cloyster
|-start|p2a: Cloyster|move: Leech Seed
|
|-heal|p1a: Ferrothorn|43/100|[from] item: Leftovers
|-damage|p2a: Cloyster|57/100|[from] Leech Seed|[of] p1a: Ferrothorn
|-heal|p1a: Ferrothorn|51/100|[silent]
|upkeep
|turn|13
|
|t:|1641857263
|move|p1a: Ferrothorn|Protect|p1a: Ferrothorn
|-singleturn|p1a: Ferrothorn|Protect
|move|p2a: Cloyster|Shell Smash|p2a: Cloyster
|-unboost|p2a: Cloyster|def|1
|-unboost|p2a: Cloyster|spd|1
|-boost|p2a: Cloyster|atk|2
|-boost|p2a: Cloyster|spa|2
|-boost|p2a: Cloyster|spe|2
|
|-heal|p1a: Ferrothorn|58/100|[from] item: Leftovers
|-damage|p2a: Cloyster|44/100|[from] Leech Seed|[of] p1a: Ferrothorn
|-heal|p1a: Ferrothorn|66/100|[silent]
|upkeep
|turn|14
|
|t:|1641857277
|move|p1a: Ferrothorn|Protect||[still]
|-fail|p1a: Ferrothorn
|move|p2a: Cloyster|Icicle Spear|p1a: Ferrothorn
|-damage|p1a: Ferrothorn|47/100
|-damage|p1a: Ferrothorn|27/100
|-damage|p1a: Ferrothorn|8/100
|-damage|p1a: Ferrothorn|0 fnt
|faint|p1a: Ferrothorn
|-hitcount|p1: Ferrothorn|4
|
|upkeep
|
|t:|1641857283
|switch|p1a: Urshifu|Urshifu-Rapid-Strike, F|100/100
|turn|15
|
|t:|1641857290
|move|p1a: Urshifu|Aqua Jet|p2a: Cloyster
|-resisted|p2a: Cloyster
|-damage|p2a: Cloyster|16/100
|move|p2a: Cloyster|Icicle Spear|p1a: Urshifu
|-resisted|p1a: Urshifu
|-damage|p1a: Urshifu|86/100
|-resisted|p1a: Urshifu
|-damage|p1a: Urshifu|70/100
|-resisted|p1a: Urshifu
|-damage|p1a: Urshifu|55/100
|-resisted|p1a: Urshifu
|-damage|p1a: Urshifu|38/100
|-resisted|p1a: Urshifu
|-damage|p1a: Urshifu|23/100
|-hitcount|p1a: Urshifu|5
|
|-damage|p2a: Cloyster|3/100|[from] Leech Seed|[of] p1a: Urshifu
|-heal|p1a: Urshifu|32/100|[silent]
|upkeep
|turn|16
|
|t:|1641857295
|move|p1a: Urshifu|Aqua Jet|p2a: Cloyster
|-resisted|p2a: Cloyster
|-damage|p2a: Cloyster|0 fnt
|faint|p2a: Cloyster
|
|upkeep
|
|t:|1641857301
|switch|p2a: Kartana|Kartana|60/100
|turn|17
|
|t:|1641857307
|move|p1a: Urshifu|Aqua Jet|p2a: Kartana
|-resisted|p2a: Kartana
|-damage|p2a: Kartana|45/100
|move|p2a: Kartana|Leaf Blade|p1a: Urshifu
|-supereffective|p1a: Urshifu
|-damage|p1a: Urshifu|0 fnt
|faint|p1a: Urshifu
|-ability|p2a: Kartana|Beast Boost|boost
|-boost|p2a: Kartana|atk|1
|
|upkeep
|
|t:|1641857313
|switch|p1a: Barraskewda|Barraskewda, F|100/100
|turn|18
|
|t:|1641857318
|move|p1a: Barraskewda|Liquidation|p2a: Kartana
|-resisted|p2a: Kartana
|-damage|p2a: Kartana|7/100
|move|p2a: Kartana|Leaf Blade|p1a: Barraskewda
|-supereffective|p1a: Barraskewda
|-damage|p1a: Barraskewda|0 fnt
|faint|p1a: Barraskewda
|-ability|p2a: Kartana|Beast Boost|boost
|-boost|p2a: Kartana|atk|1
|
|upkeep
|
|t:|1641857321
|switch|p1a: Pelipper|Pelipper, M|89/100
|-weather|RainDance|[from] ability: Drizzle|[of] p1a: Pelipper
|turn|19
|
|t:|1641857324
|move|p2a: Kartana|Leaf Blade|p1a: Pelipper
|-damage|p1a: Pelipper|0 fnt
|faint|p1a: Pelipper
|
|win|Smart Falcon
|raw|BeastRim's rating: 1331 &rarr; <strong>1309</strong><br />(-22 for losing)
|raw|Smart Falcon's rating: 1299 &rarr; <strong>1326</strong><br />(+27 for winning)
|l|☆BeastRim
