|j|☆Brbray76
|j|☆Klaran
|t:|1641833470
|gametype|singles
|player|p1|Brbray76|266|1378
|player|p2|Klaran|cynthia|1351
|teamsize|p1|6
|teamsize|p2|6
|gen|8
|tier|[Gen 8] OU
|rated|
|rule|Sleep Clause Mod: Limit one foe put to sleep
|rule|Species Clause: Limit one of each Pokémon
|rule|OHKO Clause: OHKO moves are banned
|rule|Evasion Moves Clause: Evasion moves are banned
|rule|Endless Battle Clause: Forcing endless battles is banned
|rule|HP Percentage Mod: HP is shown in percentages
|rule|Dynamax Clause: You cannot dynamax
|clearpoke
|poke|p1|Raichu-Alola, F|
|poke|p1|Tapu Koko|
|poke|p1|Ferrothorn, F|
|poke|p1|Landorus-Therian, M|
|poke|p1|Victini|
|poke|p1|Suicune|
|poke|p2|Salamence, F|
|poke|p2|Milotic, F|
|poke|p2|Togekiss, M|
|poke|p2|Zeraora|
|poke|p2|Marowak-Alola, F|
|poke|p2|Celesteela|
|teampreview
|c|☆Klaran|glhf
|c|☆Brbray76|same same
|
|t:|1641833482
|start
|switch|p1a: Landorus|Landorus-Therian, M|100/100
|switch|p2a: Milotic|Milotic, F, shiny|100/100
|-ability|p1a: Landorus|Intimidate|boost
|-unboost|p2a: Milotic|atk|1
|-ability|p2a: Milotic|Competitive
|-boost|p2a: Milotic|spa|2
|turn|1
|
|t:|1641833491
|move|p1a: Landorus|Toxic|p2a: Milotic
|-status|p2a: Milotic|tox
|move|p2a: Milotic|Scald|p1a: Landorus
|-supereffective|p1a: Landorus
|-damage|p1a: Landorus|11/100
|-status|p1a: Landorus|brn
|
|-heal|p1a: Landorus|17/100 brn|[from] item: Leftovers
|-damage|p2a: Milotic|94/100 tox|[from] psn
|-damage|p1a: Landorus|11/100 brn|[from] brn
|upkeep
|turn|2
|
|t:|1641833497
|move|p1a: Landorus|Stealth Rock|p2a: Milotic
|-sidestart|p2: Klaran|move: Stealth Rock
|move|p2a: Milotic|Ice Beam|p1a: Landorus
|-supereffective|p1a: Landorus
|-damage|p1a: Landorus|0 fnt
|faint|p1a: Landorus
|
|-damage|p2a: Milotic|82/100 tox|[from] psn
|upkeep
|
|t:|1641833503
|switch|p1a: Tapu Koko|Tapu Koko|100/100
|-fieldstart|move: Electric Terrain|[from] ability: Electric Surge|[of] p1a: Tapu Koko
|turn|3
|
|t:|1641833508
|switch|p2a: Marowak|Marowak-Alola, F|100/100
|-damage|p2a: Marowak|76/100|[from] Stealth Rock
|move|p1a: Tapu Koko|Dazzling Gleam|p2a: Marowak
|-resisted|p2a: Marowak
|-damage|p2a: Marowak|48/100
|
|upkeep
|turn|4
|
|t:|1641833514
|move|p1a: Tapu Koko|Discharge|p2a: Marowak
|-ability|p2a: Marowak|Lightning Rod|boost
|-boost|p2a: Marowak|spa|1
|move|p2a: Marowak|Earthquake|p1a: Tapu Koko
|-supereffective|p1a: Tapu Koko
|-damage|p1a: Tapu Koko|0 fnt
|faint|p1a: Tapu Koko
|
|upkeep
|c|☆Brbray76|ik it too
|c|☆Brbray76|rip
|c|☆Brbray76|couldn't cancel in time
|
|t:|1641833531
|switch|p1a: Suicune|Suicune|100/100
|-ability|p1a: Suicune|Pressure
|turn|5
|c|☆Klaran|:')
|c|☆Klaran|I know the feeling. It hurts when it's a choice banded/scarf mùon
|
|t:|1641833551
|switch|p2a: Milotic|Milotic, F, shiny|82/100 tox
|-damage|p2a: Milotic|70/100 tox|[from] Stealth Rock
|move|p1a: Suicune|Scald|p2a: Milotic
|-resisted|p2a: Milotic
|-damage|p2a: Milotic|58/100 tox
|
|-damage|p2a: Milotic|52/100 tox|[from] psn
|upkeep
|turn|6
|
|t:|1641833555
|move|p1a: Suicune|Calm Mind|p1a: Suicune
|-boost|p1a: Suicune|spa|1
|-boost|p1a: Suicune|spd|1
|move|p2a: Milotic|Recover|p2a: Milotic
|-heal|p2a: Milotic|100/100 tox
|
|-damage|p2a: Milotic|88/100 tox|[from] psn
|upkeep
|turn|7
|
|t:|1641833557
|move|p1a: Suicune|Calm Mind|p1a: Suicune
|-boost|p1a: Suicune|spa|1
|-boost|p1a: Suicune|spd|1
|move|p2a: Milotic|Toxic|p1a: Suicune
|-status|p1a: Suicune|tox
|
|-damage|p1a: Suicune|94/100 tox|[from] psn
|-damage|p2a: Milotic|70/100 tox|[from] psn
|-fieldend|move: Electric Terrain
|upkeep
|turn|8
|
|t:|1641833565
|switch|p2a: Celesteela|Celesteela|100/100
|-damage|p2a: Celesteela|88/100|[from] Stealth Rock
|move|p1a: Suicune|Scald|p2a: Celesteela
|-damage|p2a: Celesteela|44/100
|-status|p2a: Celesteela|brn
|
|-heal|p1a: Suicune|100/100 tox|[from] item: Leftovers
|-heal|p2a: Celesteela|50/100 brn|[from] item: Leftovers
|-damage|p1a: Suicune|88/100 tox|[from] psn
|-damage|p2a: Celesteela|44/100 brn|[from] brn
|upkeep
|turn|9
|
|t:|1641833571
|move|p1a: Suicune|Scald|p2a: Celesteela
|-damage|p2a: Celesteela|3/100 brn
|move|p2a: Celesteela|Leech Seed|p1a: Suicune
|-start|p1a: Suicune|move: Leech Seed
|
|-heal|p1a: Suicune|94/100 tox|[from] item: Leftovers
|-heal|p2a: Celesteela|9/100 brn|[from] item: Leftovers
|-damage|p1a: Suicune|82/100 tox|[from] Leech Seed|[of] p2a: Celesteela
|-heal|p2a: Celesteela|21/100 brn|[silent]
|-damage|p1a: Suicune|63/100 tox|[from] psn
|-damage|p2a: Celesteela|15/100 brn|[from] brn
|upkeep
|turn|10
|
|t:|1641833580
|move|p2a: Celesteela|Protect|p2a: Celesteela
|-singleturn|p2a: Celesteela|Protect
|move|p1a: Suicune|Scald|p2a: Celesteela
|-activate|p2a: Celesteela|move: Protect
|
|-heal|p1a: Suicune|70/100 tox|[from] item: Leftovers
|-heal|p2a: Celesteela|21/100 brn|[from] item: Leftovers
|-damage|p1a: Suicune|57/100 tox|[from] Leech Seed|[of] p2a: Celesteela
|-heal|p2a: Celesteela|34/100 brn|[silent]
|-damage|p1a: Suicune|32/100 tox|[from] psn
|-damage|p2a: Celesteela|28/100 brn|[from] brn
|upkeep
|turn|11
|
|t:|1641833591
|switch|p2a: Milotic|Milotic, F, shiny|70/100 tox
|-damage|p2a: Milotic|58/100 tox|[from] Stealth Rock
|move|p1a: Suicune|Scald|p2a: Milotic
|-resisted|p2a: Milotic
|-damage|p2a: Milotic|33/100 tox
|
|-heal|p1a: Suicune|39/100 tox|[from] item: Leftovers
|-damage|p1a: Suicune|26/100 tox|[from] Leech Seed|[of] p2a: Milotic
|-heal|p2a: Milotic|46/100 tox|[silent]
|-damage|p1a: Suicune|0 fnt|[from] psn
|faint|p1a: Suicune
|-damage|p2a: Milotic|40/100 tox|[from] psn
|upkeep
|
|t:|1641833598
|switch|p1a: Ferrothorn|Ferrothorn, F|100/100
|turn|12
|
|t:|1641833603
|move|p2a: Milotic|Recover|p2a: Milotic
|-heal|p2a: Milotic|90/100 tox
|move|p1a: Ferrothorn|Iron Defense|p1a: Ferrothorn
|-boost|p1a: Ferrothorn|def|2
|
|-damage|p2a: Milotic|78/100 tox|[from] psn
|upkeep
|turn|13
|
|t:|1641833611
|switch|p2a: Marowak|Marowak-Alola, F|48/100
|-damage|p2a: Marowak|23/100|[from] Stealth Rock
|move|p1a: Ferrothorn|Body Press|p2a: Marowak
|-immune|p2a: Marowak
|
|upkeep
|turn|14
|
|t:|1641833617
|move|p2a: Marowak|Stealth Rock|p1a: Ferrothorn
|-sidestart|p1: Brbray76|move: Stealth Rock
|move|p1a: Ferrothorn|Gyro Ball|p2a: Marowak
|-resisted|p2a: Marowak
|-damage|p2a: Marowak|5/100
|
|upkeep
|turn|15
|
|t:|1641833622
|switch|p2a: Togekiss|Togekiss, M|100/100
|-damage|p2a: Togekiss|76/100|[from] Stealth Rock
|switch|p1a: Victini|Victini|100/100
|
|upkeep
|turn|16
|
|t:|1641833626
|move|p1a: Victini|Bolt Strike|p2a: Togekiss
|-supereffective|p2a: Togekiss
|-damage|p2a: Togekiss|23/100
|-status|p2a: Togekiss|par
|-enditem|p2a: Togekiss|Aguav Berry|[eat]
|-heal|p2a: Togekiss|56/100 par|[from] item: Aguav Berry
|move|p2a: Togekiss|Thunder Wave|p1a: Victini
|-status|p1a: Victini|par
|
|upkeep
|turn|17
|
|t:|1641833632
|cant|p1a: Victini|par
|move|p2a: Togekiss|Defog|p1a: Victini
|-unboost|p1a: Victini|evasion|1
|-sideend|p1: Brbray76|Stealth Rock|[from] move: Defog|[of] p2a: Togekiss
|-sideend|p2: Klaran|Stealth Rock|[from] move: Defog|[of] p2a: Togekiss
|
|upkeep
|turn|18
|
|t:|1641833637
|switch|p2a: Zeraora|Zeraora|100/100
|move|p1a: Victini|Bolt Strike|p2a: Zeraora
|-immune|p2a: Zeraora|[from] ability: Volt Absorb
|
|upkeep
|turn|19
|
|t:|1641833642
|move|p2a: Zeraora|Knock Off|p1a: Victini
|-supereffective|p1a: Victini
|-damage|p1a: Victini|25/100 par
|-enditem|p1a: Victini|Heavy-Duty Boots|[from] move: Knock Off|[of] p2a: Zeraora
|-damage|p2a: Zeraora|91/100|[from] item: Life Orb
|move|p1a: Victini|V-create|p2a: Zeraora
|-damage|p2a: Zeraora|0 fnt
|-unboost|p1a: Victini|spe|1
|-unboost|p1a: Victini|def|1
|-unboost|p1a: Victini|spd|1
|faint|p2a: Zeraora
|
|upkeep
|
|t:|1641833652
|switch|p2a: Salamence|Salamence, F|100/100
|-ability|p2a: Salamence|Intimidate|boost
|-unboost|p1a: Victini|atk|1
|turn|20
|
|t:|1641833656
|move|p2a: Salamence|Dragon Dance|p2a: Salamence
|-boost|p2a: Salamence|atk|1
|-boost|p2a: Salamence|spe|1
|move|p1a: Victini|Will-O-Wisp|p2a: Salamence
|-status|p2a: Salamence|brn
|
|-damage|p2a: Salamence|94/100 brn|[from] brn
|upkeep
|turn|21
|
|t:|1641833660
|move|p2a: Salamence|Dragon Dance|p2a: Salamence
|-boost|p2a: Salamence|atk|1
|-boost|p2a: Salamence|spe|1
|cant|p1a: Victini|par
|
|-damage|p2a: Salamence|88/100 brn|[from] brn
|upkeep
|turn|22
|
|t:|1641833663
|move|p2a: Salamence|Dragon Dance|p2a: Salamence
|-boost|p2a: Salamence|atk|1
|-boost|p2a: Salamence|spe|1
|cant|p1a: Victini|par
|
|-damage|p2a: Salamence|82/100 brn|[from] brn
|upkeep
|turn|23
|
|t:|1641833666
|move|p2a: Salamence|Dragon Dance|p2a: Salamence
|-boost|p2a: Salamence|atk|1
|-boost|p2a: Salamence|spe|1
|move|p1a: Victini|V-create|p2a: Salamence
|-resisted|p2a: Salamence
|-crit|p2a: Salamence
|-damage|p2a: Salamence|5/100 brn
|-unboost|p1a: Victini|spe|1
|-unboost|p1a: Victini|def|1
|-unboost|p1a: Victini|spd|1
|
|-damage|p2a: Salamence|0 fnt|[from] brn
|faint|p2a: Salamence
|upkeep
|c|☆Brbray76|bruh
|c|☆Brbray76|hehe
|c|☆Klaran|: ' )
|
|t:|1641833682
|switch|p2a: Marowak|Marowak-Alola, F|5/100
|turn|24
|c|☆Brbray76|Ima still lose but
|
|t:|1641833692
|move|p2a: Marowak|Poltergeist||[still]
|-fail|p2a: Marowak
|move|p1a: Victini|Bolt Strike|p2a: Marowak
|-ability|p2a: Marowak|Lightning Rod|boost
|-boost|p2a: Marowak|spa|1
|
|upkeep
|turn|25
|c|☆Brbray76|im dum
|
|t:|1641833699
|move|p2a: Marowak|Earthquake|p1a: Victini
|-supereffective|p1a: Victini
|-damage|p1a: Victini|0 fnt
|faint|p1a: Victini
|
|upkeep
|c|☆Klaran|you have gyro ball
|
|t:|1641833706
|switch|p1a: Raichu|Raichu-Alola, F|100/100
|turn|26
|c|☆Klaran|you should most likely win
|
|t:|1641833717
|move|p1a: Raichu|Psyshock|p2a: Marowak
|-damage|p2a: Marowak|0 fnt
|faint|p2a: Marowak
|
|upkeep
|
|t:|1641833720
|switch|p2a: Celesteela|Celesteela|28/100 brn
|turn|27
|
|t:|1641833723
|move|p1a: Raichu|Psyshock|p2a: Celesteela
|-resisted|p2a: Celesteela
|-damage|p2a: Celesteela|5/100 brn
|move|p2a: Celesteela|Leech Seed|p1a: Raichu|[miss]
|-miss|p2a: Celesteela|p1a: Raichu
|
|-heal|p2a: Celesteela|11/100 brn|[from] item: Leftovers
|-damage|p2a: Celesteela|5/100 brn|[from] brn
|upkeep
|turn|28
|c|☆Klaran|very
|c|☆Klaran|unfortunate
|c|☆Brbray76|yep
|
|t:|1641833739
|move|p1a: Raichu|Psyshock|p2a: Celesteela
|-resisted|p2a: Celesteela
|-crit|p2a: Celesteela
|-damage|p2a: Celesteela|0 fnt
|faint|p2a: Celesteela
|
|upkeep
|
|t:|1641833741
|switch|p2a: Milotic|Milotic, F, shiny|78/100 tox
|turn|29
|
|t:|1641833746
|switch|p1a: Ferrothorn|Ferrothorn, F|100/100
|move|p2a: Milotic|Toxic|p1a: Ferrothorn
|-immune|p1a: Ferrothorn
|
|-damage|p2a: Milotic|72/100 tox|[from] psn
|upkeep
|turn|30
|
|t:|1641833752
|move|p2a: Milotic|Scald|p1a: Ferrothorn
|-resisted|p1a: Ferrothorn
|-damage|p1a: Ferrothorn|88/100
|-status|p1a: Ferrothorn|brn
|move|p1a: Ferrothorn|Iron Defense|p1a: Ferrothorn
|-boost|p1a: Ferrothorn|def|2
|
|-heal|p1a: Ferrothorn|94/100 brn|[from] item: Leftovers
|-damage|p2a: Milotic|59/100 tox|[from] psn
|-damage|p1a: Ferrothorn|88/100 brn|[from] brn
|upkeep
|turn|31
|
|t:|1641833757
|switch|p2a: Togekiss|Togekiss, M|56/100 par
|move|p1a: Ferrothorn|Iron Defense|p1a: Ferrothorn
|-boost|p1a: Ferrothorn|def|2
|
|-heal|p1a: Ferrothorn|94/100 brn|[from] item: Leftovers
|-damage|p1a: Ferrothorn|88/100 brn|[from] brn
|upkeep
|turn|32
|
|t:|1641833762
|cant|p2a: Togekiss|par
|move|p1a: Ferrothorn|Gyro Ball|p2a: Togekiss
|-supereffective|p2a: Togekiss
|-damage|p2a: Togekiss|41/100 par
|
|-heal|p1a: Ferrothorn|94/100 brn|[from] item: Leftovers
|-damage|p1a: Ferrothorn|88/100 brn|[from] brn
|upkeep
|turn|33
|
|t:|1641833766
|move|p2a: Togekiss|Roost|p2a: Togekiss
|-heal|p2a: Togekiss|91/100 par
|-singleturn|p2a: Togekiss|move: Roost
|move|p1a: Ferrothorn|Body Press|p2a: Togekiss
|-resisted|p2a: Togekiss
|-damage|p2a: Togekiss|74/100 par
|
|-heal|p1a: Ferrothorn|94/100 brn|[from] item: Leftovers
|-damage|p1a: Ferrothorn|88/100 brn|[from] brn
|upkeep
|turn|34
|
|t:|1641833770
|move|p2a: Togekiss|Air Slash|p1a: Ferrothorn
|-damage|p1a: Ferrothorn|63/100 brn
|move|p1a: Ferrothorn|Gyro Ball|p2a: Togekiss
|-supereffective|p2a: Togekiss
|-damage|p2a: Togekiss|59/100 par
|
|-heal|p1a: Ferrothorn|69/100 brn|[from] item: Leftovers
|-damage|p1a: Ferrothorn|63/100 brn|[from] brn
|upkeep
|turn|35
|
|t:|1641833777
|move|p2a: Togekiss|Air Slash|p1a: Ferrothorn
|-damage|p1a: Ferrothorn|36/100 brn
|move|p1a: Ferrothorn|Gyro Ball|p2a: Togekiss
|-supereffective|p2a: Togekiss
|-crit|p2a: Togekiss
|-damage|p2a: Togekiss|38/100 par
|
|-heal|p1a: Ferrothorn|42/100 brn|[from] item: Leftovers
|-damage|p1a: Ferrothorn|36/100 brn|[from] brn
|upkeep
|turn|36
|
|t:|1641833781
|cant|p2a: Togekiss|par
|move|p1a: Ferrothorn|Gyro Ball|p2a: Togekiss
|-supereffective|p2a: Togekiss
|-damage|p2a: Togekiss|24/100 par
|
|-heal|p1a: Ferrothorn|42/100 brn|[from] item: Leftovers
|-damage|p1a: Ferrothorn|36/100 brn|[from] brn
|upkeep
|turn|37
|
|t:|1641833784
|switch|p1a: Raichu|Raichu-Alola, F|100/100
|move|p2a: Togekiss|Roost|p2a: Togekiss
|-heal|p2a: Togekiss|74/100 par
|-singleturn|p2a: Togekiss|move: Roost
|
|upkeep
|turn|38
|
|t:|1641833790
|switch|p2a: Milotic|Milotic, F, shiny|59/100 tox
|move|p1a: Raichu|Rising Voltage|p2a: Milotic
|-supereffective|p2a: Milotic
|-damage|p2a: Milotic|0 fnt
|faint|p2a: Milotic
|
|upkeep
|
|t:|1641833794
|switch|p2a: Togekiss|Togekiss, M|74/100 par
|turn|39
|c|☆Brbray76|y
|
|t:|1641833797
|move|p1a: Raichu|Rising Voltage|p2a: Togekiss
|-supereffective|p2a: Togekiss
|-damage|p2a: Togekiss|2/100 par
|cant|p2a: Togekiss|par
|
|upkeep
|turn|40
|c|☆Brbray76|gg
|c|☆Klaran|gg
|
|t:|1641833806
|move|p1a: Raichu|Rising Voltage|p2a: Togekiss
|-supereffective|p2a: Togekiss
|-damage|p2a: Togekiss|0 fnt
|faint|p2a: Togekiss
|
|win|Brbray76
|raw|Brbray76's rating: 1378 &rarr; <strong>1396</strong><br />(+18 for winning)
|raw|Klaran's rating: 1351 &rarr; <strong>1333</strong><br />(-18 for losing)
|c|☆Klaran|was a good one
|c|☆Brbray76|very
|c|☆Brbray76|I had fun thank you :)
|c|☆Klaran|thanks to you! :)
||Ladder isn't responding, score probably updated but might not have (Request timeout).
