|j|‽ratiogod111
|j|☆simoremet
|t:|1641835259
|gametype|singles
|player|p1|ratiogod111|linebacker|1056
|player|p2|simoremet|grimsley|1009
|teamsize|p1|6
|teamsize|p2|6
|gen|8
|tier|[Gen 8] OU
|rated|
|rule|Sleep Clause Mod: Limit one foe put to sleep
|rule|Species Clause: Limit one of each Pokémon
|rule|OHKO Clause: OHKO moves are banned
|rule|Evasion Moves Clause: Evasion moves are banned
|rule|Endless Battle Clause: Forcing endless battles is banned
|rule|HP Percentage Mod: HP is shown in percentages
|rule|Dynamax Clause: You cannot dynamax
|clearpoke
|poke|p1|Tapu Lele|
|poke|p1|Urshifu-*, M|
|poke|p1|Corviknight, F|
|poke|p1|Landorus-Therian, M|
|poke|p1|Magnezone|
|poke|p1|Hydreigon, M|
|poke|p2|Slowking-Galar, M|
|poke|p2|Tyranitar, M|
|poke|p2|Rotom-Heat|
|poke|p2|Gyarados, M|
|poke|p2|Ninetales-Alola, M|
|poke|p2|Gengar, F|
|teampreview
|inactive|Battle timer is ON: inactive players will automatically lose when time's up. (requested by ratiogod111)
|
|t:|1641835285
|start
|switch|p1a: Magnezone|Magnezone|100/100
|switch|p2a: Gengar|Gengar, F|100/100
|turn|1
|
|t:|1641835293
|move|p2a: Gengar|Nasty Plot|p2a: Gengar
|-boost|p2a: Gengar|spa|2
|move|p1a: Magnezone|Volt Switch|p2a: Gengar
|-damage|p2a: Gengar|15/100
|-start|p1a: Magnezone|Disable|Volt Switch|[from] ability: Cursed Body|[of] p2a: Gengar
|
|t:|1641835304
|switch|p1a: Tapu Lele|Tapu Lele|100/100|[from]move: Volt Switch
|-fieldstart|move: Psychic Terrain|[from] ability: Psychic Surge|[of] p1a: Tapu Lele
|
|upkeep
|turn|2
|
|t:|1641835313
|move|p1a: Tapu Lele|Moonblast|p2a: Gengar
|-resisted|p2a: Gengar
|-damage|p2a: Gengar|0 fnt
|faint|p2a: Gengar
|
|upkeep
|
|t:|1641835323
|switch|p2a: Gyarados|Gyarados, M, shiny|100/100
|turn|3
|
|t:|1641835329
|move|p1a: Tapu Lele|Moonblast|p2a: Gyarados
|-damage|p2a: Gyarados|57/100
|move|p2a: Gyarados|Dragon Dance|p2a: Gyarados
|-boost|p2a: Gyarados|atk|1
|-boost|p2a: Gyarados|spe|1
|
|upkeep
|turn|4
|
|t:|1641835339
|move|p1a: Tapu Lele|Moonblast|p2a: Gyarados
|-damage|p2a: Gyarados|8/100
|-unboost|p2a: Gyarados|spa|1
|move|p2a: Gyarados|Dragon Dance|p2a: Gyarados
|-boost|p2a: Gyarados|atk|1
|-boost|p2a: Gyarados|spe|1
|
|upkeep
|turn|5
|
|t:|1641835360
|switch|p1a: Corviknight|Corviknight, F|100/100
|-ability|p1a: Corviknight|Pressure
|switch|p2a: Tyranitar|Tyranitar, M|100/100
|-weather|Sandstorm|[from] ability: Sand Stream|[of] p2a: Tyranitar
|
|-weather|Sandstorm|[upkeep]
|-fieldend|move: Psychic Terrain
|upkeep
|turn|6
|
|t:|1641835369
|move|p1a: Corviknight|Body Press|p2a: Tyranitar
|-supereffective|p2a: Tyranitar
|-damage|p2a: Tyranitar|36/100
|move|p2a: Tyranitar|Stone Edge|p1a: Corviknight
|-damage|p1a: Corviknight|47/100
|
|-weather|Sandstorm|[upkeep]
|upkeep
|turn|7
|
|t:|1641835380
|switch|p2a: Slowking|Slowking-Galar, M|100/100
|move|p1a: Corviknight|Roost|p1a: Corviknight
|-heal|p1a: Corviknight|97/100
|-singleturn|p1a: Corviknight|move: Roost
|
|-weather|Sandstorm|[upkeep]
|-damage|p2a: Slowking|94/100|[from] Sandstorm
|upkeep
|turn|8
|
|t:|1641835395
|move|p1a: Corviknight|U-turn|p2a: Slowking
|-damage|p2a: Slowking|77/100
|
|t:|1641835398
|switch|p1a: Hydreigon|Hydreigon, M|100/100|[from]move: U-turn
|move|p2a: Slowking|Blizzard|p1a: Hydreigon|[miss]
|-miss|p2a: Slowking|p1a: Hydreigon
|
|-weather|Sandstorm|[upkeep]
|-damage|p1a: Hydreigon|94/100|[from] Sandstorm
|-damage|p2a: Slowking|71/100|[from] Sandstorm
|-heal|p1a: Hydreigon|100/100|[from] item: Leftovers
|upkeep
|turn|9
|
|t:|1641835407
|switch|p1a: Magnezone|Magnezone|100/100
|move|p2a: Slowking|Blizzard|p1a: Magnezone|[miss]
|-miss|p2a: Slowking|p1a: Magnezone
|
|-weather|none
|upkeep
|turn|10
|
|t:|1641835415
|move|p1a: Magnezone|Volt Switch|p2a: Slowking
|-damage|p2a: Slowking|40/100
|
|t:|1641835421
|switch|p1a: Urshifu|Urshifu-Rapid-Strike, M|100/100|[from]move: Volt Switch
|move|p2a: Slowking|Expanding Force|p1a: Urshifu
|-supereffective|p1a: Urshifu
|-damage|p1a: Urshifu|0 fnt
|faint|p1a: Urshifu
|
|upkeep
|
|t:|1641835424
|switch|p1a: Tapu Lele|Tapu Lele|100/100
|-fieldstart|move: Psychic Terrain|[from] ability: Psychic Surge|[of] p1a: Tapu Lele
|turn|11
|
|t:|1641835435
|move|p1a: Tapu Lele|Future Sight|p2a: Slowking
|-start|p1a: Tapu Lele|move: Future Sight
|move|p2a: Slowking|Sludge Bomb|p1a: Tapu Lele
|-supereffective|p1a: Tapu Lele
|-damage|p1a: Tapu Lele|0 fnt
|faint|p1a: Tapu Lele
|
|upkeep
|
|t:|1641835440
|switch|p1a: Magnezone|Magnezone|100/100
|turn|12
|
|t:|1641835447
|move|p1a: Magnezone|Thunderbolt|p2a: Slowking
|-damage|p2a: Slowking|2/100
|move|p2a: Slowking|Expanding Force|p1a: Magnezone
|-resisted|p1a: Magnezone
|-damage|p1a: Magnezone|48/100
|
|upkeep
|turn|13
|
|t:|1641835458
|move|p1a: Magnezone|Thunderbolt|p2a: Slowking
|-damage|p2a: Slowking|0 fnt
|faint|p2a: Slowking
|
|-hint|Future Sight did not hit because the target is fainted.
|upkeep
|
|t:|1641835462
|switch|p2a: Rotom|Rotom-Heat|100/100
|turn|14
|
|t:|1641835467
|switch|p1a: Hydreigon|Hydreigon, M|100/100
|move|p2a: Rotom|Thunder|p1a: Hydreigon
|-resisted|p1a: Hydreigon
|-crit|p1a: Hydreigon
|-damage|p1a: Hydreigon|58/100
|-status|p1a: Hydreigon|par
|
|-heal|p1a: Hydreigon|64/100 par|[from] item: Leftovers
|upkeep
|turn|15
|
|t:|1641835476
|move|p2a: Rotom|Will-O-Wisp|p1a: Hydreigon|[miss]
|-miss|p2a: Rotom|p1a: Hydreigon
|move|p1a: Hydreigon|Nasty Plot|p1a: Hydreigon
|-boost|p1a: Hydreigon|spa|2
|
|-heal|p1a: Hydreigon|70/100 par|[from] item: Leftovers
|-fieldend|move: Psychic Terrain
|upkeep
|turn|16
|
|t:|1641835483
|move|p2a: Rotom|Volt Switch|p1a: Hydreigon
|-resisted|p1a: Hydreigon
|-damage|p1a: Hydreigon|51/100 par
|
|t:|1641835487
|switch|p2a: Ninetales|Ninetales-Alola, M|100/100|[from]move: Volt Switch
|-weather|Hail|[from] ability: Snow Warning|[of] p2a: Ninetales
|move|p1a: Hydreigon|Earth Power|p2a: Ninetales
|-damage|p2a: Ninetales|43/100
|
|-weather|Hail|[upkeep]
|-damage|p1a: Hydreigon|45/100 par|[from] Hail
|-heal|p1a: Hydreigon|51/100 par|[from] item: Leftovers
|upkeep
|turn|17
|
|t:|1641835497
|move|p2a: Ninetales|Blizzard|p1a: Hydreigon
|-supereffective|p1a: Hydreigon
|-damage|p1a: Hydreigon|0 fnt
|faint|p1a: Hydreigon
|
|-weather|Hail|[upkeep]
|upkeep
|
|t:|1641835503
|switch|p1a: Magnezone|Magnezone|48/100
|turn|18
|
|t:|1641835508
|move|p2a: Ninetales|Extrasensory|p1a: Magnezone
|-resisted|p1a: Magnezone
|-damage|p1a: Magnezone|35/100
|move|p1a: Magnezone|Flash Cannon|p2a: Ninetales
|-supereffective|p2a: Ninetales
|-damage|p2a: Ninetales|0 fnt
|faint|p2a: Ninetales
|
|-weather|Hail|[upkeep]
|-damage|p1a: Magnezone|29/100|[from] Hail
|upkeep
|
|t:|1641835517
|switch|p2a: Rotom|Rotom-Heat|100/100
|turn|19
|
|t:|1641835520
|switch|p1a: Landorus|Landorus-Therian, M|100/100
|-ability|p1a: Landorus|Intimidate|boost
|-unboost|p2a: Rotom|atk|1
|move|p2a: Rotom|Volt Switch|p1a: Landorus
|-immune|p1a: Landorus
|
|-weather|Hail|[upkeep]
|-damage|p2a: Rotom|94/100|[from] Hail
|-damage|p1a: Landorus|94/100|[from] Hail
|-heal|p2a: Rotom|100/100|[from] item: Leftovers
|-heal|p1a: Landorus|100/100|[from] item: Leftovers
|upkeep
|turn|20
|
|t:|1641835533
|move|p2a: Rotom|Will-O-Wisp|p1a: Landorus
|-status|p1a: Landorus|brn
|move|p1a: Landorus|Toxic|p2a: Rotom
|-status|p2a: Rotom|tox
|
|-weather|none
|-damage|p2a: Rotom|94/100 tox|[from] psn
|-damage|p1a: Landorus|94/100 brn|[from] brn
|upkeep
|turn|21
|
|t:|1641835544
|move|p2a: Rotom|Nasty Plot|p2a: Rotom
|-boost|p2a: Rotom|spa|2
|move|p1a: Landorus|Stealth Rock|p2a: Rotom
|-sidestart|p2: simoremet|move: Stealth Rock
|
|-heal|p2a: Rotom|100/100 tox|[from] item: Leftovers
|-heal|p1a: Landorus|100/100 brn|[from] item: Leftovers
|-damage|p2a: Rotom|88/100 tox|[from] psn
|-damage|p1a: Landorus|94/100 brn|[from] brn
|upkeep
|turn|22
|
|t:|1641835553
|move|p2a: Rotom|Nasty Plot|p2a: Rotom
|-boost|p2a: Rotom|spa|2
|move|p1a: Landorus|U-turn|p2a: Rotom
|-resisted|p2a: Rotom
|-damage|p2a: Rotom|81/100 tox
|
|t:|1641835560
|switch|p1a: Corviknight|Corviknight, F|97/100|[from]move: U-turn
|-ability|p1a: Corviknight|Pressure
|
|-heal|p2a: Rotom|87/100 tox|[from] item: Leftovers
|-damage|p2a: Rotom|68/100 tox|[from] psn
|upkeep
|turn|23
|
|t:|1641835567
|switch|p1a: Landorus|Landorus-Therian, M|94/100 brn
|-ability|p1a: Landorus|Intimidate|boost
|-unboost|p2a: Rotom|atk|1
|move|p2a: Rotom|Thunder|p1a: Landorus
|-immune|p1a: Landorus
|
|-heal|p2a: Rotom|74/100 tox|[from] item: Leftovers
|-heal|p1a: Landorus|100/100 brn|[from] item: Leftovers
|-damage|p2a: Rotom|49/100 tox|[from] psn
|-damage|p1a: Landorus|94/100 brn|[from] brn
|upkeep
|turn|24
|
|t:|1641835589
|switch|p1a: Magnezone|Magnezone|29/100
|move|p2a: Rotom|Thunder|p1a: Magnezone
|-resisted|p1a: Magnezone
|-damage|p1a: Magnezone|0 fnt
|faint|p1a: Magnezone
|
|-heal|p2a: Rotom|56/100 tox|[from] item: Leftovers
|-damage|p2a: Rotom|25/100 tox|[from] psn
|upkeep
|
|t:|1641835594
|switch|p1a: Landorus|Landorus-Therian, M|94/100 brn
|-ability|p1a: Landorus|Intimidate|boost
|-unboost|p2a: Rotom|atk|1
|turn|25
|
|t:|1641835601
|move|p2a: Rotom|Volt Switch|p1a: Landorus
|-immune|p1a: Landorus
|move|p1a: Landorus|U-turn|p2a: Rotom
|-resisted|p2a: Rotom
|-damage|p2a: Rotom|17/100 tox
|
|t:|1641835605
|switch|p1a: Corviknight|Corviknight, F|97/100|[from]move: U-turn
|-ability|p1a: Corviknight|Pressure
|
|-heal|p2a: Rotom|23/100 tox|[from] item: Leftovers
|-damage|p2a: Rotom|0 fnt|[from] psn
|faint|p2a: Rotom
|upkeep
|
|t:|1641835616
|switch|p2a: Gyarados|Gyarados, M, shiny|8/100
|-damage|p2a: Gyarados|0 fnt|[from] Stealth Rock
|faint|p2a: Gyarados
|
|t:|1641835620
|switch|p2a: Tyranitar|Tyranitar, M|36/100
|-damage|p2a: Tyranitar|24/100|[from] Stealth Rock
|-weather|Sandstorm|[from] ability: Sand Stream|[of] p2a: Tyranitar
|turn|26
|
|t:|1641835630
|move|p1a: Corviknight|Body Press|p2a: Tyranitar
|-supereffective|p2a: Tyranitar
|-damage|p2a: Tyranitar|0 fnt
|faint|p2a: Tyranitar
|
|win|ratiogod111
|raw|ratiogod111's rating: 1056 &rarr; <strong>1083</strong><br />(+27 for winning)
|raw|simoremet's rating: 1009 &rarr; <strong>1000</strong><br />(-9 for losing)
