|j|☆Max-Elie
|j|☆Redeemed Moulague
|t:|1641827669
|gametype|singles
|player|p1|Max-Elie|shadowtriad|1679
|player|p2|Redeemed Moulague|170|1848
|teamsize|p1|6
|teamsize|p2|6
|gen|8
|tier|[Gen 8] OU
|rated|
|rule|Sleep Clause Mod: Limit one foe put to sleep
|rule|Species Clause: Limit one of each Pokémon
|rule|OHKO Clause: OHKO moves are banned
|rule|Evasion Moves Clause: Evasion moves are banned
|rule|Endless Battle Clause: Forcing endless battles is banned
|rule|HP Percentage Mod: HP is shown in percentages
|rule|Dynamax Clause: You cannot dynamax
|clearpoke
|poke|p1|Pelipper, F|
|poke|p1|Barraskewda, F|
|poke|p1|Ferrothorn, M|
|poke|p1|Regieleki|
|poke|p1|Kartana|
|poke|p1|Zapdos|
|poke|p2|Dragapult, F|
|poke|p2|Ferrothorn, M|
|poke|p2|Heatran, M|
|poke|p2|Nidoking, M|
|poke|p2|Tapu Lele|
|poke|p2|Landorus-Therian, M|
|teampreview
|inactive|Battle timer is ON: inactive players will automatically lose when time's up. (requested by Redeemed Moulague)
|
|t:|1641827690
|start
|switch|p1a: Pelipper|Pelipper, F|100/100
|switch|p2a: Tapu Lele|Tapu Lele|100/100
|-fieldstart|move: Psychic Terrain|[from] ability: Psychic Surge|[of] p2a: Tapu Lele
|-weather|RainDance|[from] ability: Drizzle|[of] p1a: Pelipper
|turn|1
|
|t:|1641827693
|switch|p1a: Ferrothorn|Ferrothorn, M|100/100
|move|p2a: Tapu Lele|Psychic|p1a: Ferrothorn
|-resisted|p1a: Ferrothorn
|-damage|p1a: Ferrothorn|60/100
|
|-weather|RainDance|[upkeep]
|-heal|p1a: Ferrothorn|67/100|[from] item: Leftovers
|upkeep
|turn|2
|
|t:|1641827697
|switch|p2a: Heatran|Heatran, M|100/100
|-item|p2a: Heatran|Air Balloon
|move|p1a: Ferrothorn|Stealth Rock|p2a: Heatran
|-sidestart|p2: Redeemed Moulague|move: Stealth Rock
|
|-weather|RainDance|[upkeep]
|-heal|p1a: Ferrothorn|73/100|[from] item: Leftovers
|upkeep
|turn|3
|
|t:|1641827702
|move|p2a: Heatran|Stealth Rock|p1a: Ferrothorn
|-sidestart|p1: Max-Elie|move: Stealth Rock
|move|p1a: Ferrothorn|Body Press|p2a: Heatran
|-supereffective|p2a: Heatran
|-damage|p2a: Heatran|52/100
|-enditem|p2a: Heatran|Air Balloon
|
|-weather|RainDance|[upkeep]
|-heal|p1a: Ferrothorn|79/100|[from] item: Leftovers
|upkeep
|turn|4
|
|t:|1641827705
|move|p2a: Heatran|Magma Storm|p1a: Ferrothorn
|-supereffective|p1a: Ferrothorn
|-damage|p1a: Ferrothorn|13/100
|-activate|p1a: Ferrothorn|move: Magma Storm|[of] p2a: Heatran
|move|p1a: Ferrothorn|Body Press|p2a: Heatran
|-supereffective|p2a: Heatran
|-crit|p2a: Heatran
|-damage|p2a: Heatran|0 fnt
|faint|p2a: Heatran
|
|-weather|RainDance|[upkeep]
|-heal|p1a: Ferrothorn|20/100|[from] item: Leftovers
|-end|p1a: Ferrothorn|Magma Storm|[partiallytrapped]|[silent]
|upkeep
|
|t:|1641827716
|switch|p2a: Tapu Lele|Tapu Lele|100/100
|-damage|p2a: Tapu Lele|88/100|[from] Stealth Rock
|turn|5
|j| Whiteout 75
|
|t:|1641827726
|move|p2a: Tapu Lele|Psychic|p1a: Ferrothorn
|-resisted|p1a: Ferrothorn
|-damage|p1a: Ferrothorn|0 fnt
|faint|p1a: Ferrothorn
|
|-weather|RainDance|[upkeep]
|-fieldend|move: Psychic Terrain
|upkeep
|
|t:|1641827729
|switch|p1a: Barraskewda|Barraskewda, F|100/100
|-damage|p1a: Barraskewda|88/100|[from] Stealth Rock
|turn|6
|
|t:|1641827731
|switch|p2a: Landorus|Landorus-Therian, M|100/100
|-damage|p2a: Landorus|88/100|[from] Stealth Rock
|-ability|p2a: Landorus|Intimidate|boost
|-unboost|p1a: Barraskewda|atk|1
|move|p1a: Barraskewda|Flip Turn|p2a: Landorus
|-supereffective|p2a: Landorus
|-crit|p2a: Landorus
|-damage|p2a: Landorus|0 fnt
|-damage|p1a: Barraskewda|72/100|[from] item: Rocky Helmet|[of] p2a: Landorus
|faint|p2a: Landorus
|
|t:|1641827739
|switch|p1a: Zapdos|Zapdos|100/100|[from]move: Flip Turn
|-damage|p1a: Zapdos|76/100|[from] Stealth Rock
|
|-weather|RainDance|[upkeep]
|upkeep
|
|t:|1641827743
|switch|p2a: Dragapult|Dragapult, F|100/100
|-damage|p2a: Dragapult|88/100|[from] Stealth Rock
|turn|7
|
|t:|1641827748
|move|p2a: Dragapult|Dragon Darts|p1a: Zapdos
|-damage|p1a: Zapdos|33/100
|-anim|p2a: Dragapult|Dragon Darts|p1a: Zapdos
|-damage|p1a: Zapdos|0 fnt
|faint|p1a: Zapdos
|-damage|p2a: Dragapult|78/100|[from] item: Life Orb
|
|-weather|RainDance|[upkeep]
|upkeep
|
|t:|1641827753
|switch|p1a: Barraskewda|Barraskewda, F|72/100
|-damage|p1a: Barraskewda|60/100|[from] Stealth Rock
|turn|8
|
|t:|1641827755
|switch|p2a: Ferrothorn|Ferrothorn, M|100/100
|-damage|p2a: Ferrothorn|94/100|[from] Stealth Rock
|move|p1a: Barraskewda|Flip Turn|p2a: Ferrothorn
|-resisted|p2a: Ferrothorn
|-damage|p2a: Ferrothorn|72/100
|-damage|p1a: Barraskewda|48/100|[from] ability: Iron Barbs|[of] p2a: Ferrothorn
|
|t:|1641827758
|switch|p1a: Kartana|Kartana|100/100|[from]move: Flip Turn
|-damage|p1a: Kartana|94/100|[from] Stealth Rock
|
|-weather|none
|-heal|p2a: Ferrothorn|78/100|[from] item: Leftovers
|upkeep
|turn|9
|
|t:|1641827779
|switch|p2a: Nidoking|Nidoking, M|100/100
|-damage|p2a: Nidoking|95/100|[from] Stealth Rock
|move|p1a: Kartana|Knock Off|p2a: Nidoking
|-damage|p2a: Nidoking|6/100
|-enditem|p2a: Nidoking|Choice Scarf|[from] move: Knock Off|[of] p1a: Kartana
|
|upkeep
|turn|10
|
|t:|1641827789
|move|p1a: Kartana|Knock Off|p2a: Nidoking
|-damage|p2a: Nidoking|0 fnt
|faint|p2a: Nidoking
|-ability|p1a: Kartana|Beast Boost|boost
|-boost|p1a: Kartana|atk|1
|
|upkeep
|
|t:|1641827792
|switch|p2a: Dragapult|Dragapult, F|78/100
|-damage|p2a: Dragapult|66/100|[from] Stealth Rock
|turn|11
|
|t:|1641827795
|switch|p1a: Pelipper|Pelipper, F|100/100
|-damage|p1a: Pelipper|76/100|[from] Stealth Rock
|-weather|RainDance|[from] ability: Drizzle|[of] p1a: Pelipper
|move|p2a: Dragapult|Fire Blast|p1a: Pelipper
|-resisted|p1a: Pelipper
|-damage|p1a: Pelipper|64/100
|-damage|p2a: Dragapult|56/100|[from] item: Life Orb
|
|-weather|RainDance|[upkeep]
|upkeep
|turn|12
|
|t:|1641827801
|move|p2a: Dragapult|Dragon Darts|p1a: Pelipper
|-damage|p1a: Pelipper|38/100
|-anim|p2a: Dragapult|Dragon Darts|p1a: Pelipper
|-damage|p1a: Pelipper|10/100
|-damage|p2a: Dragapult|47/100|[from] item: Life Orb
|move|p1a: Pelipper|Defog|p2a: Dragapult
|-fail|p2a: Dragapult|unboost|[from] ability: Clear Body|[of] p2a: Dragapult
|-sideend|p2: Redeemed Moulague|Stealth Rock|[from] move: Defog|[of] p1a: Pelipper
|-sideend|p1: Max-Elie|Stealth Rock|[from] move: Defog|[of] p1a: Pelipper
|
|-weather|RainDance|[upkeep]
|upkeep
|turn|13
|j| Lane_Alih
|
|t:|1641827806
|move|p2a: Dragapult|Dragon Dance|p2a: Dragapult
|-boost|p2a: Dragapult|atk|1
|-boost|p2a: Dragapult|spe|1
|move|p1a: Pelipper|Scald|p2a: Dragapult
|-resisted|p2a: Dragapult
|-damage|p2a: Dragapult|19/100
|-status|p2a: Dragapult|brn
|
|-weather|RainDance|[upkeep]
|-damage|p2a: Dragapult|13/100 brn|[from] brn
|upkeep
|turn|14
|
|t:|1641827812
|move|p2a: Dragapult|Phantom Force||[still]
|-prepare|p2a: Dragapult|Phantom Force
|move|p1a: Pelipper|Scald|p2a: Dragapult|[miss]
|-miss|p1a: Pelipper|p2a: Dragapult
|
|-weather|RainDance|[upkeep]
|-damage|p2a: Dragapult|7/100 brn|[from] brn
|upkeep
|turn|15
|
|t:|1641827828
|move|p2a: Dragapult|Phantom Force|p1a: Pelipper|[from]lockedmove
|-damage|p1a: Pelipper|0 fnt
|faint|p1a: Pelipper
|-damage|p2a: Dragapult|0 fnt|[from] item: Life Orb
|faint|p2a: Dragapult
|
|-weather|RainDance|[upkeep]
|upkeep
|
|t:|1641827832
|switch|p2a: Ferrothorn|Ferrothorn, M|78/100
|switch|p1a: Barraskewda|Barraskewda, F|48/100
|turn|16
|
|t:|1641827834
|move|p2a: Ferrothorn|Protect|p2a: Ferrothorn
|-singleturn|p2a: Ferrothorn|Protect
|move|p1a: Barraskewda|Close Combat|p2a: Ferrothorn
|-activate|p2a: Ferrothorn|move: Protect
|
|-weather|RainDance|[upkeep]
|-heal|p2a: Ferrothorn|85/100|[from] item: Leftovers
|upkeep
|turn|17
|
|t:|1641827840
|switch|p2a: Tapu Lele|Tapu Lele|88/100
|-fieldstart|move: Psychic Terrain|[from] ability: Psychic Surge|[of] p2a: Tapu Lele
|move|p1a: Barraskewda|Close Combat|p2a: Tapu Lele
|-resisted|p2a: Tapu Lele
|-damage|p2a: Tapu Lele|62/100
|-unboost|p1a: Barraskewda|def|1
|-unboost|p1a: Barraskewda|spd|1
|
|-weather|RainDance|[upkeep]
|upkeep
|turn|18
|
|t:|1641827844
|move|p1a: Barraskewda|Close Combat|p2a: Tapu Lele
|-resisted|p2a: Tapu Lele
|-damage|p2a: Tapu Lele|36/100
|-unboost|p1a: Barraskewda|def|1
|-unboost|p1a: Barraskewda|spd|1
|move|p2a: Tapu Lele|Psychic|p1a: Barraskewda
|-damage|p1a: Barraskewda|0 fnt
|faint|p1a: Barraskewda
|
|-weather|none
|upkeep
|
|t:|1641827847
|switch|p1a: Regieleki|Regieleki|100/100
|turn|19
|
|t:|1641827857
|switch|p2a: Ferrothorn|Ferrothorn, M|85/100
|move|p1a: Regieleki|Volt Switch|p2a: Ferrothorn
|-resisted|p2a: Ferrothorn
|-damage|p2a: Ferrothorn|57/100
|
|t:|1641827860
|switch|p1a: Kartana|Kartana|94/100|[from]move: Volt Switch
|
|-heal|p2a: Ferrothorn|63/100|[from] item: Leftovers
|upkeep
|turn|20
|
|t:|1641827887
|move|p2a: Ferrothorn|Protect|p2a: Ferrothorn
|-singleturn|p2a: Ferrothorn|Protect
|move|p1a: Kartana|Knock Off|p2a: Ferrothorn
|-activate|p2a: Ferrothorn|move: Protect
|
|-heal|p2a: Ferrothorn|69/100|[from] item: Leftovers
|upkeep
|turn|21
|
|t:|1641827900
|move|p1a: Kartana|Knock Off|p2a: Ferrothorn
|-damage|p2a: Ferrothorn|29/100
|-damage|p1a: Kartana|82/100|[from] ability: Iron Barbs|[of] p2a: Ferrothorn
|-enditem|p2a: Ferrothorn|Leftovers|[from] move: Knock Off|[of] p1a: Kartana
|move|p2a: Ferrothorn|Spikes|p1a: Kartana
|-sidestart|p1: Max-Elie|Spikes
|
|-fieldend|move: Psychic Terrain
|upkeep
|turn|22
|l|☆Redeemed Moulague
|inactive|Redeemed Moulague disconnected and has a minute to reconnect!
|player|p2|
|c|☆Max-Elie|Gg
|inactive|Redeemed Moulague has 30 seconds to reconnect!
|inactive|Redeemed Moulague has 20 seconds to reconnect!
|inactive|Redeemed Moulague has 15 seconds to reconnect!
|inactive|Redeemed Moulague has 10 seconds to reconnect!
|inactive|Redeemed Moulague has 5 seconds to reconnect!
|-message|Redeemed Moulague lost due to inactivity.
|
|win|Max-Elie
|raw|Max-Elie's rating: 1679 &rarr; <strong>1708</strong><br />(+29 for winning)
|raw|Redeemed Moulague's rating: 1848 &rarr; <strong>1819</strong><br />(-29 for losing)
||Ladder isn't responding, score probably updated but might not have (Request timeout).
