|j|☆Sanjogbiswas
|j|☆Hamdidu06
|t:|1641833901
|gametype|singles
|player|p1|Sanjogbiswas|dawn|1385
|player|p2|Hamdidu06|veteran|1366
|teamsize|p1|6
|teamsize|p2|6
|gen|8
|tier|[Gen 8] OU
|rated|
|rule|Sleep Clause Mod: Limit one foe put to sleep
|rule|Species Clause: Limit one of each Pokémon
|rule|OHKO Clause: OHKO moves are banned
|rule|Evasion Moves Clause: Evasion moves are banned
|rule|Endless Battle Clause: Forcing endless battles is banned
|rule|HP Percentage Mod: HP is shown in percentages
|rule|Dynamax Clause: You cannot dynamax
|clearpoke
|poke|p1|Tapu Bulu|
|poke|p1|Slowbro, F|
|poke|p1|Urshifu-*, M|
|poke|p1|Heatran, F|
|poke|p1|Zygarde-10%|
|poke|p1|Corviknight, F|
|poke|p2|Hatterene, F|
|poke|p2|Crawdaunt, F|
|poke|p2|Melmetal|
|poke|p2|Cresselia, F|
|poke|p2|Marowak-Alola, M|
|poke|p2|Porygon2|
|teampreview
|inactive|Battle timer is ON: inactive players will automatically lose when time's up. (requested by Hamdidu06)
|
|t:|1641833919
|start
|switch|p1a: Urshifu|Urshifu-Rapid-Strike, M|100/100
|switch|p2a: Hatterene|Hatterene, F|100/100
|turn|1
|
|t:|1641833925
|move|p1a: Urshifu|Surging Strikes|p2a: Hatterene
|-crit|p2a: Hatterene
|-damage|p2a: Hatterene|79/100
|-crit|p2a: Hatterene
|-damage|p2a: Hatterene|56/100
|-crit|p2a: Hatterene
|-damage|p2a: Hatterene|32/100
|-hitcount|p2a: Hatterene|3
|move|p2a: Hatterene|Trick Room|p2a: Hatterene
|-fieldstart|move: Trick Room|[of] p2a: Hatterene
|
|upkeep
|turn|2
|
|t:|1641833933
|switch|p1a: Corviknight|Corviknight, F|100/100
|-ability|p1a: Corviknight|Pressure
|move|p2a: Hatterene|Dazzling Gleam|p1a: Corviknight
|-resisted|p1a: Corviknight
|-damage|p1a: Corviknight|72/100
|-damage|p2a: Hatterene|23/100|[from] item: Life Orb
|
|upkeep
|turn|3
|
|t:|1641833939
|move|p2a: Hatterene|Misty Explosion|p1a: Corviknight
|-resisted|p1a: Corviknight
|-damage|p1a: Corviknight|41/100
|faint|p2a: Hatterene
|move|p1a: Corviknight|Brave Bird|p2: Hatterene|[notarget]
|-fail|p1a: Corviknight
|
|upkeep
|
|t:|1641833952
|switch|p2a: Marowak|Marowak-Alola, M|100/100
|turn|4
|
|t:|1641833957
|move|p1a: Corviknight|Brave Bird|p2a: Marowak
|-damage|p2a: Marowak|54/100
|-damage|p1a: Corviknight|31/100|[from] Recoil
|move|p2a: Marowak|Flare Blitz|p1a: Corviknight
|-supereffective|p1a: Corviknight
|-damage|p1a: Corviknight|0 fnt
|-damage|p2a: Marowak|38/100|[from] item: Rocky Helmet|[of] p1a: Corviknight
|faint|p1a: Corviknight
|
|upkeep
|
|t:|1641833963
|switch|p1a: Slowbro|Slowbro, F|100/100
|turn|5
|
|t:|1641833969
|move|p1a: Slowbro|Scald|p2a: Marowak
|-supereffective|p2a: Marowak
|-damage|p2a: Marowak|0 fnt
|faint|p2a: Marowak
|
|-fieldend|move: Trick Room
|upkeep
|
|t:|1641833973
|switch|p2a: Crawdaunt|Crawdaunt, F|100/100
|turn|6
|
|t:|1641833980
|switch|p1a: Urshifu|Urshifu-Rapid-Strike, M|100/100
|move|p2a: Crawdaunt|Knock Off|p1a: Urshifu
|-resisted|p1a: Urshifu
|-damage|p1a: Urshifu|57/100
|-enditem|p1a: Urshifu|Choice Scarf|[from] move: Knock Off|[of] p2a: Crawdaunt
|-damage|p2a: Crawdaunt|91/100|[from] item: Life Orb
|
|upkeep
|turn|7
|
|t:|1641833988
|switch|p2a: Cresselia|Cresselia, F|100/100
|move|p1a: Urshifu|U-turn|p2a: Cresselia
|-supereffective|p2a: Cresselia
|-damage|p2a: Cresselia|76/100
|
|t:|1641833995
|switch|p1a: Heatran|Heatran, F|100/100|[from]move: U-turn
|
|upkeep
|turn|8
|
|t:|1641834001
|move|p1a: Heatran|Taunt|p2a: Cresselia
|-start|p2a: Cresselia|move: Taunt
|-enditem|p2a: Cresselia|Mental Herb
|-end|p2a: Cresselia|move: Taunt
|move|p2a: Cresselia|Trick Room|p2a: Cresselia
|-fieldstart|move: Trick Room|[of] p2a: Cresselia
|
|upkeep
|turn|9
|
|t:|1641834014
|switch|p2a: Crawdaunt|Crawdaunt, F|91/100
|move|p1a: Heatran|Magma Storm|p2a: Crawdaunt
|-resisted|p2a: Crawdaunt
|-damage|p2a: Crawdaunt|44/100
|-activate|p2a: Crawdaunt|move: Magma Storm|[of] p1a: Heatran
|
|-damage|p2a: Crawdaunt|32/100|[from] move: Magma Storm|[partiallytrapped]
|upkeep
|turn|10
|
|t:|1641834024
|move|p2a: Crawdaunt|Crabhammer|p1a: Heatran
|-supereffective|p1a: Heatran
|-damage|p1a: Heatran|0 fnt
|faint|p1a: Heatran
|-damage|p2a: Crawdaunt|22/100|[from] item: Life Orb
|
|-end|p2a: Crawdaunt|Magma Storm|[partiallytrapped]|[silent]
|upkeep
|
|t:|1641834030
|switch|p1a: Slowbro|Slowbro, F|100/100
|turn|11
|
|t:|1641834036
|move|p1a: Slowbro|Scald|p2a: Crawdaunt
|-resisted|p2a: Crawdaunt
|-damage|p2a: Crawdaunt|0 fnt
|faint|p2a: Crawdaunt
|
|upkeep
|
|t:|1641834042
|switch|p2a: Melmetal|Melmetal|100/100
|turn|12
|
|t:|1641834046
|move|p1a: Slowbro|Scald|p2a: Melmetal
|-damage|p2a: Melmetal|66/100
|move|p2a: Melmetal|Thunder Punch|p1a: Slowbro
|-supereffective|p1a: Slowbro
|-damage|p1a: Slowbro|31/100
|-damage|p2a: Melmetal|50/100|[from] item: Rocky Helmet|[of] p1a: Slowbro
|
|-fieldend|move: Trick Room
|upkeep
|turn|13
|
|t:|1641834056
|switch|p2a: Cresselia|Cresselia, F|76/100
|switch|p1a: Zygarde|Zygarde-10%|100/100
|-ability|p1a: Zygarde|Aura Break
|
|upkeep
|turn|14
|
|t:|1641834070
|move|p1a: Zygarde|Thousand Arrows|p2a: Cresselia
|-damage|p2a: Cresselia|52/100
|-start|p2a: Cresselia|Smack Down
|move|p2a: Cresselia|Trick Room|p2a: Cresselia
|-fieldstart|move: Trick Room|[of] p2a: Cresselia
|
|upkeep
|turn|15
|
|t:|1641834077
|move|p1a: Zygarde|Thousand Arrows|p2a: Cresselia
|-damage|p2a: Cresselia|27/100
|move|p2a: Cresselia|Ice Beam|p1a: Zygarde
|-supereffective|p1a: Zygarde
|-damage|p1a: Zygarde|26/100
|
|upkeep
|turn|16
|
|t:|1641834089
|switch|p1a: Slowbro|Slowbro, F|65/100
|move|p2a: Cresselia|Lunar Dance|p2a: Cresselia
|faint|p2a: Cresselia
|
|upkeep
|
|t:|1641834091
|switch|p2a: Melmetal|Melmetal|50/100
|-heal|p2a: Melmetal|100/100|[from] move: Lunar Dance
|turn|17
|
|t:|1641834096
|switch|p1a: Zygarde|Zygarde-10%|26/100
|-ability|p1a: Zygarde|Aura Break
|move|p2a: Melmetal|Double Iron Bash|p1a: Zygarde
|-damage|p1a: Zygarde|0 fnt
|faint|p1a: Zygarde
|-hitcount|p1: Zygarde|1
|
|upkeep
|
|t:|1641834105
|switch|p1a: Slowbro|Slowbro, F|98/100
|turn|18
|
|t:|1641834108
|move|p1a: Slowbro|Scald|p2a: Melmetal
|-damage|p2a: Melmetal|68/100
|move|p2a: Melmetal|Double Iron Bash|p1a: Slowbro
|-resisted|p1a: Slowbro
|-damage|p1a: Slowbro|77/100
|-damage|p2a: Melmetal|52/100|[from] item: Rocky Helmet|[of] p1a: Slowbro
|-resisted|p1a: Slowbro
|-damage|p1a: Slowbro|59/100
|-damage|p2a: Melmetal|35/100|[from] item: Rocky Helmet|[of] p1a: Slowbro
|-hitcount|p1a: Slowbro|2
|
|-fieldend|move: Trick Room
|upkeep
|turn|19
|
|t:|1641834115
|switch|p2a: Porygon2|Porygon2|100/100
|-ability|p2a: Porygon2|Regenerator|[from] ability: Trace|[of] p1a: Slowbro
|move|p1a: Slowbro|Scald|p2a: Porygon2
|-damage|p2a: Porygon2|87/100
|
|upkeep
|turn|20
|
|t:|1641834125
|switch|p1a: Tapu Bulu|Tapu Bulu|100/100
|-fieldstart|move: Grassy Terrain|[from] ability: Grassy Surge|[of] p1a: Tapu Bulu
|move|p2a: Porygon2|Tri Attack|p1a: Tapu Bulu
|-damage|p1a: Tapu Bulu|63/100
|
|-heal|p1a: Tapu Bulu|69/100|[from] Grassy Terrain
|-heal|p2a: Porygon2|94/100|[from] Grassy Terrain
|upkeep
|turn|21
|
|t:|1641834141
|move|p1a: Tapu Bulu|Horn Leech|p2a: Porygon2
|-damage|p2a: Porygon2|37/100
|-heal|p1a: Tapu Bulu|100/100|[from] drain|[of] p2a: Porygon2
|move|p2a: Porygon2|Trick Room|p2a: Porygon2
|-fieldstart|move: Trick Room|[of] p2a: Porygon2
|
|-heal|p2a: Porygon2|43/100|[from] Grassy Terrain
|upkeep
|turn|22
|
|t:|1641834150
|move|p2a: Porygon2|Tri Attack|p1a: Tapu Bulu
|-damage|p1a: Tapu Bulu|66/100
|-status|p1a: Tapu Bulu|brn
|move|p1a: Tapu Bulu|Horn Leech|p2a: Porygon2
|-damage|p2a: Porygon2|14/100
|-heal|p1a: Tapu Bulu|85/100 brn|[from] drain|[of] p2a: Porygon2
|
|-heal|p2a: Porygon2|20/100|[from] Grassy Terrain
|-heal|p1a: Tapu Bulu|92/100 brn|[from] Grassy Terrain
|-damage|p1a: Tapu Bulu|85/100 brn|[from] brn
|upkeep
|turn|23
|
|t:|1641834156
|move|p2a: Porygon2|Recover|p2a: Porygon2
|-heal|p2a: Porygon2|70/100
|move|p1a: Tapu Bulu|Horn Leech|p2a: Porygon2
|-damage|p2a: Porygon2|40/100
|-heal|p1a: Tapu Bulu|100/100 brn|[from] drain|[of] p2a: Porygon2
|
|-heal|p2a: Porygon2|46/100|[from] Grassy Terrain
|-damage|p1a: Tapu Bulu|94/100 brn|[from] brn
|upkeep
|turn|24
|
|t:|1641834162
|switch|p1a: Slowbro|Slowbro, F|92/100
|move|p2a: Porygon2|Recover|p2a: Porygon2
|-heal|p2a: Porygon2|96/100
|
|-heal|p1a: Slowbro|98/100|[from] Grassy Terrain
|-heal|p2a: Porygon2|100/100|[from] Grassy Terrain
|-fieldend|move: Grassy Terrain
|upkeep
|turn|25
|
|t:|1641834168
|move|p1a: Slowbro|Future Sight|p2a: Porygon2
|-start|p1a: Slowbro|move: Future Sight
|move|p2a: Porygon2|Tri Attack|p1a: Slowbro
|-damage|p1a: Slowbro|66/100
|
|-fieldend|move: Trick Room
|upkeep
|turn|26
|
|t:|1641834173
|switch|p1a: Tapu Bulu|Tapu Bulu|94/100 brn
|-fieldstart|move: Grassy Terrain|[from] ability: Grassy Surge|[of] p1a: Tapu Bulu
|move|p2a: Porygon2|Trick Room|p2a: Porygon2
|-fieldstart|move: Trick Room|[of] p2a: Porygon2
|
|-heal|p1a: Tapu Bulu|100/100 brn|[from] Grassy Terrain
|-damage|p1a: Tapu Bulu|94/100 brn|[from] brn
|upkeep
|turn|27
|
|t:|1641834182
|move|p2a: Porygon2|Tri Attack|p1a: Tapu Bulu
|-damage|p1a: Tapu Bulu|60/100 brn
|move|p1a: Tapu Bulu|Close Combat|p2a: Porygon2
|-supereffective|p2a: Porygon2
|-damage|p2a: Porygon2|54/100
|-unboost|p1a: Tapu Bulu|def|1
|-unboost|p1a: Tapu Bulu|spd|1
|
|-end|p2a: Porygon2|move: Future Sight
|-damage|p2a: Porygon2|33/100
|-heal|p2a: Porygon2|40/100|[from] Grassy Terrain
|-heal|p1a: Tapu Bulu|66/100 brn|[from] Grassy Terrain
|-damage|p1a: Tapu Bulu|60/100 brn|[from] brn
|upkeep
|turn|28
|
|t:|1641834190
|move|p2a: Porygon2|Tri Attack|p1a: Tapu Bulu
|-damage|p1a: Tapu Bulu|8/100 brn
|move|p1a: Tapu Bulu|Close Combat|p2a: Porygon2
|-supereffective|p2a: Porygon2
|-damage|p2a: Porygon2|0 fnt
|-unboost|p1a: Tapu Bulu|def|1
|-unboost|p1a: Tapu Bulu|spd|1
|faint|p2a: Porygon2
|
|-heal|p1a: Tapu Bulu|14/100 brn|[from] Grassy Terrain
|-damage|p1a: Tapu Bulu|8/100 brn|[from] brn
|upkeep
|
|t:|1641834193
|switch|p2a: Melmetal|Melmetal|35/100
|turn|29
|
|t:|1641834197
|move|p2a: Melmetal|Thunder Punch|p1a: Tapu Bulu
|-resisted|p1a: Tapu Bulu
|-damage|p1a: Tapu Bulu|0 fnt
|faint|p1a: Tapu Bulu
|
|-heal|p2a: Melmetal|41/100|[from] Grassy Terrain
|upkeep
|
|t:|1641834207
|switch|p1a: Slowbro|Slowbro, F|99/100
|turn|30
|
|t:|1641834210
|move|p1a: Slowbro|Scald|p2a: Melmetal
|-damage|p2a: Melmetal|11/100
|move|p2a: Melmetal|Thunder Punch|p1a: Slowbro
|-supereffective|p1a: Slowbro
|-damage|p1a: Slowbro|31/100
|-damage|p2a: Melmetal|0 fnt|[from] item: Rocky Helmet|[of] p1a: Slowbro
|faint|p2a: Melmetal
|
|win|Sanjogbiswas
|raw|Sanjogbiswas's rating: 1385 &rarr; <strong>1404</strong><br />(+19 for winning)
|raw|Hamdidu06's rating: 1366 &rarr; <strong>1347</strong><br />(-19 for losing)
|l|☆Hamdidu06
|c|☆Sanjogbiswas|Gg
||Ladder isn't responding, score probably updated but might not have (Request timeout).
