|j|☆AFCarmonix
|j|☆greystaple
|t:|1641825427
|gametype|singles
|player|p1|AFCarmonix|blue|1632
|player|p2|greystaple|hilbert-wonderlauncher|1681
|teamsize|p1|6
|teamsize|p2|6
|gen|8
|tier|[Gen 8] OU
|rated|
|rule|Sleep Clause Mod: Limit one foe put to sleep
|rule|Species Clause: Limit one of each Pokémon
|rule|OHKO Clause: OHKO moves are banned
|rule|Evasion Moves Clause: Evasion moves are banned
|rule|Endless Battle Clause: Forcing endless battles is banned
|rule|HP Percentage Mod: HP is shown in percentages
|rule|Dynamax Clause: You cannot dynamax
|clearpoke
|poke|p1|Rillaboom, M|
|poke|p1|Magnezone|
|poke|p1|Tornadus-Therian, M|
|poke|p1|Mamoswine, M|
|poke|p1|Urshifu-*, M|
|poke|p1|Blacephalon|
|poke|p2|Garchomp, M|
|poke|p2|Melmetal|
|poke|p2|Tapu Lele|
|poke|p2|Tornadus-Therian, M|
|poke|p2|Ferrothorn, F|
|poke|p2|Rotom-Wash|
|teampreview
|
|t:|1641825470
|start
|switch|p1a: Urshifu|Urshifu-Rapid-Strike, M|100/100
|switch|p2a: Tapu Lele|Tapu Lele|100/100
|-fieldstart|move: Psychic Terrain|[from] ability: Psychic Surge|[of] p2a: Tapu Lele
|turn|1
|
|t:|1641825515
|switch|p1a: Magnezone|Magnezone|100/100
|move|p2a: Tapu Lele|Psychic|p1a: Magnezone
|-resisted|p1a: Magnezone
|-damage|p1a: Magnezone|59/100
|
|upkeep
|turn|2
|j| lollooll
|
|t:|1641825536
|switch|p2a: Garchomp|Garchomp, M|100/100
|move|p1a: Magnezone|Volt Switch|p2a: Garchomp
|-immune|p2a: Garchomp
|
|upkeep
|turn|3
|
|t:|1641825548
|switch|p1a: Tornadus|Tornadus-Therian, M|100/100
|move|p2a: Garchomp|Earthquake|p1a: Tornadus
|-immune|p1a: Tornadus
|
|upkeep
|turn|4
|
|t:|1641825552
|move|p1a: Tornadus|Knock Off|p2a: Garchomp
|-damage|p2a: Garchomp|80/100
|-damage|p1a: Tornadus|88/100|[from] ability: Rough Skin|[of] p2a: Garchomp
|-enditem|p2a: Garchomp|Leftovers|[from] move: Knock Off|[of] p1a: Tornadus
|move|p2a: Garchomp|Scale Shot|p1a: Tornadus
|-crit|p1a: Tornadus
|-damage|p1a: Tornadus|67/100
|-damage|p1a: Tornadus|53/100
|-damage|p1a: Tornadus|40/100
|-damage|p1a: Tornadus|26/100
|-hitcount|p1a: Tornadus|4
|-unboost|p2a: Garchomp|def|1
|-boost|p2a: Garchomp|spe|1
|
|upkeep
|turn|5
|
|t:|1641825625
|switch|p1a: Mamoswine|Mamoswine, M|100/100
|move|p2a: Garchomp|Scale Shot|p1a: Mamoswine
|-damage|p1a: Mamoswine|84/100
|-damage|p1a: Mamoswine|69/100
|-damage|p1a: Mamoswine|53/100
|-hitcount|p1a: Mamoswine|3
|-unboost|p2a: Garchomp|def|1
|-boost|p2a: Garchomp|spe|1
|
|-fieldend|move: Psychic Terrain
|upkeep
|turn|6
|inactive|Battle timer is ON: inactive players will automatically lose when time's up. (requested by AFCarmonix)
|
|t:|1641825631
|switch|p2a: Rotom|Rotom-Wash|100/100
|move|p1a: Mamoswine|Stealth Rock|p2a: Rotom
|-sidestart|p2: greystaple|move: Stealth Rock
|
|upkeep
|turn|7
|
|t:|1641825642
|switch|p1a: Urshifu|Urshifu-Rapid-Strike, M|100/100
|move|p2a: Rotom|Will-O-Wisp|p1a: Urshifu
|-status|p1a: Urshifu|brn
|
|-damage|p1a: Urshifu|94/100 brn|[from] brn
|upkeep
|turn|8
|
|t:|1641825647
|move|p1a: Urshifu|Close Combat|p2a: Rotom
|-damage|p2a: Rotom|50/100
|-unboost|p1a: Urshifu|def|1
|-unboost|p1a: Urshifu|spd|1
|move|p2a: Rotom|Defog|p1a: Urshifu
|-unboost|p1a: Urshifu|evasion|1
|-sideend|p2: greystaple|Stealth Rock|[from] move: Defog|[of] p2a: Rotom
|
|-heal|p2a: Rotom|56/100|[from] item: Leftovers
|-damage|p1a: Urshifu|88/100 brn|[from] brn
|upkeep
|turn|9
|
|t:|1641825663
|switch|p1a: Blacephalon|Blacephalon|100/100
|switch|p2a: Tornadus|Tornadus-Therian, M|100/100
|
|upkeep
|turn|10
|
|t:|1641825669
|move|p1a: Blacephalon|Shadow Ball|p2a: Tornadus
|-damage|p2a: Tornadus|68/100
|move|p2a: Tornadus|Knock Off|p1a: Blacephalon
|-supereffective|p1a: Blacephalon
|-crit|p1a: Blacephalon
|-damage|p1a: Blacephalon|0 fnt
|-enditem|p1a: Blacephalon|Choice Scarf|[from] move: Knock Off|[of] p2a: Tornadus
|faint|p1a: Blacephalon
|
|upkeep
|
|t:|1641825674
|switch|p1a: Mamoswine|Mamoswine, M|53/100
|turn|11
|inactive|greystaple has 120 seconds left.
|
|t:|1641825709
|switch|p2a: Rotom|Rotom-Wash|56/100
|move|p1a: Mamoswine|Stealth Rock|p2a: Rotom
|-sidestart|p2: greystaple|move: Stealth Rock
|
|-heal|p2a: Rotom|62/100|[from] item: Leftovers
|upkeep
|turn|12
|inactive|greystaple has 120 seconds left.
|
|t:|1641825728
|switch|p1a: Magnezone|Magnezone|59/100
|move|p2a: Rotom|Defog|p1a: Magnezone
|-unboost|p1a: Magnezone|evasion|1
|-sideend|p2: greystaple|Stealth Rock|[from] move: Defog|[of] p2a: Rotom
|
|-heal|p2a: Rotom|68/100|[from] item: Leftovers
|upkeep
|turn|13
|
|t:|1641825735
|move|p2a: Rotom|Volt Switch|p1a: Magnezone
|-resisted|p1a: Magnezone
|-damage|p1a: Magnezone|44/100
|
|t:|1641825739
|switch|p2a: Garchomp|Garchomp, M|80/100|[from]move: Volt Switch
|move|p1a: Magnezone|Flash Cannon|p2a: Garchomp
|-damage|p2a: Garchomp|3/100
|
|upkeep
|turn|14
|
|t:|1641825746
|switch|p1a: Urshifu|Urshifu-Rapid-Strike, M|88/100 brn
|move|p2a: Garchomp|Fire Fang|p1a: Urshifu|[miss]
|-miss|p2a: Garchomp|p1a: Urshifu
|
|-damage|p1a: Urshifu|82/100 brn|[from] brn
|upkeep
|turn|15
|
|t:|1641825758
|switch|p2a: Tornadus|Tornadus-Therian, M|100/100
|move|p1a: Urshifu|U-turn|p2a: Tornadus
|-resisted|p2a: Tornadus
|-damage|p2a: Tornadus|90/100
|
|t:|1641825763
|switch|p1a: Mamoswine|Mamoswine, M|53/100|[from]move: U-turn
|
|upkeep
|turn|16
|
|t:|1641825769
|move|p2a: Tornadus|U-turn|p1a: Mamoswine
|-damage|p1a: Mamoswine|37/100
|
|t:|1641825772
|switch|p2a: Rotom|Rotom-Wash|68/100|[from]move: U-turn
|move|p1a: Mamoswine|Stealth Rock|p2a: Rotom
|-sidestart|p2: greystaple|move: Stealth Rock
|
|-heal|p2a: Rotom|75/100|[from] item: Leftovers
|upkeep
|turn|17
|
|t:|1641825774
|move|p1a: Mamoswine|Icicle Crash|p2a: Rotom
|-resisted|p2a: Rotom
|-damage|p2a: Rotom|51/100
|move|p2a: Rotom|Defog|p1a: Mamoswine
|-unboost|p1a: Mamoswine|evasion|1
|-sideend|p2: greystaple|Stealth Rock|[from] move: Defog|[of] p2a: Rotom
|
|-heal|p2a: Rotom|57/100|[from] item: Leftovers
|upkeep
|turn|18
|
|t:|1641825781
|move|p1a: Mamoswine|Stealth Rock|p2a: Rotom
|-sidestart|p2: greystaple|move: Stealth Rock
|move|p2a: Rotom|Hydro Pump|p1a: Mamoswine
|-supereffective|p1a: Mamoswine
|-damage|p1a: Mamoswine|0 fnt
|faint|p1a: Mamoswine
|
|-heal|p2a: Rotom|63/100|[from] item: Leftovers
|upkeep
|
|t:|1641825783
|switch|p1a: Magnezone|Magnezone|44/100
|turn|19
|
|t:|1641825786
|move|p2a: Rotom|Defog|p1a: Magnezone
|-unboost|p1a: Magnezone|evasion|1
|-sideend|p2: greystaple|Stealth Rock|[from] move: Defog|[of] p2a: Rotom
|move|p1a: Magnezone|Thunderbolt|p2a: Rotom
|-damage|p2a: Rotom|0 fnt
|faint|p2a: Rotom
|
|upkeep
|l| lollooll
|
|t:|1641825797
|switch|p2a: Tornadus|Tornadus-Therian, M|100/100
|turn|20
|
|t:|1641825800
|switch|p1a: Tornadus|Tornadus-Therian, M|59/100
|move|p2a: Tornadus|Heat Wave|p1a: Tornadus
|-damage|p1a: Tornadus|37/100
|-status|p1a: Tornadus|brn
|
|-damage|p1a: Tornadus|31/100 brn|[from] brn
|upkeep
|turn|21
|
|t:|1641825813
|switch|p1a: Urshifu|Urshifu-Rapid-Strike, M|82/100 brn
|switch|p2a: Garchomp|Garchomp, M|3/100
|
|-damage|p1a: Urshifu|76/100 brn|[from] brn
|upkeep
|turn|22
|
|t:|1641825818
|move|p2a: Garchomp|Scale Shot|p1a: Urshifu
|-damage|p1a: Urshifu|63/100 brn
|-damage|p1a: Urshifu|50/100 brn
|-hitcount|p1a: Urshifu|2
|-unboost|p2a: Garchomp|def|1
|-boost|p2a: Garchomp|spe|1
|move|p1a: Urshifu|U-turn|p2a: Garchomp
|-damage|p2a: Garchomp|0 fnt
|-damage|p1a: Urshifu|38/100 brn|[from] ability: Rough Skin|[of] p2a: Garchomp
|faint|p2a: Garchomp
|
|t:|1641825821
|switch|p1a: Tornadus|Tornadus-Therian, M|64/100 brn|[from]move: U-turn
|
|-damage|p1a: Tornadus|58/100 brn|[from] brn
|upkeep
|
|t:|1641825833
|switch|p2a: Melmetal|Melmetal|100/100
|turn|23
|
|t:|1641825845
|move|p1a: Tornadus|U-turn|p2a: Melmetal
|-resisted|p2a: Melmetal
|-damage|p2a: Melmetal|98/100
|
|t:|1641825847
|switch|p1a: Magnezone|Magnezone|44/100|[from]move: U-turn
|move|p2a: Melmetal|Double Iron Bash|p1a: Magnezone
|-resisted|p1a: Magnezone
|-damage|p1a: Magnezone|32/100
|-resisted|p1a: Magnezone
|-damage|p1a: Magnezone|20/100
|-hitcount|p1a: Magnezone|2
|
|upkeep
|turn|24
|
|t:|1641825855
|move|p1a: Magnezone|Volt Switch|p2a: Melmetal
|-damage|p2a: Melmetal|30/100
|
|t:|1641825857
|switch|p1a: Tornadus|Tornadus-Therian, M|91/100 brn|[from]move: Volt Switch
|move|p2a: Melmetal|Double Iron Bash|p1a: Tornadus
|-damage|p1a: Tornadus|43/100 brn
|-damage|p1a: Tornadus|0 fnt
|faint|p1a: Tornadus
|-hitcount|p1: Tornadus|2
|
|upkeep
|
|t:|1641825859
|switch|p1a: Magnezone|Magnezone|20/100
|turn|25
|
|t:|1641825864
|move|p1a: Magnezone|Thunderbolt|p2a: Melmetal
|-damage|p2a: Melmetal|0 fnt
|faint|p2a: Melmetal
|
|upkeep
|
|t:|1641825867
|switch|p2a: Tornadus|Tornadus-Therian, M|100/100
|turn|26
|
|t:|1641825872
|switch|p1a: Urshifu|Urshifu-Rapid-Strike, M|38/100 brn
|move|p2a: Tornadus|Heat Wave|p1a: Urshifu
|-resisted|p1a: Urshifu
|-damage|p1a: Urshifu|19/100 brn
|
|-damage|p1a: Urshifu|13/100 brn|[from] brn
|upkeep
|turn|27
|
|t:|1641825879
|move|p2a: Tornadus|Heat Wave|p1a: Urshifu
|-resisted|p1a: Urshifu
|-damage|p1a: Urshifu|0 fnt
|faint|p1a: Urshifu
|
|upkeep
|
|t:|1641825886
|switch|p1a: Magnezone|Magnezone|20/100
|turn|28
|
|t:|1641825889
|move|p2a: Tornadus|Heat Wave|p1a: Magnezone
|-supereffective|p1a: Magnezone
|-damage|p1a: Magnezone|0 fnt
|faint|p1a: Magnezone
|
|upkeep
|
|t:|1641825892
|switch|p1a: Rillaboom|Rillaboom, M|100/100
|-fieldstart|move: Grassy Terrain|[from] ability: Grassy Surge|[of] p1a: Rillaboom
|turn|29
|
|t:|1641825896
|move|p2a: Tornadus|Hurricane|p1a: Rillaboom
|-supereffective|p1a: Rillaboom
|-damage|p1a: Rillaboom|0 fnt
|faint|p1a: Rillaboom
|
|win|greystaple
|raw|AFCarmonix's rating: 1632 &rarr; <strong>1615</strong><br />(-17 for losing)
|raw|greystaple's rating: 1681 &rarr; <strong>1698</strong><br />(+17 for winning)
|l|☆AFCarmonix
|c|☆greystaple|gg
