|j|☆86thesweetpotato
|j|‽testingbot42o
|t:|1641709305
|gametype|singles
|player|p1|86thesweetpotato|1|1337
|player|p2|testingbot42o|102|1370
|teamsize|p1|6
|teamsize|p2|6
|gen|8
|tier|[Gen 8] OU
|rated|
|rule|Sleep Clause Mod: Limit one foe put to sleep
|rule|Species Clause: Limit one of each Pokémon
|rule|OHKO Clause: OHKO moves are banned
|rule|Evasion Moves Clause: Evasion moves are banned
|rule|Endless Battle Clause: Forcing endless battles is banned
|rule|HP Percentage Mod: HP is shown in percentages
|rule|Dynamax Clause: You cannot dynamax
|clearpoke
|poke|p1|Reuniclus, M|
|poke|p1|Bronzong|
|poke|p1|Comfey, F|
|poke|p1|Volcarona, M|
|poke|p1|Toxapex, M|
|poke|p1|Runerigus, M|
|poke|p2|Clefable, M|
|poke|p2|Corviknight, M|
|poke|p2|Hydreigon, F|
|poke|p2|Rotom-Wash|
|poke|p2|Hippowdon, M|
|poke|p2|Excadrill, M|
|teampreview
|inactive|Battle timer is ON: inactive players will automatically lose when time's up. (requested by testingbot42o)
|
|t:|1641709321
|start
|switch|p1a: Toxaflex|Toxapex, M, shiny|100/100
|switch|p2a: Hippowdon|Hippowdon, M|100/100
|-weather|Sandstorm|[from] ability: Sand Stream|[of] p2a: Hippowdon
|turn|1
|
|t:|1641709324
|move|p2a: Hippowdon|Stealth Rock|p1a: Toxaflex
|-sidestart|p1: 86thesweetpotato|move: Stealth Rock
|move|p1a: Toxaflex|Liquidation|p2a: Hippowdon
|-supereffective|p2a: Hippowdon
|-damage|p2a: Hippowdon|56/100
|-unboost|p2a: Hippowdon|def|1
|
|-weather|Sandstorm|[upkeep]
|-damage|p1a: Toxaflex|94/100|[from] Sandstorm
|upkeep
|turn|2
|
|t:|1641709327
|move|p2a: Hippowdon|Slack Off|p2a: Hippowdon
|-heal|p2a: Hippowdon|100/100
|move|p1a: Toxaflex|Liquidation|p2a: Hippowdon
|-supereffective|p2a: Hippowdon
|-damage|p2a: Hippowdon|29/100
|
|-weather|Sandstorm|[upkeep]
|-damage|p1a: Toxaflex|88/100|[from] Sandstorm
|upkeep
|turn|3
|
|t:|1641709329
|move|p2a: Hippowdon|Slack Off|p2a: Hippowdon
|-heal|p2a: Hippowdon|79/100
|move|p1a: Toxaflex|Liquidation|p2a: Hippowdon
|-supereffective|p2a: Hippowdon
|-damage|p2a: Hippowdon|11/100
|
|-weather|Sandstorm|[upkeep]
|-damage|p1a: Toxaflex|82/100|[from] Sandstorm
|upkeep
|turn|4
|
|t:|1641709330
|move|p2a: Hippowdon|Slack Off|p2a: Hippowdon
|-heal|p2a: Hippowdon|61/100
|move|p1a: Toxaflex|Liquidation|p2a: Hippowdon
|-supereffective|p2a: Hippowdon
|-damage|p2a: Hippowdon|0 fnt
|faint|p2a: Hippowdon
|
|-weather|Sandstorm|[upkeep]
|-damage|p1a: Toxaflex|76/100|[from] Sandstorm
|upkeep
|
|t:|1641709331
|switch|p2a: Hydreigon|Hydreigon, F|100/100
|turn|5
|
|t:|1641709340
|switch|p2a: Corviknight|Corviknight, M|100/100
|-ability|p2a: Corviknight|Pressure
|switch|p1a: Slay|Comfey, F, shiny|100/100
|-damage|p1a: Slay|88/100|[from] Stealth Rock
|
|-weather|Sandstorm|[upkeep]
|-damage|p1a: Slay|82/100|[from] Sandstorm
|upkeep
|turn|6
|
|t:|1641709359
|switch|p1a: Toxaflex|Toxapex, M, shiny|100/100
|-damage|p1a: Toxaflex|88/100|[from] Stealth Rock
|move|p2a: Corviknight|Bulk Up|p2a: Corviknight
|-boost|p2a: Corviknight|atk|1
|-boost|p2a: Corviknight|def|1
|
|-weather|Sandstorm|[upkeep]
|-damage|p1a: Toxaflex|82/100|[from] Sandstorm
|upkeep
|turn|7
|
|t:|1641709367
|move|p2a: Corviknight|Brave Bird|p1a: Toxaflex
|-damage|p1a: Toxaflex|29/100
|-damage|p2a: Corviknight|90/100|[from] Recoil
|move|p1a: Toxaflex|Liquidation|p2a: Corviknight
|-damage|p2a: Corviknight|65/100
|
|-weather|Sandstorm|[upkeep]
|-damage|p1a: Toxaflex|23/100|[from] Sandstorm
|-heal|p2a: Corviknight|71/100|[from] item: Leftovers
|upkeep
|turn|8
|
|t:|1641709370
|move|p2a: Corviknight|Substitute|p2a: Corviknight
|-start|p2a: Corviknight|Substitute
|-damage|p2a: Corviknight|46/100
|move|p1a: Toxaflex|Liquidation|p2a: Corviknight
|-end|p2a: Corviknight|Substitute
|
|-weather|none
|-heal|p2a: Corviknight|52/100|[from] item: Leftovers
|upkeep
|turn|9
|
|t:|1641709372
|move|p2a: Corviknight|Brave Bird|p1a: Toxaflex
|-damage|p1a: Toxaflex|0 fnt
|faint|p1a: Toxaflex
|-damage|p2a: Corviknight|48/100|[from] Recoil
|
|-heal|p2a: Corviknight|54/100|[from] item: Leftovers
|upkeep
|
|t:|1641709376
|switch|p1a: Sacred|Volcarona, M|100/100
|turn|10
|
|t:|1641709379
|move|p1a: Sacred|Quiver Dance|p1a: Sacred
|-boost|p1a: Sacred|spa|1
|-boost|p1a: Sacred|spd|1
|-boost|p1a: Sacred|spe|1
|move|p2a: Corviknight|Brave Bird|p1a: Sacred
|-supereffective|p1a: Sacred
|-damage|p1a: Sacred|0 fnt
|faint|p1a: Sacred
|-damage|p2a: Corviknight|29/100|[from] Recoil
|
|-heal|p2a: Corviknight|35/100|[from] item: Leftovers
|upkeep
|
|t:|1641709394
|switch|p1a: the GOOD China|Runerigus, M|100/100
|-damage|p1a: the GOOD China|94/100|[from] Stealth Rock
|turn|11
|
|t:|1641709396
|move|p2a: Corviknight|Bulk Up|p2a: Corviknight
|-boost|p2a: Corviknight|atk|1
|-boost|p2a: Corviknight|def|1
|move|p1a: the GOOD China|Poltergeist|p2a: Corviknight
|-activate|p2a: Corviknight|move: Poltergeist|Leftovers
|-damage|p2a: Corviknight|21/100
|
|-heal|p2a: Corviknight|27/100|[from] item: Leftovers
|upkeep
|turn|12
|
|t:|1641709399
|move|p2a: Corviknight|Roost|p2a: Corviknight
|-heal|p2a: Corviknight|77/100
|-singleturn|p2a: Corviknight|move: Roost
|move|p1a: the GOOD China|Trick Room|p1a: the GOOD China
|-fieldstart|move: Trick Room|[of] p1a: the GOOD China
|
|-heal|p2a: Corviknight|83/100|[from] item: Leftovers
|upkeep
|turn|13
|
|t:|1641709402
|move|p1a: the GOOD China|Poltergeist|p2a: Corviknight|[miss]
|-miss|p1a: the GOOD China|p2a: Corviknight
|move|p2a: Corviknight|Substitute|p2a: Corviknight
|-start|p2a: Corviknight|Substitute
|-damage|p2a: Corviknight|58/100
|
|-heal|p2a: Corviknight|65/100|[from] item: Leftovers
|upkeep
|turn|14
|
|t:|1641709404
|move|p1a: the GOOD China|Poltergeist|p2a: Corviknight
|-activate|p2a: Corviknight|move: Poltergeist|Leftovers
|-activate|p2a: Corviknight|move: Substitute|[damage]
|move|p2a: Corviknight|Brave Bird|p1a: the GOOD China
|-damage|p1a: the GOOD China|53/100
|-activate|p1a: the GOOD China|ability: Wandering Spirit|Pressure|Wandering Spirit|[of] p2a: Corviknight
|-ability|p1a: the GOOD China|Pressure
|-damage|p2a: Corviknight|54/100|[from] Recoil
|
|-heal|p2a: Corviknight|60/100|[from] item: Leftovers
|upkeep
|turn|15
|
|t:|1641709406
|move|p1a: the GOOD China|Poltergeist|p2a: Corviknight
|-activate|p2a: Corviknight|move: Poltergeist|Leftovers
|-end|p2a: Corviknight|Substitute
|move|p2a: Corviknight|Brave Bird|p1a: the GOOD China
|-damage|p1a: the GOOD China|11/100
|-damage|p2a: Corviknight|49/100|[from] Recoil
|
|-heal|p2a: Corviknight|55/100|[from] item: Leftovers
|upkeep
|turn|16
|
|t:|1641709410
|move|p1a: the GOOD China|Destiny Bond|p1a: the GOOD China
|-singlemove|p1a: the GOOD China|Destiny Bond
|move|p2a: Corviknight|Brave Bird|p1a: the GOOD China
|-damage|p1a: the GOOD China|0 fnt
|faint|p1a: the GOOD China
|-activate|p1a: the GOOD China|move: Destiny Bond
|faint|p2a: Corviknight
|
|-fieldend|move: Trick Room
|upkeep
|
|t:|1641709422
|switch|p2a: Clefable|Clefable, M|100/100
|switch|p1a: Crunchwrap|Bronzong|100/100
|-damage|p1a: Crunchwrap|94/100|[from] Stealth Rock
|turn|17
|
|t:|1641709424
|move|p2a: Clefable|Flamethrower|p1a: Crunchwrap
|-supereffective|p1a: Crunchwrap
|-damage|p1a: Crunchwrap|58/100
|move|p1a: Crunchwrap|Gyro Ball|p2a: Clefable
|-supereffective|p2a: Clefable
|-damage|p2a: Clefable|15/100
|
|upkeep
|turn|18
|
|t:|1641709427
|move|p2a: Clefable|Moonlight|p2a: Clefable
|-heal|p2a: Clefable|65/100
|move|p1a: Crunchwrap|Trick Room|p1a: Crunchwrap
|-fieldstart|move: Trick Room|[of] p1a: Crunchwrap
|
|upkeep
|turn|19
|
|t:|1641709428
|move|p1a: Crunchwrap|Gyro Ball|p2a: Clefable
|-supereffective|p2a: Clefable
|-damage|p2a: Clefable|0 fnt
|faint|p2a: Clefable
|
|upkeep
|
|t:|1641709428
|switch|p2a: Hydreigon|Hydreigon, F|100/100
|turn|20
|
|t:|1641709437
|move|p1a: Crunchwrap|Toxic|p2a: Hydreigon
|-status|p2a: Hydreigon|tox
|move|p2a: Hydreigon|Nasty Plot|p2a: Hydreigon
|-boost|p2a: Hydreigon|spa|2
|
|-damage|p2a: Hydreigon|94/100 tox|[from] psn
|upkeep
|turn|21
|
|t:|1641709441
|move|p1a: Crunchwrap|Gyro Ball|p2a: Hydreigon
|-damage|p2a: Hydreigon|27/100 tox
|move|p2a: Hydreigon|Substitute|p2a: Hydreigon
|-start|p2a: Hydreigon|Substitute
|-damage|p2a: Hydreigon|2/100 tox
|
|-heal|p2a: Hydreigon|8/100 tox|[from] item: Leftovers
|-damage|p2a: Hydreigon|0 fnt|[from] psn
|faint|p2a: Hydreigon
|upkeep
|
|t:|1641709441
|switch|p2a: Rotom|Rotom-Wash|100/100
|turn|22
|
|t:|1641709448
|move|p1a: Crunchwrap|Toxic|p2a: Rotom|[miss]
|-miss|p1a: Crunchwrap|p2a: Rotom
|move|p2a: Rotom|Trick|p1a: Crunchwrap
|-activate|p2a: Rotom|move: Trick|[of] p1a: Crunchwrap
|-item|p1a: Crunchwrap|Choice Scarf|[from] move: Trick
|-item|p2a: Rotom|Colbur Berry|[from] move: Trick
|
|-fieldend|move: Trick Room
|upkeep
|turn|23
|
|t:|1641709450
|move|p2a: Rotom|Hydro Pump|p1a: Crunchwrap
|-damage|p1a: Crunchwrap|11/100
|move|p1a: Crunchwrap|Trick Room|p1a: Crunchwrap
|-fieldstart|move: Trick Room|[of] p1a: Crunchwrap
|
|upkeep
|turn|24
|
|t:|1641709456
|switch|p1a: Slay|Comfey, F, shiny|82/100
|-damage|p1a: Slay|70/100|[from] Stealth Rock
|move|p2a: Rotom|Hydro Pump|p1a: Slay
|-damage|p1a: Slay|12/100
|
|upkeep
|turn|25
|
|t:|1641709457
|move|p1a: Slay|Giga Drain|p2a: Rotom
|-supereffective|p2a: Rotom
|-damage|p2a: Rotom|50/100
|-heal|p1a: Slay|46/100|[from] drain|[of] p2a: Rotom
|move|p2a: Rotom|Volt Switch|p1a: Slay
|-damage|p1a: Slay|10/100
|
|t:|1641709457
|switch|p2a: Excadrill|Excadrill, M|100/100|[from]move: Volt Switch
|
|upkeep
|turn|26
|
|t:|1641709465
|move|p1a: Slay|Giga Drain|p2a: Excadrill
|-damage|p2a: Excadrill|73/100
|-heal|p1a: Slay|37/100|[from] drain|[of] p2a: Excadrill
|move|p2a: Excadrill|Earthquake|p1a: Slay
|-damage|p1a: Slay|0 fnt
|faint|p1a: Slay
|-damage|p2a: Excadrill|63/100|[from] item: Life Orb
|
|upkeep
|
|t:|1641709472
|switch|p1a: Plasma|Reuniclus, M, shiny|100/100
|turn|27
|
|t:|1641709474
|move|p1a: Plasma|Acid Armor|p1a: Plasma
|-boost|p1a: Plasma|def|2
|move|p2a: Excadrill|Earthquake|p1a: Plasma
|-damage|p1a: Plasma|74/100
|-damage|p2a: Excadrill|53/100|[from] item: Life Orb
|
|-fieldend|move: Trick Room
|upkeep
|turn|28
|
|t:|1641709478
|move|p2a: Excadrill|Iron Head|p1a: Plasma
|-damage|p1a: Plasma|52/100
|-damage|p2a: Excadrill|43/100|[from] item: Life Orb
|move|p1a: Plasma|Acid Armor|p1a: Plasma
|-boost|p1a: Plasma|def|2
|
|upkeep
|turn|29
|
|t:|1641709481
|move|p2a: Excadrill|Swords Dance|p2a: Excadrill
|-boost|p2a: Excadrill|atk|2
|move|p1a: Plasma|Recover|p1a: Plasma
|-heal|p1a: Plasma|100/100
|
|upkeep
|turn|30
|
|t:|1641709485
|move|p2a: Excadrill|Iron Head|p1a: Plasma
|-damage|p1a: Plasma|75/100
|-damage|p2a: Excadrill|33/100|[from] item: Life Orb
|move|p1a: Plasma|Acid Armor|p1a: Plasma
|-boost|p1a: Plasma|def|2
|
|upkeep
|turn|31
|
|t:|1641709489
|move|p2a: Excadrill|Iron Head|p1a: Plasma
|-damage|p1a: Plasma|55/100
|-damage|p2a: Excadrill|23/100|[from] item: Life Orb
|cant|p1a: Plasma|flinch
|
|upkeep
|turn|32
|
|t:|1641709492
|move|p2a: Excadrill|Iron Head|p1a: Plasma
|-damage|p1a: Plasma|31/100
|-damage|p2a: Excadrill|13/100|[from] item: Life Orb
|move|p1a: Plasma|Recover|p1a: Plasma
|-heal|p1a: Plasma|81/100
|
|upkeep
|turn|33
|
|t:|1641709494
|move|p2a: Excadrill|Swords Dance|p2a: Excadrill
|-boost|p2a: Excadrill|atk|2
|move|p1a: Plasma|Recover|p1a: Plasma
|-heal|p1a: Plasma|100/100
|
|upkeep
|turn|34
|
|t:|1641709498
|move|p2a: Excadrill|Iron Head|p1a: Plasma
|-damage|p1a: Plasma|72/100
|-damage|p2a: Excadrill|3/100|[from] item: Life Orb
|move|p1a: Plasma|Recover|p1a: Plasma
|-heal|p1a: Plasma|100/100
|
|upkeep
|turn|35
|
|t:|1641709501
|move|p2a: Excadrill|Iron Head|p1a: Plasma
|-damage|p1a: Plasma|68/100
|-damage|p2a: Excadrill|0 fnt|[from] item: Life Orb
|faint|p2a: Excadrill
|cant|p1a: Plasma|flinch
|
|upkeep
|
|t:|1641709501
|switch|p2a: Rotom|Rotom-Wash|50/100
|turn|36
|
|t:|1641709502
|move|p2a: Rotom|Hydro Pump|p1a: Plasma|[miss]
|-miss|p2a: Rotom|p1a: Plasma
|move|p1a: Plasma|Stored Power|p2a: Rotom
|-damage|p2a: Rotom|0 fnt
|faint|p2a: Rotom
|
|win|86thesweetpotato
|raw|86thesweetpotato's rating: 1337 &rarr; <strong>1359</strong><br />(+22 for winning)
|raw|testingbot42o's rating: 1370 &rarr; <strong>1348</strong><br />(-22 for losing)
|l|‽testingbot42o
|c|☆86thesweetpotato|gg fren
