|j|☆DumbLick1337
|j|☆mmdkq
|t:|1641885171
|gametype|singles
|player|p1|DumbLick1337|102|1349
|player|p2|mmdkq|cynthia-gen4|1337
|teamsize|p1|6
|teamsize|p2|6
|gen|8
|tier|[Gen 8] OU
|rated|
|rule|Sleep Clause Mod: Limit one foe put to sleep
|rule|Species Clause: Limit one of each Pokémon
|rule|OHKO Clause: OHKO moves are banned
|rule|Evasion Moves Clause: Evasion moves are banned
|rule|Endless Battle Clause: Forcing endless battles is banned
|rule|HP Percentage Mod: HP is shown in percentages
|rule|Dynamax Clause: You cannot dynamax
|clearpoke
|poke|p1|Togekiss, F|
|poke|p1|Jirachi|
|poke|p1|Clefable, M|
|poke|p1|Seismitoad, M|
|poke|p1|Hawlucha, F|
|poke|p1|Gyarados, M|
|poke|p2|Victini|
|poke|p2|Melmetal|
|poke|p2|Urshifu-*, M|
|poke|p2|Landorus-Therian, M|
|poke|p2|Ferrothorn, M|
|poke|p2|Blacephalon|
|teampreview
|c|☆DumbLick1337|hf
|inactive|Battle timer is ON: inactive players will automatically lose when time's up. (requested by DumbLick1337)
|
|t:|1641885176
|start
|switch|p1a: Clefable|Clefable, M|100/100
|switch|p2a: Victini|Victini|100/100
|turn|1
|j| HaywireHax
|
|t:|1641885189
|move|p1a: Clefable|Protect|p1a: Clefable
|-singleturn|p1a: Clefable|Protect
|move|p2a: Victini|Trick Room|p2a: Victini
|-fieldstart|move: Trick Room|[of] p2a: Victini
|
|upkeep
|turn|2
|c|☆mmdkq|qwq
|
|t:|1641885201
|switch|p2a: Melmetal|Melmetal|100/100
|move|p1a: Clefable|Calm Mind|p1a: Clefable
|-boost|p1a: Clefable|spa|1
|-boost|p1a: Clefable|spd|1
|
|upkeep
|turn|3
|
|t:|1641885209
|move|p1a: Clefable|Protect|p1a: Clefable
|-singleturn|p1a: Clefable|Protect
|move|p2a: Melmetal|Double Iron Bash|p1a: Clefable
|-activate|p1a: Clefable|move: Protect
|
|upkeep
|turn|4
|
|t:|1641885211
|switch|p1a: Seismitoad|Seismitoad, M|100/100
|move|p2a: Melmetal|Double Iron Bash|p1a: Seismitoad
|-resisted|p1a: Seismitoad
|-damage|p1a: Seismitoad|75/100
|-resisted|p1a: Seismitoad
|-damage|p1a: Seismitoad|50/100
|-hitcount|p1a: Seismitoad|2
|
|-heal|p1a: Seismitoad|56/100|[from] item: Leftovers
|upkeep
|turn|5
|
|t:|1641885217
|move|p2a: Melmetal|Double Iron Bash|p1a: Seismitoad
|-resisted|p1a: Seismitoad
|-damage|p1a: Seismitoad|32/100
|-resisted|p1a: Seismitoad
|-damage|p1a: Seismitoad|8/100
|-hitcount|p1a: Seismitoad|2
|cant|p1a: Seismitoad|flinch
|
|-heal|p1a: Seismitoad|14/100|[from] item: Leftovers
|-fieldend|move: Trick Room
|upkeep
|turn|6
|
|t:|1641885221
|move|p1a: Seismitoad|Scald|p2a: Melmetal
|-damage|p2a: Melmetal|77/100
|move|p2a: Melmetal|Double Iron Bash|p1a: Seismitoad
|-resisted|p1a: Seismitoad
|-damage|p1a: Seismitoad|0 fnt
|faint|p1a: Seismitoad
|-hitcount|p1: Seismitoad|1
|
|upkeep
|
|t:|1641885221
|switch|p1a: Jirachi|Jirachi|100/100
|turn|7
|
|t:|1641885235
|switch|p2a: Urshifu|Urshifu-Rapid-Strike, M|100/100
|move|p1a: Jirachi|Iron Head|p2a: Urshifu
|-resisted|p2a: Urshifu
|-damage|p2a: Urshifu|83/100
|
|upkeep
|turn|8
|
|t:|1641885242
|move|p1a: Jirachi|Iron Head|p2a: Urshifu
|-resisted|p2a: Urshifu
|-damage|p2a: Urshifu|65/100
|cant|p2a: Urshifu|flinch
|
|upkeep
|turn|9
|
|t:|1641885248
|move|p1a: Jirachi|Iron Head|p2a: Urshifu
|-resisted|p2a: Urshifu
|-damage|p2a: Urshifu|48/100
|cant|p2a: Urshifu|flinch
|
|upkeep
|turn|10
|
|t:|1641885254
|move|p1a: Jirachi|Iron Head|p2a: Urshifu
|-resisted|p2a: Urshifu
|-damage|p2a: Urshifu|30/100
|move|p2a: Urshifu|Close Combat|p1a: Jirachi
|-damage|p1a: Jirachi|4/100
|-unboost|p2a: Urshifu|def|1
|-unboost|p2a: Urshifu|spd|1
|
|upkeep
|turn|11
|
|t:|1641885263
|switch|p1a: Clefable|Clefable, M|100/100
|switch|p2a: Ferrothorn|Ferrothorn, M|100/100
|
|upkeep
|turn|12
|
|t:|1641885270
|move|p1a: Clefable|Calm Mind|p1a: Clefable
|-boost|p1a: Clefable|spa|1
|-boost|p1a: Clefable|spd|1
|move|p2a: Ferrothorn|Thunder Wave|p1a: Clefable
|-status|p1a: Clefable|par
|
|upkeep
|turn|13
|
|t:|1641885277
|cant|p1a: Clefable|par
|move|p2a: Ferrothorn|Stealth Rock|p1a: Clefable
|-sidestart|p1: DumbLick1337|move: Stealth Rock
|
|upkeep
|turn|14
|
|t:|1641885281
|switch|p2a: Melmetal|Melmetal|77/100
|cant|p1a: Clefable|par
|
|upkeep
|turn|15
|
|t:|1641885288
|switch|p1a: Jirachi|Jirachi|4/100
|-damage|p1a: Jirachi|0 fnt|[from] Stealth Rock
|faint|p1a: Jirachi
|move|p2a: Melmetal|Double Iron Bash|p1: Jirachi|[notarget]
|-fail|p2a: Melmetal
|
|upkeep
|
|t:|1641885288
|switch|p1a: Clefable|Clefable, M|100/100 par
|turn|16
|
|t:|1641885291
|move|p1a: Clefable|Protect|p1a: Clefable
|-singleturn|p1a: Clefable|Protect
|move|p2a: Melmetal|Double Iron Bash|p1a: Clefable
|-activate|p1a: Clefable|move: Protect
|
|upkeep
|turn|17
|
|t:|1641885294
|move|p1a: Clefable|Calm Mind|p1a: Clefable
|-boost|p1a: Clefable|spa|1
|-boost|p1a: Clefable|spd|1
|move|p2a: Melmetal|Double Iron Bash|p1a: Clefable
|-supereffective|p1a: Clefable
|-damage|p1a: Clefable|0 fnt
|faint|p1a: Clefable
|-hitcount|p1: Clefable|1
|
|upkeep
|
|t:|1641885294
|switch|p1a: Gyarados|Gyarados, M|100/100
|-damage|p1a: Gyarados|76/100|[from] Stealth Rock
|turn|18
|
|t:|1641885314
|move|p1a: Gyarados|Dragon Dance|p1a: Gyarados
|-boost|p1a: Gyarados|atk|1
|-boost|p1a: Gyarados|spe|1
|move|p2a: Melmetal|Double Iron Bash|p1a: Gyarados
|-resisted|p1a: Gyarados
|-damage|p1a: Gyarados|34/100
|-resisted|p1a: Gyarados
|-damage|p1a: Gyarados|0 fnt
|faint|p1a: Gyarados
|-hitcount|p1: Gyarados|2
|
|upkeep
|
|t:|1641885314
|switch|p1a: Hawlucha|Hawlucha, F|100/100
|-damage|p1a: Hawlucha|88/100|[from] Stealth Rock
|turn|19
|
|t:|1641885331
|switch|p2a: Ferrothorn|Ferrothorn, M|100/100
|move|p1a: Hawlucha|Acrobatics|p2a: Ferrothorn
|-damage|p2a: Ferrothorn|85/100
|-damage|p1a: Hawlucha|76/100|[from] ability: Iron Barbs|[of] p2a: Ferrothorn
|
|upkeep
|turn|20
|
|t:|1641885339
|move|p1a: Hawlucha|Acrobatics|p2a: Ferrothorn
|-damage|p2a: Ferrothorn|69/100
|-damage|p1a: Hawlucha|63/100|[from] ability: Iron Barbs|[of] p2a: Ferrothorn
|move|p2a: Ferrothorn|Thunder Wave|p1a: Hawlucha
|-status|p1a: Hawlucha|par
|
|upkeep
|turn|21
|
|t:|1641885342
|move|p1a: Hawlucha|Acrobatics|p2a: Ferrothorn
|-damage|p2a: Ferrothorn|54/100
|-damage|p1a: Hawlucha|51/100 par|[from] ability: Iron Barbs|[of] p2a: Ferrothorn
|move|p2a: Ferrothorn|Power Whip|p1a: Hawlucha
|-resisted|p1a: Hawlucha
|-damage|p1a: Hawlucha|22/100 par
|
|upkeep
|turn|22
|
|t:|1641885344
|move|p1a: Hawlucha|Close Combat|p2a: Ferrothorn
|-supereffective|p2a: Ferrothorn
|-enditem|p2a: Ferrothorn|Chople Berry|[eat]
|-enditem|p2a: Ferrothorn|Chople Berry|[weaken]
|-damage|p2a: Ferrothorn|21/100
|-unboost|p1a: Hawlucha|def|1
|-unboost|p1a: Hawlucha|spd|1
|-damage|p1a: Hawlucha|10/100 par|[from] ability: Iron Barbs|[of] p2a: Ferrothorn
|move|p2a: Ferrothorn|Power Whip|p1a: Hawlucha
|-resisted|p1a: Hawlucha
|-crit|p1a: Hawlucha
|-damage|p1a: Hawlucha|0 fnt
|faint|p1a: Hawlucha
|
|upkeep
|
|t:|1641885344
|switch|p1a: Togekiss|Togekiss, F|100/100
|-damage|p1a: Togekiss|76/100|[from] Stealth Rock
|turn|23
|
|t:|1641885347
|move|p1a: Togekiss|Thunder Wave|p2a: Ferrothorn
|-status|p2a: Ferrothorn|par
|cant|p2a: Ferrothorn|par
|
|-heal|p1a: Togekiss|82/100|[from] item: Leftovers
|upkeep
|turn|24
|
|t:|1641885353
|move|p1a: Togekiss|Thunder Wave|p2a: Ferrothorn
|-fail|p2a: Ferrothorn|par
|move|p2a: Ferrothorn|Thunder Wave|p1a: Togekiss
|-status|p1a: Togekiss|par
|
|-heal|p1a: Togekiss|88/100 par|[from] item: Leftovers
|upkeep
|turn|25
|
|t:|1641885362
|cant|p1a: Togekiss|par
|move|p2a: Ferrothorn|Power Whip|p1a: Togekiss
|-resisted|p1a: Togekiss
|-damage|p1a: Togekiss|68/100 par
|
|-heal|p1a: Togekiss|74/100 par|[from] item: Leftovers
|upkeep
|turn|26
|
|t:|1641885368
|move|p1a: Togekiss|Air Slash|p2a: Ferrothorn
|-damage|p2a: Ferrothorn|0 fnt
|faint|p2a: Ferrothorn
|
|-heal|p1a: Togekiss|80/100 par|[from] item: Leftovers
|upkeep
|
|t:|1641885374
|switch|p2a: Blacephalon|Blacephalon|100/100
|turn|27
|
|t:|1641885378
|move|p2a: Blacephalon|Fire Blast|p1a: Togekiss
|-damage|p1a: Togekiss|20/100 par
|move|p1a: Togekiss|Air Slash|p2a: Blacephalon
|-damage|p2a: Blacephalon|47/100
|
|-heal|p1a: Togekiss|26/100 par|[from] item: Leftovers
|upkeep
|turn|28
|
|t:|1641885381
|move|p2a: Blacephalon|Fire Blast|p1a: Togekiss|[miss]
|-miss|p2a: Blacephalon|p1a: Togekiss
|move|p1a: Togekiss|Air Slash|p2a: Blacephalon
|-damage|p2a: Blacephalon|0 fnt
|faint|p2a: Blacephalon
|
|-heal|p1a: Togekiss|32/100 par|[from] item: Leftovers
|upkeep
|
|t:|1641885384
|switch|p2a: Landorus|Landorus-Therian, M|100/100
|-ability|p2a: Landorus|Intimidate|boost
|-unboost|p1a: Togekiss|atk|1
|turn|29
|
|t:|1641885388
|move|p2a: Landorus|Stone Edge|p1a: Togekiss
|-supereffective|p1a: Togekiss
|-damage|p1a: Togekiss|0 fnt
|faint|p1a: Togekiss
|
|win|mmdkq
|raw|DumbLick1337's rating: 1349 &rarr; <strong>1328</strong><br />(-21 for losing)
|raw|mmdkq's rating: 1337 &rarr; <strong>1358</strong><br />(+21 for winning)
|c|☆DumbLick1337|gg
