|j|☆Tuxmonroe
|j|☆LucianeVGC
|t:|1641758882
|gametype|singles
|player|p1|Tuxmonroe|1|
|player|p2|LucianeVGC|cynthia-gen4|
|teamsize|p1|6
|teamsize|p2|6
|gen|8
|tier|[Gen 8] OU
|rule|Sleep Clause Mod: Limit one foe put to sleep
|rule|Species Clause: Limit one of each Pokémon
|rule|OHKO Clause: OHKO moves are banned
|rule|Evasion Moves Clause: Evasion moves are banned
|rule|Endless Battle Clause: Forcing endless battles is banned
|rule|HP Percentage Mod: HP is shown in percentages
|rule|Dynamax Clause: You cannot dynamax
|clearpoke
|poke|p1|Dragapult, M|
|poke|p1|Tapu Fini|
|poke|p1|Heatran, F|
|poke|p1|Weavile, F|
|poke|p1|Kartana|
|poke|p1|Landorus-Therian, M|
|poke|p2|Zapdos-Galar|
|poke|p2|Skarmory, M|
|poke|p2|Kartana|
|poke|p2|Volcarona, F|
|poke|p2|Urshifu-*, M|
|poke|p2|Dragapult, F|
|teampreview
|
|t:|1641758902
|start
|switch|p1a: Dragapult|Dragapult, M|100/100
|switch|p2a: Kartana|Kartana|100/100
|turn|1
|
|t:|1641758912
|switch|p1a: Landorus|Landorus-Therian, M|100/100
|-ability|p1a: Landorus|Intimidate|boost
|-unboost|p2a: Kartana|atk|1
|move|p2a: Kartana|Knock Off|p1a: Landorus
|-damage|p1a: Landorus|72/100
|-enditem|p1a: Landorus|Sitrus Berry|[from] move: Knock Off|[of] p2a: Kartana
|
|upkeep
|turn|2
|
|t:|1641758924
|switch|p2a: Urshifu|Urshifu-Rapid-Strike, M|100/100
|move|p1a: Landorus|U-turn|p2a: Urshifu
|-resisted|p2a: Urshifu
|-damage|p2a: Urshifu|90/100
|
|t:|1641758929
|switch|p1a: Kartana|Kartana|100/100|[from]move: U-turn
|
|upkeep
|turn|3
|
|t:|1641758942
|switch|p2a: Skarmory|Skarmory, M|100/100
|move|p1a: Kartana|Swords Dance|p1a: Kartana
|-boost|p1a: Kartana|atk|2
|
|upkeep
|turn|4
|
|t:|1641758954
|move|p1a: Kartana|Swords Dance|p1a: Kartana
|-boost|p1a: Kartana|atk|2
|move|p2a: Skarmory|Stealth Rock|p1a: Kartana
|-sidestart|p1: Tuxmonroe|move: Stealth Rock
|
|upkeep
|turn|5
|
|t:|1641758964
|move|p1a: Kartana|Sacred Sword|p2a: Skarmory
|-damage|p2a: Skarmory|37/100
|move|p2a: Skarmory|Spikes|p1a: Kartana
|-sidestart|p1: Tuxmonroe|Spikes
|
|upkeep
|turn|6
|
|t:|1641758974
|move|p1a: Kartana|Swords Dance|p1a: Kartana
|-boost|p1a: Kartana|atk|2
|move|p2a: Skarmory|Brave Bird|p1a: Kartana
|-damage|p1a: Kartana|73/100
|-damage|p2a: Skarmory|28/100|[from] Recoil
|
|upkeep
|turn|7
|
|t:|1641758980
|move|p1a: Kartana|Sacred Sword|p2a: Skarmory
|-damage|p2a: Skarmory|0 fnt
|faint|p2a: Skarmory
|-ability|p1a: Kartana|Beast Boost|boost
|-boost|p1a: Kartana|spe|1
|
|upkeep
|
|t:|1641758993
|switch|p2a: Kartana|Kartana|100/100
|turn|8
|
|t:|1641758996
|move|p1a: Kartana|Sacred Sword|p2a: Kartana
|-supereffective|p2a: Kartana
|-damage|p2a: Kartana|0 fnt
|faint|p2a: Kartana
|-ability|p1a: Kartana|Beast Boost|boost
|-boost|p1a: Kartana|spe|1
|
|upkeep
|
|t:|1641759005
|switch|p2a: Volcarona|Volcarona, F|100/100
|turn|9
|
|t:|1641759009
|move|p1a: Kartana|Smart Strike|p2a: Volcarona
|-resisted|p2a: Volcarona
|-damage|p2a: Volcarona|0 fnt
|-status|p1a: Kartana|brn|[from] ability: Flame Body|[of] p2a: Volcarona
|faint|p2a: Volcarona
|-ability|p1a: Kartana|Beast Boost|boost
|-boost|p1a: Kartana|spe|1
|
|-damage|p1a: Kartana|67/100 brn|[from] brn
|upkeep
|
|t:|1641759014
|switch|p2a: Dragapult|Dragapult, F|100/100
|turn|10
|
|t:|1641759019
|move|p1a: Kartana|Smart Strike|p2a: Dragapult
|-damage|p2a: Dragapult|12/100
|move|p2a: Dragapult|Shadow Ball|p1a: Kartana
|-damage|p1a: Kartana|0 fnt
|faint|p1a: Kartana
|
|upkeep
|
|t:|1641759026
|switch|p1a: Heatran|Heatran, F|100/100
|-damage|p1a: Heatran|88/100|[from] Stealth Rock
|-item|p1a: Heatran|Air Balloon
|turn|11
|
|t:|1641759034
|move|p2a: Dragapult|Shadow Ball|p1a: Heatran
|-damage|p1a: Heatran|53/100
|-enditem|p1a: Heatran|Air Balloon
|move|p1a: Heatran|Earth Power|p2a: Dragapult
|-damage|p2a: Dragapult|0 fnt
|faint|p2a: Dragapult
|
|upkeep
|
|t:|1641759037
|switch|p2a: Zapdos|Zapdos-Galar|100/100
|turn|12
|
|t:|1641759045
|move|p2a: Zapdos|Agility|p2a: Zapdos
|-boost|p2a: Zapdos|spe|2
|move|p1a: Heatran|Magma Storm|p2a: Zapdos
|-damage|p2a: Zapdos|53/100
|-activate|p2a: Zapdos|move: Magma Storm|[of] p1a: Heatran
|
|-damage|p2a: Zapdos|40/100|[from] move: Magma Storm|[partiallytrapped]
|upkeep
|turn|13
|
|t:|1641759049
|move|p2a: Zapdos|Close Combat|p1a: Heatran
|-supereffective|p1a: Heatran
|-damage|p1a: Heatran|0 fnt
|-unboost|p2a: Zapdos|def|1
|-unboost|p2a: Zapdos|spd|1
|faint|p1a: Heatran
|
|-end|p2a: Zapdos|Magma Storm|[partiallytrapped]|[silent]
|upkeep
|
|t:|1641759063
|switch|p1a: Weavile|Weavile, F|100/100
|-damage|p1a: Weavile|76/100|[from] Stealth Rock
|-damage|p1a: Weavile|63/100|[from] Spikes
|-ability|p1a: Weavile|Pressure
|turn|14
|
|t:|1641759068
|move|p1a: Weavile|Ice Shard|p2a: Zapdos
|-supereffective|p2a: Zapdos
|-damage|p2a: Zapdos|0 fnt
|faint|p2a: Zapdos
|
|upkeep
|
|t:|1641759070
|switch|p2a: Urshifu|Urshifu-Rapid-Strike, M|90/100
|turn|15
|
|t:|1641759077
|move|p1a: Weavile|Knock Off|p2a: Urshifu
|-resisted|p2a: Urshifu
|-damage|p2a: Urshifu|67/100
|-enditem|p2a: Urshifu|Choice Band|[from] move: Knock Off|[of] p1a: Weavile
|move|p2a: Urshifu|Surging Strikes|p1a: Weavile
|-crit|p1a: Weavile
|-damage|p1a: Weavile|26/100
|-crit|p1a: Weavile
|-damage|p1a: Weavile|0 fnt
|faint|p1a: Weavile
|-hitcount|p1: Weavile|2
|
|upkeep
|
|t:|1641759085
|switch|p1a: Dragapult|Dragapult, M|100/100
|-damage|p1a: Dragapult|88/100|[from] Stealth Rock
|-damage|p1a: Dragapult|76/100|[from] Spikes
|turn|16
|
|t:|1641759097
|move|p1a: Dragapult|Draco Meteor|p2a: Urshifu
|-damage|p2a: Urshifu|0 fnt
|-unboost|p1a: Dragapult|spa|2
|faint|p2a: Urshifu
|
|win|Tuxmonroe
|l|☆LucianeVGC
