|j|☆maw kwy
|j|☆Leekposterteams
|t:|1641787254
|gametype|singles
|player|p1|maw kwy|1|1201
|player|p2|Leekposterteams|byron|1264
|teamsize|p1|6
|teamsize|p2|6
|gen|8
|tier|[Gen 8] OU
|rated|
|rule|Sleep Clause Mod: Limit one foe put to sleep
|rule|Species Clause: Limit one of each Pokémon
|rule|OHKO Clause: OHKO moves are banned
|rule|Evasion Moves Clause: Evasion moves are banned
|rule|Endless Battle Clause: Forcing endless battles is banned
|rule|HP Percentage Mod: HP is shown in percentages
|rule|Dynamax Clause: You cannot dynamax
|clearpoke
|poke|p1|Pelipper, F|
|poke|p1|Barraskewda, F|
|poke|p1|Regieleki|
|poke|p1|Garchomp, M|
|poke|p1|Ferrothorn, M|
|poke|p1|Zapdos-Galar|
|poke|p2|Torkoal, M|
|poke|p2|Blissey, F|
|poke|p2|Charizard, F|
|poke|p2|Landorus-Therian, M|
|poke|p2|Venusaur, M|
|poke|p2|Weavile, F|
|teampreview
|j| Slad120
|
|t:|1641787275
|start
|switch|p1a: Garchomp|Garchomp, M|100/100
|switch|p2a: Torkoal|Torkoal, M|100/100
|-weather|SunnyDay|[from] ability: Drought|[of] p2a: Torkoal
|turn|1
|
|t:|1641787279
|switch|p2a: Landorus|Landorus-Therian, M|100/100
|-ability|p2a: Landorus|Intimidate|boost
|-unboost|p1a: Garchomp|atk|1
|move|p1a: Garchomp|Earthquake|p2a: Landorus
|-immune|p2a: Landorus
|
|-weather|SunnyDay|[upkeep]
|upkeep
|turn|2
|
|t:|1641787289
|move|p1a: Garchomp|Stealth Rock|p2a: Landorus
|-sidestart|p2: Leekposterteams|move: Stealth Rock
|move|p2a: Landorus|Toxic|p1a: Garchomp
|-status|p1a: Garchomp|tox
|
|-weather|SunnyDay|[upkeep]
|-damage|p1a: Garchomp|94/100 tox|[from] psn
|upkeep
|turn|3
|
|t:|1641787295
|move|p1a: Garchomp|Toxic|p2a: Landorus
|-status|p2a: Landorus|tox
|move|p2a: Landorus|U-turn|p1a: Garchomp
|-damage|p1a: Garchomp|82/100 tox
|-damage|p2a: Landorus|88/100 tox|[from] ability: Rough Skin|[of] p1a: Garchomp
|c| Slad120|Naooooooooooo porque siempre equipo de lluvia deberia haber mas variedad puro smogonero que no usa sus favoritos
|
|t:|1641787314
|switch|p2a: Venusaur|Venusaur, M|100/100|[from]move: U-turn
|-damage|p2a: Venusaur|88/100|[from] Stealth Rock
|
|-weather|SunnyDay|[upkeep]
|-heal|p1a: Garchomp|88/100 tox|[from] item: Leftovers
|-damage|p1a: Garchomp|75/100 tox|[from] psn
|upkeep
|turn|4
|
|t:|1641787324
|switch|p1a: Pelipper|Pelipper, F|100/100
|-weather|RainDance|[from] ability: Drizzle|[of] p1a: Pelipper
|move|p2a: Venusaur|Giga Drain|p1a: Pelipper
|-damage|p1a: Pelipper|59/100
|-heal|p2a: Venusaur|100/100|[from] drain|[of] p1a: Pelipper
|-damage|p2a: Venusaur|91/100|[from] item: Life Orb
|
|-weather|RainDance|[upkeep]
|upkeep
|turn|5
|inactive|Battle timer is ON: inactive players will automatically lose when time's up. (requested by maw kwy)
|
|t:|1641787356
|switch|p2a: Blissey|Blissey, F|100/100
|move|p1a: Pelipper|U-turn|p2a: Blissey
|-damage|p2a: Blissey|94/100
|
|t:|1641787361
|switch|p1a: Barraskewda|Barraskewda, F|100/100|[from]move: U-turn
|
|-weather|RainDance|[upkeep]
|upkeep
|turn|6
|c| Slad120|Pelipper stol defensivo especial es real
|
|t:|1641787369
|move|p1a: Barraskewda|Assurance|p2a: Blissey
|-damage|p2a: Blissey|68/100
|move|p2a: Blissey|Thunder Wave|p1a: Barraskewda
|-status|p1a: Barraskewda|par
|
|-weather|RainDance|[upkeep]
|upkeep
|turn|7
|c|☆Leekposterteams|Ok I believe you
|
|t:|1641787387
|move|p1a: Barraskewda|Assurance|p2a: Blissey
|-damage|p2a: Blissey|41/100
|move|p2a: Blissey|Teleport|p2a: Blissey
|inactive|Leekposterteams has 120 seconds left.
|
|t:|1641787412
|switch|p2a: Torkoal|Torkoal, M|100/100|[from]move: Teleport
|-damage|p2a: Torkoal|76/100|[from] Stealth Rock
|-weather|SunnyDay|[from] ability: Drought|[of] p2a: Torkoal
|
|-weather|SunnyDay|[upkeep]
|upkeep
|turn|8
|
|t:|1641787421
|switch|p1a: Pelipper|Pelipper, F|59/100
|-weather|RainDance|[from] ability: Drizzle|[of] p1a: Pelipper
|move|p2a: Torkoal|Stealth Rock|p1a: Pelipper
|-sidestart|p1: maw kwy|move: Stealth Rock
|
|-weather|RainDance|[upkeep]
|upkeep
|turn|9
|
|t:|1641787427
|switch|p2a: Blissey|Blissey, F|41/100
|move|p1a: Pelipper|Roost|p1a: Pelipper
|-heal|p1a: Pelipper|100/100
|-singleturn|p1a: Pelipper|move: Roost
|
|-weather|RainDance|[upkeep]
|upkeep
|turn|10
|
|t:|1641787432
|move|p1a: Pelipper|U-turn|p2a: Blissey
|-damage|p2a: Blissey|33/100
|
|t:|1641787434
|switch|p1a: Barraskewda|Barraskewda, F|100/100 par|[from]move: U-turn
|-damage|p1a: Barraskewda|88/100 par|[from] Stealth Rock
|move|p2a: Blissey|Soft-Boiled|p2a: Blissey
|-heal|p2a: Blissey|83/100
|
|-weather|RainDance|[upkeep]
|upkeep
|turn|11
|
|t:|1641787439
|switch|p2a: Landorus|Landorus-Therian, M|88/100 tox
|-damage|p2a: Landorus|76/100 tox|[from] Stealth Rock
|-ability|p2a: Landorus|Intimidate|boost
|-unboost|p1a: Barraskewda|atk|1
|cant|p1a: Barraskewda|par
|
|-weather|RainDance|[upkeep]
|-heal|p2a: Landorus|82/100 tox|[from] item: Leftovers
|-damage|p2a: Landorus|76/100 tox|[from] psn
|upkeep
|turn|12
|
|t:|1641787455
|switch|p2a: Torkoal|Torkoal, M|76/100
|-damage|p2a: Torkoal|51/100|[from] Stealth Rock
|-weather|SunnyDay|[from] ability: Drought|[of] p2a: Torkoal
|move|p1a: Barraskewda|Waterfall|p2a: Torkoal
|-supereffective|p2a: Torkoal
|-damage|p2a: Torkoal|29/100
|
|-weather|SunnyDay|[upkeep]
|upkeep
|turn|13
|
|t:|1641787467
|switch|p1a: Pelipper|Pelipper, F|100/100
|-damage|p1a: Pelipper|75/100|[from] Stealth Rock
|-weather|RainDance|[from] ability: Drizzle|[of] p1a: Pelipper
|move|p2a: Torkoal|Rapid Spin|p1a: Pelipper
|-crit|p1a: Pelipper
|-damage|p1a: Pelipper|62/100
|-boost|p2a: Torkoal|spe|1
|-sideend|p2: Leekposterteams|Stealth Rock|[from] move: Rapid Spin|[of] p2a: Torkoal
|
|-weather|RainDance|[upkeep]
|upkeep
|turn|14
|
|t:|1641787477
|switch|p2a: Blissey|Blissey, F|83/100
|move|p1a: Pelipper|U-turn|p2a: Blissey
|-damage|p2a: Blissey|76/100
|
|t:|1641787480
|switch|p1a: Zapdos|Zapdos-Galar|100/100|[from]move: U-turn
|-damage|p1a: Zapdos|88/100|[from] Stealth Rock
|
|-weather|RainDance|[upkeep]
|upkeep
|turn|15
|
|t:|1641787498
|move|p1a: Zapdos|U-turn|p2a: Blissey
|-damage|p2a: Blissey|54/100
|
|t:|1641787500
|switch|p1a: Regieleki|Regieleki|100/100|[from]move: U-turn
|-damage|p1a: Regieleki|88/100|[from] Stealth Rock
|move|p2a: Blissey|Thunder Wave|p1a: Regieleki
|-immune|p1a: Regieleki
|
|-weather|RainDance|[upkeep]
|upkeep
|turn|16
|
|t:|1641787505
|switch|p2a: Landorus|Landorus-Therian, M|76/100 tox
|-ability|p2a: Landorus|Intimidate|boost
|-unboost|p1a: Regieleki|atk|1
|move|p1a: Regieleki|Rapid Spin|p2a: Landorus
|-damage|p2a: Landorus|71/100 tox
|-boost|p1a: Regieleki|spe|1
|-sideend|p1: maw kwy|Stealth Rock|[from] move: Rapid Spin|[of] p1a: Regieleki
|
|-weather|RainDance|[upkeep]
|-heal|p2a: Landorus|77/100 tox|[from] item: Leftovers
|-damage|p2a: Landorus|71/100 tox|[from] psn
|upkeep
|turn|17
|
|t:|1641787514
|switch|p1a: Ferrothorn|Ferrothorn, M|100/100
|move|p2a: Landorus|U-turn|p1a: Ferrothorn
|-damage|p1a: Ferrothorn|83/100
|-damage|p2a: Landorus|59/100 tox|[from] ability: Iron Barbs|[of] p1a: Ferrothorn
|
|t:|1641787526
|switch|p2a: Torkoal|Torkoal, M|29/100|[from]move: U-turn
|-weather|SunnyDay|[from] ability: Drought|[of] p2a: Torkoal
|
|-weather|SunnyDay|[upkeep]
|upkeep
|turn|18
|
|t:|1641787539
|switch|p1a: Garchomp|Garchomp, M|75/100 tox
|move|p2a: Torkoal|Stealth Rock|p1a: Garchomp
|-sidestart|p1: maw kwy|move: Stealth Rock
|
|-weather|SunnyDay|[upkeep]
|-heal|p1a: Garchomp|82/100 tox|[from] item: Leftovers
|-damage|p1a: Garchomp|75/100 tox|[from] psn
|upkeep
|turn|19
|
|t:|1641787544
|switch|p2a: Landorus|Landorus-Therian, M|59/100 tox
|-ability|p2a: Landorus|Intimidate|boost
|-unboost|p1a: Garchomp|atk|1
|move|p1a: Garchomp|Stealth Rock|p2a: Landorus
|-sidestart|p2: Leekposterteams|move: Stealth Rock
|
|-weather|SunnyDay|[upkeep]
|-heal|p1a: Garchomp|82/100 tox|[from] item: Leftovers
|-heal|p2a: Landorus|65/100 tox|[from] item: Leftovers
|-damage|p1a: Garchomp|69/100 tox|[from] psn
|-damage|p2a: Landorus|59/100 tox|[from] psn
|upkeep
|turn|20
|
|t:|1641787561
|move|p2a: Landorus|Earthquake|p1a: Garchomp
|-damage|p1a: Garchomp|41/100 tox
|move|p1a: Garchomp|Dragon Tail|p2a: Landorus
|-damage|p2a: Landorus|47/100 tox
|drag|p2a: Venusaur|Venusaur, M|91/100
|-damage|p2a: Venusaur|78/100|[from] Stealth Rock
|
|-weather|SunnyDay|[upkeep]
|-heal|p1a: Garchomp|47/100 tox|[from] item: Leftovers
|-damage|p1a: Garchomp|29/100 tox|[from] psn
|upkeep
|turn|21
|
|t:|1641787576
|move|p2a: Venusaur|Giga Drain|p1a: Garchomp
|-damage|p1a: Garchomp|0 fnt
|-heal|p2a: Venusaur|98/100|[from] drain|[of] p1a: Garchomp
|faint|p1a: Garchomp
|-damage|p2a: Venusaur|88/100|[from] item: Life Orb
|
|-weather|SunnyDay|[upkeep]
|upkeep
|
|t:|1641787579
|switch|p1a: Pelipper|Pelipper, F|62/100
|-damage|p1a: Pelipper|37/100|[from] Stealth Rock
|-weather|RainDance|[from] ability: Drizzle|[of] p1a: Pelipper
|turn|22
|
|t:|1641787583
|move|p2a: Venusaur|Giga Drain|p1a: Pelipper
|-damage|p1a: Pelipper|0 fnt
|-heal|p2a: Venusaur|100/100|[from] drain|[of] p1a: Pelipper
|faint|p1a: Pelipper
|-damage|p2a: Venusaur|91/100|[from] item: Life Orb
|
|-weather|RainDance|[upkeep]
|upkeep
|
|t:|1641787588
|switch|p1a: Zapdos|Zapdos-Galar|88/100
|-damage|p1a: Zapdos|76/100|[from] Stealth Rock
|turn|23
|inactive|Leekposterteams has 120 seconds left.
|
|t:|1641787629
|switch|p2a: Torkoal|Torkoal, M|29/100
|-damage|p2a: Torkoal|5/100|[from] Stealth Rock
|-weather|SunnyDay|[from] ability: Drought|[of] p2a: Torkoal
|move|p1a: Zapdos|Brave Bird|p2a: Torkoal
|-damage|p2a: Torkoal|0 fnt
|faint|p2a: Torkoal
|-damage|p1a: Zapdos|74/100|[from] Recoil
|
|-weather|SunnyDay|[upkeep]
|upkeep
|inactive|Leekposterteams has 90 seconds left.
|
|t:|1641787666
|switch|p2a: Weavile|Weavile, F|100/100
|-ability|p2a: Weavile|Pressure
|turn|24
|inactive|Leekposterteams has 60 seconds left.
|
|t:|1641787696
|switch|p1a: Ferrothorn|Ferrothorn, M|83/100
|-damage|p1a: Ferrothorn|77/100|[from] Stealth Rock
|move|p2a: Weavile|Triple Axel|p1a: Ferrothorn
|-damage|p1a: Ferrothorn|68/100
|-damage|p2a: Weavile|88/100|[from] ability: Iron Barbs|[of] p1a: Ferrothorn
|-damage|p1a: Ferrothorn|52/100
|-damage|p2a: Weavile|76/100|[from] ability: Iron Barbs|[of] p1a: Ferrothorn
|-damage|p1a: Ferrothorn|29/100
|-damage|p2a: Weavile|63/100|[from] ability: Iron Barbs|[of] p1a: Ferrothorn
|-hitcount|p1a: Ferrothorn|3
|
|-weather|SunnyDay|[upkeep]
|upkeep
|turn|25
|inactive|Leekposterteams has 60 seconds left.
|
|t:|1641787723
|move|p2a: Weavile|Knock Off|p1a: Ferrothorn
|-damage|p1a: Ferrothorn|0 fnt
|-damage|p2a: Weavile|51/100|[from] ability: Iron Barbs|[of] p1a: Ferrothorn
|-enditem|p1a: Ferrothorn|Aguav Berry|[from] move: Knock Off|[of] p2a: Weavile
|faint|p1a: Ferrothorn
|
|-weather|SunnyDay|[upkeep]
|upkeep
|
|t:|1641787728
|switch|p1a: Regieleki|Regieleki|88/100
|-damage|p1a: Regieleki|76/100|[from] Stealth Rock
|turn|26
|inactive|Leekposterteams has 30 seconds left.
|
|t:|1641787765
|switch|p2a: Blissey|Blissey, F|54/100
|move|p1a: Regieleki|Ancient Power|p2a: Blissey
|-damage|p2a: Blissey|48/100
|
|-weather|SunnyDay|[upkeep]
|upkeep
|turn|27
|inactive|Leekposterteams has 30 seconds left.
|
|t:|1641787773
|move|p1a: Regieleki|Rapid Spin|p2a: Blissey
|-damage|p2a: Blissey|39/100
|-boost|p1a: Regieleki|spe|1
|-sideend|p1: maw kwy|Stealth Rock|[from] move: Rapid Spin|[of] p1a: Regieleki
|move|p2a: Blissey|Seismic Toss|p1a: Regieleki
|-damage|p1a: Regieleki|43/100
|
|-weather|SunnyDay|[upkeep]
|upkeep
|turn|28
|
|t:|1641787783
|switch|p1a: Barraskewda|Barraskewda, F|88/100 par
|move|p2a: Blissey|Thunder Wave|p1a: Barraskewda
|-fail|p1a: Barraskewda|par
|
|-weather|SunnyDay|[upkeep]
|upkeep
|turn|29
|
|t:|1641787795
|move|p1a: Barraskewda|Flip Turn|p2a: Blissey
|-damage|p2a: Blissey|19/100
|
|t:|1641787797
|switch|p1a: Zapdos|Zapdos-Galar|74/100|[from]move: Flip Turn
|move|p2a: Blissey|Seismic Toss|p1a: Zapdos
|-damage|p1a: Zapdos|43/100
|
|-weather|SunnyDay|[upkeep]
|upkeep
|turn|30
|
|t:|1641787805
|move|p1a: Zapdos|Brave Bird|p2a: Blissey
|-damage|p2a: Blissey|0 fnt
|faint|p2a: Blissey
|-damage|p1a: Zapdos|29/100|[from] Recoil
|
|-weather|none
|upkeep
|
|t:|1641787810
|switch|p2a: Weavile|Weavile, F|51/100
|-ability|p2a: Weavile|Pressure
|turn|31
|
|t:|1641787817
|move|p1a: Zapdos|Brave Bird|p2a: Weavile
|-damage|p2a: Weavile|0 fnt
|faint|p2a: Weavile
|-damage|p1a: Zapdos|15/100|[from] Recoil
|
|upkeep
|inactive|Leekposterteams has 30 seconds left.
|
|t:|1641787849
|switch|p2a: Charizard|Charizard, F|100/100
|-damage|p2a: Charizard|51/100|[from] Stealth Rock
|turn|32
|inactive|Leekposterteams has 30 seconds left.
|
|t:|1641787861
|switch|p1a: Barraskewda|Barraskewda, F|88/100 par
|move|p2a: Charizard|Weather Ball|p1a: Barraskewda
|-damage|p1a: Barraskewda|35/100 par
|
|upkeep
|turn|33
|
|t:|1641787867
|move|p2a: Charizard|Weather Ball|p1a: Barraskewda
|-damage|p1a: Barraskewda|0 fnt
|faint|p1a: Barraskewda
|
|upkeep
|
|t:|1641787869
|switch|p1a: Regieleki|Regieleki|43/100
|turn|34
|
|t:|1641787890
|switch|p1a: Zapdos|Zapdos-Galar|15/100
|move|p2a: Charizard|Weather Ball|p1a: Zapdos
|-damage|p1a: Zapdos|0 fnt
|faint|p1a: Zapdos
|
|upkeep
|
|t:|1641787896
|switch|p1a: Regieleki|Regieleki|43/100
|turn|35
|c|☆Leekposterteams|gg
|
|t:|1641787900
|move|p1a: Regieleki|Ancient Power|p2a: Charizard
|-supereffective|p2a: Charizard
|-damage|p2a: Charizard|0 fnt
|faint|p2a: Charizard
|
|upkeep
|
|t:|1641787904
|switch|p2a: Landorus|Landorus-Therian, M|47/100 tox
|-damage|p2a: Landorus|35/100 tox|[from] Stealth Rock
|-ability|p2a: Landorus|Intimidate|boost
|-unboost|p1a: Regieleki|atk|1
|turn|36
|
|t:|1641787909
|move|p1a: Regieleki|Ancient Power|p2a: Landorus
|-damage|p2a: Landorus|15/100 tox
|move|p2a: Landorus|Earthquake|p1a: Regieleki
|-supereffective|p1a: Regieleki
|-damage|p1a: Regieleki|0 fnt
|faint|p1a: Regieleki
|
|win|Leekposterteams
|raw|maw kwy's rating: 1201 &rarr; <strong>1185</strong><br />(-16 for losing)
|raw|Leekposterteams's rating: 1325 &rarr; <strong>1338</strong><br />(+13 for winning)
|l|☆maw kwy
|l| Slad120
