|j|☆The Artful Titan
|j|☆Ghidx
|t:|1641857540
|gametype|singles
|player|p1|The Artful Titan|sage|1394
|player|p2|Ghidx|lucas|1472
|teamsize|p1|6
|teamsize|p2|6
|gen|8
|tier|[Gen 8] OU
|rated|
|rule|Sleep Clause Mod: Limit one foe put to sleep
|rule|Species Clause: Limit one of each Pokémon
|rule|OHKO Clause: OHKO moves are banned
|rule|Evasion Moves Clause: Evasion moves are banned
|rule|Endless Battle Clause: Forcing endless battles is banned
|rule|HP Percentage Mod: HP is shown in percentages
|rule|Dynamax Clause: You cannot dynamax
|clearpoke
|poke|p1|Buzzwole|
|poke|p1|Landorus-Therian, M|
|poke|p1|Heatran, M|
|poke|p1|Rillaboom, M|
|poke|p1|Bisharp, M|
|poke|p1|Zapdos|
|poke|p2|Froslass, F|
|poke|p2|Bisharp, F|
|poke|p2|Landorus-Therian, M|
|poke|p2|Zapdos-Galar|
|poke|p2|Dragapult, F|
|poke|p2|Heatran, M|
|teampreview
|inactive|Battle timer is ON: inactive players will automatically lose when time's up. (requested by Ghidx)
|
|t:|1641857551
|start
|switch|p1a: Landorus|Landorus-Therian, M|100/100
|switch|p2a: Zapdos|Zapdos-Galar|100/100
|-ability|p1a: Landorus|Intimidate|boost
|-unboost|p2a: Zapdos|atk|1
|-ability|p2a: Zapdos|Defiant
|-boost|p2a: Zapdos|atk|2
|turn|1
|inactive|The Artful Titan has 120 seconds left.
|
|t:|1641857590
|switch|p1a: Buzzwole|Buzzwole|100/100
|move|p2a: Zapdos|Brave Bird|p1a: Buzzwole
|-supereffective|p1a: Buzzwole
|-damage|p1a: Buzzwole|0 fnt
|-damage|p2a: Zapdos|84/100|[from] item: Rocky Helmet|[of] p1a: Buzzwole
|faint|p1a: Buzzwole
|-damage|p2a: Zapdos|41/100|[from] Recoil
|
|upkeep
|
|t:|1641857600
|switch|p1a: Zapdos|Zapdos|100/100
|turn|2
|
|t:|1641857604
|switch|p2a: Landorus|Landorus-Therian, M|100/100
|-ability|p2a: Landorus|Intimidate|boost
|-unboost|p1a: Zapdos|atk|1
|move|p1a: Zapdos|Thunderbolt|p2a: Landorus
|-immune|p2a: Landorus
|
|upkeep
|turn|3
|
|t:|1641857611
|move|p1a: Zapdos|Toxic|p2a: Landorus
|-status|p2a: Landorus|tox
|move|p2a: Landorus|U-turn|p1a: Zapdos
|-resisted|p1a: Zapdos
|-damage|p1a: Zapdos|91/100
|
|t:|1641857612
|switch|p2a: Dragapult|Dragapult, F|100/100|[from]move: U-turn
|
|upkeep
|turn|4
|
|t:|1641857622
|switch|p1a: Bisharp|Bisharp, M|100/100
|move|p2a: Dragapult|Shadow Ball|p1a: Bisharp
|-resisted|p1a: Bisharp
|-damage|p1a: Bisharp|78/100
|
|upkeep
|turn|5
|
|t:|1641857630
|switch|p2a: Heatran|Heatran, M|100/100
|move|p1a: Bisharp|Knock Off|p2a: Heatran
|-damage|p2a: Heatran|62/100
|-enditem|p2a: Heatran|Leftovers|[from] move: Knock Off|[of] p1a: Bisharp
|
|upkeep
|turn|6
|
|t:|1641857638
|switch|p1a: Heatran|Heatran, M|100/100
|move|p2a: Heatran|Magma Storm|p1a: Heatran
|-start|p1a: Heatran|ability: Flash Fire
|
|upkeep
|turn|7
|
|t:|1641857645
|move|p2a: Heatran|Earth Power|p1a: Heatran
|-supereffective|p1a: Heatran
|-damage|p1a: Heatran|57/100
|move|p1a: Heatran|Earth Power|p2a: Heatran
|-supereffective|p2a: Heatran
|-damage|p2a: Heatran|1/100
|
|upkeep
|turn|8
|
|t:|1641857653
|switch|p2a: Landorus|Landorus-Therian, M|100/100 tox
|-ability|p2a: Landorus|Intimidate|boost
|-unboost|p1a: Heatran|atk|1
|-end|p1a: Heatran|ability: Flash Fire|[silent]
|switch|p1a: Zapdos|Zapdos|91/100
|
|-damage|p2a: Landorus|94/100 tox|[from] psn
|upkeep
|turn|9
|
|t:|1641857660
|move|p1a: Zapdos|Roost|p1a: Zapdos
|-heal|p1a: Zapdos|100/100
|-singleturn|p1a: Zapdos|move: Roost
|move|p2a: Landorus|Toxic|p1a: Zapdos
|-status|p1a: Zapdos|tox
|
|-heal|p2a: Landorus|100/100 tox|[from] item: Leftovers
|-damage|p1a: Zapdos|94/100 tox|[from] psn
|-damage|p2a: Landorus|88/100 tox|[from] psn
|upkeep
|turn|10
|
|t:|1641857670
|move|p1a: Zapdos|Heat Wave|p2a: Landorus
|-damage|p2a: Landorus|60/100 tox
|move|p2a: Landorus|U-turn|p1a: Zapdos
|-resisted|p1a: Zapdos
|-damage|p1a: Zapdos|86/100 tox
|
|t:|1641857676
|switch|p2a: Froslass|Froslass, F|100/100|[from]move: U-turn
|
|-damage|p1a: Zapdos|74/100 tox|[from] psn
|upkeep
|turn|11
|
|t:|1641857683
|move|p2a: Froslass|Spikes|p1a: Zapdos
|-sidestart|p1: The Artful Titan|Spikes
|move|p1a: Zapdos|Heat Wave|p2a: Froslass
|-supereffective|p2a: Froslass
|-crit|p2a: Froslass
|-enditem|p2a: Froslass|Focus Sash
|-damage|p2a: Froslass|1/100
|
|-damage|p1a: Zapdos|56/100 tox|[from] psn
|upkeep
|turn|12
|
|t:|1641857698
|move|p2a: Froslass|Ice Beam|p1a: Zapdos
|-supereffective|p1a: Zapdos
|-damage|p1a: Zapdos|0 fnt
|faint|p1a: Zapdos
|
|upkeep
|
|t:|1641857704
|switch|p1a: Bisharp|Bisharp, M|78/100
|-damage|p1a: Bisharp|65/100|[from] Spikes
|turn|13
|
|t:|1641857709
|move|p1a: Bisharp|Sucker Punch||[still]
|-fail|p1a: Bisharp
|move|p2a: Froslass|Spikes|p1a: Bisharp
|-sidestart|p1: The Artful Titan|Spikes
|
|upkeep
|turn|14
|
|t:|1641857715
|move|p2a: Froslass|Shadow Ball|p1a: Bisharp
|-resisted|p1a: Bisharp
|-damage|p1a: Bisharp|53/100
|move|p1a: Bisharp|Knock Off|p2a: Froslass
|-supereffective|p2a: Froslass
|-crit|p2a: Froslass
|-damage|p2a: Froslass|0 fnt
|faint|p2a: Froslass
|
|upkeep
|
|t:|1641857724
|switch|p2a: Zapdos|Zapdos-Galar|41/100
|turn|15
|
|t:|1641857728
|move|p1a: Bisharp|Sucker Punch|p2a: Zapdos
|-resisted|p2a: Zapdos
|-damage|p2a: Zapdos|22/100
|move|p2a: Zapdos|Thunderous Kick|p1a: Bisharp
|-supereffective|p1a: Bisharp
|-damage|p1a: Bisharp|0 fnt
|faint|p1a: Bisharp
|
|upkeep
|
|t:|1641857735
|switch|p1a: Rillaboom|Rillaboom, M|100/100
|-damage|p1a: Rillaboom|84/100|[from] Spikes
|-fieldstart|move: Grassy Terrain|[from] ability: Grassy Surge|[of] p1a: Rillaboom
|turn|16
|
|t:|1641857738
|move|p1a: Rillaboom|Grassy Glide|p2a: Zapdos
|-resisted|p2a: Zapdos
|-damage|p2a: Zapdos|0 fnt
|faint|p2a: Zapdos
|
|-heal|p1a: Rillaboom|90/100|[from] Grassy Terrain
|upkeep
|
|t:|1641857743
|switch|p2a: Dragapult|Dragapult, F|100/100
|turn|17
|
|t:|1641857750
|switch|p1a: Heatran|Heatran, M|57/100
|-damage|p1a: Heatran|40/100|[from] Spikes
|move|p2a: Dragapult|Shadow Ball|p1a: Heatran
|-crit|p1a: Heatran
|-damage|p1a: Heatran|10/100
|
|-heal|p1a: Heatran|16/100|[from] Grassy Terrain
|upkeep
|turn|18
|
|t:|1641857753
|move|p2a: Dragapult|Shadow Ball|p1a: Heatran
|-damage|p1a: Heatran|0 fnt
|faint|p1a: Heatran
|
|upkeep
|
|t:|1641857756
|switch|p1a: Rillaboom|Rillaboom, M|90/100
|-damage|p1a: Rillaboom|74/100|[from] Spikes
|turn|19
|
|t:|1641857760
|switch|p2a: Landorus|Landorus-Therian, M|60/100 tox
|-ability|p2a: Landorus|Intimidate|boost
|-unboost|p1a: Rillaboom|atk|1
|move|p1a: Rillaboom|Grassy Glide|p2a: Landorus
|-damage|p2a: Landorus|22/100 tox
|
|-heal|p1a: Rillaboom|80/100|[from] Grassy Terrain
|-heal|p2a: Landorus|28/100 tox|[from] item: Leftovers
|-damage|p2a: Landorus|22/100 tox|[from] psn
|upkeep
|turn|20
|
|t:|1641857766
|switch|p1a: Landorus|Landorus-Therian, M|100/100
|-ability|p1a: Landorus|Intimidate|boost
|-unboost|p2a: Landorus|atk|1
|move|p2a: Landorus|U-turn|p1a: Landorus
|-resisted|p1a: Landorus
|-damage|p1a: Landorus|94/100
|
|t:|1641857770
|switch|p2a: Dragapult|Dragapult, F|100/100|[from]move: U-turn
|
|-fieldend|move: Grassy Terrain
|upkeep
|turn|21
|
|t:|1641857773
|move|p2a: Dragapult|Draco Meteor|p1a: Landorus
|-damage|p1a: Landorus|0 fnt
|-unboost|p2a: Dragapult|spa|2
|faint|p1a: Landorus
|
|upkeep
|
|t:|1641857777
|switch|p1a: Rillaboom|Rillaboom, M|80/100
|-damage|p1a: Rillaboom|64/100|[from] Spikes
|-fieldstart|move: Grassy Terrain|[from] ability: Grassy Surge|[of] p1a: Rillaboom
|turn|22
|
|t:|1641857789
|switch|p2a: Landorus|Landorus-Therian, M|22/100 tox
|-ability|p2a: Landorus|Intimidate|boost
|-unboost|p1a: Rillaboom|atk|1
|move|p1a: Rillaboom|Knock Off|p2a: Landorus
|-crit|p2a: Landorus
|-damage|p2a: Landorus|0 fnt
|-enditem|p2a: Landorus|Leftovers|[from] move: Knock Off|[of] p1a: Rillaboom
|faint|p2a: Landorus
|
|-heal|p1a: Rillaboom|70/100|[from] Grassy Terrain
|upkeep
|
|t:|1641857795
|switch|p2a: Bisharp|Bisharp, F|100/100
|turn|23
|
|t:|1641857797
|move|p1a: Rillaboom|Knock Off|p2a: Bisharp
|-resisted|p2a: Bisharp
|-damage|p2a: Bisharp|77/100
|-enditem|p2a: Bisharp|Black Glasses|[from] move: Knock Off|[of] p1a: Rillaboom
|move|p2a: Bisharp|Swords Dance|p2a: Bisharp
|-boost|p2a: Bisharp|atk|2
|
|-heal|p1a: Rillaboom|76/100|[from] Grassy Terrain
|-heal|p2a: Bisharp|83/100|[from] Grassy Terrain
|upkeep
|turn|24
|
|t:|1641857799
|move|p1a: Rillaboom|Knock Off|p2a: Bisharp
|-resisted|p2a: Bisharp
|-damage|p2a: Bisharp|68/100
|move|p2a: Bisharp|Swords Dance|p2a: Bisharp
|-boost|p2a: Bisharp|atk|2
|
|-heal|p1a: Rillaboom|82/100|[from] Grassy Terrain
|-heal|p2a: Bisharp|74/100|[from] Grassy Terrain
|upkeep
|turn|25
|
|t:|1641857802
|move|p1a: Rillaboom|Knock Off|p2a: Bisharp
|-resisted|p2a: Bisharp
|-damage|p2a: Bisharp|57/100
|move|p2a: Bisharp|Swords Dance|p2a: Bisharp
|-boost|p2a: Bisharp|atk|2
|
|-heal|p1a: Rillaboom|88/100|[from] Grassy Terrain
|-heal|p2a: Bisharp|63/100|[from] Grassy Terrain
|upkeep
|turn|26
|
|t:|1641857805
|move|p1a: Rillaboom|Knock Off|p2a: Bisharp
|-resisted|p2a: Bisharp
|-damage|p2a: Bisharp|48/100
|move|p2a: Bisharp|Swords Dance|p2a: Bisharp
|-boost|p2a: Bisharp|atk|0
|
|-heal|p1a: Rillaboom|94/100|[from] Grassy Terrain
|-heal|p2a: Bisharp|54/100|[from] Grassy Terrain
|-fieldend|move: Grassy Terrain
|upkeep
|turn|27
|
|t:|1641857808
|move|p1a: Rillaboom|Knock Off|p2a: Bisharp
|-resisted|p2a: Bisharp
|-damage|p2a: Bisharp|39/100
|move|p2a: Bisharp|Knock Off|p1a: Rillaboom
|-damage|p1a: Rillaboom|0 fnt
|-enditem|p1a: Rillaboom|Choice Band|[from] move: Knock Off|[of] p2a: Bisharp
|faint|p1a: Rillaboom
|
|win|Ghidx
|raw|The Artful Titan's rating: 1394 &rarr; <strong>1378</strong><br />(-16 for losing)
|raw|Ghidx's rating: 1472 &rarr; <strong>1488</strong><br />(+16 for winning)
|l|☆The Artful Titan
