|j|☆DS Blue
|j|☆Lucky-Sama
|t:|1641845125
|gametype|singles
|player|p1|DS Blue|acetrainer-gen4|
|player|p2|Lucky-Sama|whitney|
|teamsize|p1|6
|teamsize|p2|6
|gen|8
|tier|[Gen 8] OU
|rule|Sleep Clause Mod: Limit one foe put to sleep
|rule|Species Clause: Limit one of each Pokémon
|rule|OHKO Clause: OHKO moves are banned
|rule|Evasion Moves Clause: Evasion moves are banned
|rule|Endless Battle Clause: Forcing endless battles is banned
|rule|HP Percentage Mod: HP is shown in percentages
|rule|Dynamax Clause: You cannot dynamax
|clearpoke
|poke|p1|Dracozolt|
|poke|p1|Tyranitar, M|
|poke|p1|Slowking, M|
|poke|p1|Excadrill, M|
|poke|p1|Skarmory, F|
|poke|p1|Tangrowth, F|
|poke|p2|Venusaur, F|
|poke|p2|Victini|
|poke|p2|Darmanitan, M|
|poke|p2|Torkoal, M|
|poke|p2|Mandibuzz, F|
|poke|p2|Garchomp, M|
|teampreview
|
|t:|1641845154
|start
|switch|p1a: Slowking|Slowking, M|100/100
|switch|p2a: Torkoal|Torkoal, M, shiny|100/100
|-weather|SunnyDay|[from] ability: Drought|[of] p2a: Torkoal
|turn|1
|
|t:|1641845201
|move|p2a: Torkoal|Stealth Rock|p1a: Slowking
|-sidestart|p1: DS Blue|move: Stealth Rock
|move|p1a: Slowking|Future Sight|p2a: Torkoal
|-start|p1a: Slowking|move: Future Sight
|
|-weather|SunnyDay|[upkeep]
|upkeep
|turn|2
|
|t:|1641845218
|switch|p2a: Mandibuzz|Mandibuzz, F, shiny|100/100
|move|p1a: Slowking|Teleport|p1a: Slowking
|
|t:|1641845247
|switch|p1a: Tyranitar|Tyranitar, M|100/100|[from]move: Teleport
|-damage|p1a: Tyranitar|88/100|[from] Stealth Rock
|-weather|Sandstorm|[from] ability: Sand Stream|[of] p1a: Tyranitar
|
|-weather|Sandstorm|[upkeep]
|upkeep
|turn|3
|
|t:|1641845252
|move|p2a: Mandibuzz|Toxic|p1a: Tyranitar
|-status|p1a: Tyranitar|tox
|move|p1a: Tyranitar|Stealth Rock|p2a: Mandibuzz
|-sidestart|p2: Lucky-Sama|move: Stealth Rock
|
|-weather|Sandstorm|[upkeep]
|-end|p2a: Mandibuzz|move: Future Sight
|-immune|p2a: Mandibuzz
|-damage|p1a: Tyranitar|82/100 tox|[from] psn
|upkeep
|turn|4
|
|t:|1641845285
|switch|p1a: Dracozolt|Dracozolt|100/100
|-damage|p1a: Dracozolt|88/100|[from] Stealth Rock
|move|p2a: Mandibuzz|Defog|p1a: Dracozolt
|-unboost|p1a: Dracozolt|evasion|1
|-sideend|p1: DS Blue|Stealth Rock|[from] move: Defog|[of] p2a: Mandibuzz
|-sideend|p2: Lucky-Sama|Stealth Rock|[from] move: Defog|[of] p2a: Mandibuzz
|
|-weather|Sandstorm|[upkeep]
|-heal|p1a: Dracozolt|94/100|[from] item: Leftovers
|upkeep
|turn|5
|
|t:|1641845307
|switch|p2a: Torkoal|Torkoal, M, shiny|100/100
|-weather|SunnyDay|[from] ability: Drought|[of] p2a: Torkoal
|move|p1a: Dracozolt|Substitute|p1a: Dracozolt
|-start|p1a: Dracozolt|Substitute
|-damage|p1a: Dracozolt|69/100
|
|-weather|SunnyDay|[upkeep]
|-heal|p1a: Dracozolt|76/100|[from] item: Leftovers
|upkeep
|turn|6
|
|t:|1641845317
|move|p1a: Dracozolt|Draco Meteor|p2a: Torkoal
|-damage|p2a: Torkoal|37/100
|-unboost|p1a: Dracozolt|spa|2
|move|p2a: Torkoal|Earth Power|p1a: Dracozolt
|-supereffective|p1a: Dracozolt
|-end|p1a: Dracozolt|Substitute
|
|-weather|SunnyDay|[upkeep]
|-heal|p1a: Dracozolt|82/100|[from] item: Leftovers
|upkeep
|turn|7
|
|t:|1641845330
|switch|p2a: Garchomp|Garchomp, M|100/100
|move|p1a: Dracozolt|Draco Meteor|p2a: Garchomp
|-supereffective|p2a: Garchomp
|-damage|p2a: Garchomp|53/100
|-unboost|p1a: Dracozolt|spa|2
|
|-weather|SunnyDay|[upkeep]
|-heal|p1a: Dracozolt|88/100|[from] item: Leftovers
|upkeep
|turn|8
|
|t:|1641845350
|switch|p2a: Venusaur|Venusaur, F, shiny|100/100
|switch|p1a: Tangrowth|Tangrowth, F|100/100
|
|-weather|SunnyDay|[upkeep]
|upkeep
|turn|9
|
|t:|1641845362
|switch|p1a: Tyranitar|Tyranitar, M|82/100 tox
|-weather|Sandstorm|[from] ability: Sand Stream|[of] p1a: Tyranitar
|move|p2a: Venusaur|Growth|p2a: Venusaur
|-boost|p2a: Venusaur|atk|1
|-boost|p2a: Venusaur|spa|1
|
|-weather|Sandstorm|[upkeep]
|-damage|p2a: Venusaur|95/100|[from] Sandstorm
|-damage|p1a: Tyranitar|76/100 tox|[from] psn
|upkeep
|turn|10
|
|t:|1641845369
|switch|p1a: Skarmory|Skarmory, F|100/100
|move|p2a: Venusaur|Earthquake|p1a: Skarmory
|-immune|p1a: Skarmory
|
|-weather|Sandstorm|[upkeep]
|-damage|p2a: Venusaur|89/100|[from] Sandstorm
|upkeep
|turn|11
|
|t:|1641845382
|switch|p2a: Torkoal|Torkoal, M, shiny|37/100
|-weather|SunnyDay|[from] ability: Drought|[of] p2a: Torkoal
|move|p1a: Skarmory|Spikes|p2a: Torkoal
|-sidestart|p2: Lucky-Sama|Spikes
|
|-weather|SunnyDay|[upkeep]
|upkeep
|turn|12
|
|t:|1641845388
|switch|p1a: Tyranitar|Tyranitar, M|76/100 tox
|-weather|Sandstorm|[from] ability: Sand Stream|[of] p1a: Tyranitar
|move|p2a: Torkoal|Rapid Spin|p1a: Tyranitar
|-resisted|p1a: Tyranitar
|-damage|p1a: Tyranitar|73/100 tox
|-boost|p2a: Torkoal|spe|1
|-sideend|p2: Lucky-Sama|Spikes|[from] move: Rapid Spin|[of] p2a: Torkoal
|
|-weather|Sandstorm|[upkeep]
|-damage|p2a: Torkoal|31/100|[from] Sandstorm
|-damage|p1a: Tyranitar|66/100 tox|[from] psn
|upkeep
|turn|13
|
|t:|1641845398
|switch|p2a: Mandibuzz|Mandibuzz, F, shiny|100/100
|move|p1a: Tyranitar|Rock Blast|p2a: Mandibuzz
|-supereffective|p2a: Mandibuzz
|-damage|p2a: Mandibuzz|86/100
|-supereffective|p2a: Mandibuzz
|-damage|p2a: Mandibuzz|72/100
|-supereffective|p2a: Mandibuzz
|-damage|p2a: Mandibuzz|59/100
|-hitcount|p2a: Mandibuzz|3
|
|-weather|Sandstorm|[upkeep]
|-damage|p1a: Tyranitar|54/100 tox|[from] psn
|upkeep
|turn|14
|
|t:|1641845410
|switch|p1a: Skarmory|Skarmory, F|100/100
|move|p2a: Mandibuzz|Foul Play|p1a: Skarmory
|-damage|p1a: Skarmory|89/100
|-damage|p2a: Mandibuzz|42/100|[from] item: Rocky Helmet|[of] p1a: Skarmory
|
|-weather|Sandstorm|[upkeep]
|upkeep
|turn|15
|
|t:|1641845418
|move|p2a: Mandibuzz|Roost|p2a: Mandibuzz
|-heal|p2a: Mandibuzz|92/100
|-singleturn|p2a: Mandibuzz|move: Roost
|move|p1a: Skarmory|Spikes|p2a: Mandibuzz
|-sidestart|p2: Lucky-Sama|Spikes
|
|-weather|Sandstorm|[upkeep]
|upkeep
|turn|16
|
|t:|1641845431
|move|p2a: Mandibuzz|Foul Play|p1a: Skarmory
|-damage|p1a: Skarmory|76/100
|-damage|p2a: Mandibuzz|76/100|[from] item: Rocky Helmet|[of] p1a: Skarmory
|move|p1a: Skarmory|Iron Defense|p1a: Skarmory
|-boost|p1a: Skarmory|def|2
|
|-weather|Sandstorm|[upkeep]
|upkeep
|turn|17
|
|t:|1641845437
|move|p2a: Mandibuzz|Defog|p1a: Skarmory
|-unboost|p1a: Skarmory|evasion|1
|-sideend|p2: Lucky-Sama|Spikes|[from] move: Defog|[of] p2a: Mandibuzz
|move|p1a: Skarmory|Body Press|p2a: Mandibuzz
|-damage|p2a: Mandibuzz|39/100
|-damage|p1a: Skarmory|59/100|[from] item: Rocky Helmet|[of] p2a: Mandibuzz
|
|-weather|Sandstorm|[upkeep]
|upkeep
|turn|18
|
|t:|1641845454
|switch|p2a: Victini|Victini|100/100
|move|p1a: Skarmory|Roost|p1a: Skarmory
|-heal|p1a: Skarmory|100/100
|-singleturn|p1a: Skarmory|move: Roost
|
|-weather|Sandstorm|[upkeep]
|-damage|p2a: Victini|94/100|[from] Sandstorm
|upkeep
|turn|19
|
|t:|1641845478
|move|p2a: Victini|Trick|p1a: Skarmory
|-activate|p2a: Victini|move: Trick|[of] p1a: Skarmory
|-item|p1a: Skarmory|Choice Scarf|[from] move: Trick
|-item|p2a: Victini|Rocky Helmet|[from] move: Trick
|move|p1a: Skarmory|Body Press|p2a: Victini
|-resisted|p2a: Victini
|-damage|p2a: Victini|61/100
|-damage|p1a: Skarmory|84/100|[from] item: Rocky Helmet|[of] p2a: Victini
|
|-weather|none
|upkeep
|turn|20
|
|t:|1641845498
|move|p2a: Victini|Bolt Strike|p1a: Skarmory
|-supereffective|p1a: Skarmory
|-damage|p1a: Skarmory|60/100
|move|p1a: Skarmory|Body Press|p2a: Victini
|-resisted|p2a: Victini
|-damage|p2a: Victini|31/100
|-damage|p1a: Skarmory|44/100|[from] item: Rocky Helmet|[of] p2a: Victini
|
|upkeep
|turn|21
|
|t:|1641845507
|switch|p2a: Mandibuzz|Mandibuzz, F, shiny|39/100
|move|p1a: Skarmory|Body Press|p2a: Mandibuzz
|-damage|p2a: Mandibuzz|1/100
|-damage|p1a: Skarmory|27/100|[from] item: Rocky Helmet|[of] p2a: Mandibuzz
|
|upkeep
|turn|22
|
|t:|1641845533
|move|p1a: Skarmory|Body Press|p2a: Mandibuzz
|-damage|p2a: Mandibuzz|0 fnt
|-damage|p1a: Skarmory|11/100|[from] item: Rocky Helmet|[of] p2a: Mandibuzz
|faint|p2a: Mandibuzz
|
|upkeep
|
|t:|1641845547
|switch|p2a: Victini|Victini|31/100
|turn|23
|
|t:|1641845557
|move|p2a: Victini|Bolt Strike|p1a: Skarmory
|-supereffective|p1a: Skarmory
|-damage|p1a: Skarmory|0 fnt
|faint|p1a: Skarmory
|
|upkeep
|
|t:|1641845569
|switch|p1a: Tyranitar|Tyranitar, M|54/100 tox
|-weather|Sandstorm|[from] ability: Sand Stream|[of] p1a: Tyranitar
|turn|24
|
|t:|1641845578
|switch|p1a: Dracozolt|Dracozolt|88/100
|move|p2a: Victini|Brick Break|p1a: Dracozolt
|-damage|p1a: Dracozolt|57/100
|
|-weather|Sandstorm|[upkeep]
|-damage|p2a: Victini|25/100|[from] Sandstorm
|-heal|p1a: Dracozolt|63/100|[from] item: Leftovers
|upkeep
|turn|25
|
|t:|1641845610
|move|p1a: Dracozolt|Draco Meteor|p2a: Victini
|-damage|p2a: Victini|0 fnt
|-unboost|p1a: Dracozolt|spa|2
|faint|p2a: Victini
|
|-weather|Sandstorm|[upkeep]
|-heal|p1a: Dracozolt|69/100|[from] item: Leftovers
|upkeep
|
|t:|1641845631
|switch|p2a: Venusaur|Venusaur, F, shiny|89/100
|turn|26
|
|t:|1641845645
|switch|p1a: Slowking|Slowking, M|100/100
|move|p2a: Venusaur|Earthquake|p1a: Slowking
|-damage|p1a: Slowking|78/100
|-damage|p2a: Venusaur|79/100|[from] item: Life Orb
|
|-weather|Sandstorm|[upkeep]
|-damage|p2a: Venusaur|73/100|[from] Sandstorm
|-damage|p1a: Slowking|72/100|[from] Sandstorm
|upkeep
|turn|27
|
|t:|1641845651
|switch|p2a: Darmanitan|Darmanitan, M|100/100
|move|p1a: Slowking|Future Sight|p2a: Darmanitan
|-start|p1a: Slowking|move: Future Sight
|
|-weather|Sandstorm|[upkeep]
|-damage|p2a: Darmanitan|95/100|[from] Sandstorm
|-damage|p1a: Slowking|66/100|[from] Sandstorm
|upkeep
|turn|28
|
|t:|1641845660
|move|p2a: Darmanitan|U-turn|p1a: Slowking
|-supereffective|p1a: Slowking
|-damage|p1a: Slowking|0 fnt
|faint|p1a: Slowking
|
|t:|1641845665
|switch|p2a: Torkoal|Torkoal, M, shiny|31/100|[from]move: U-turn
|-weather|SunnyDay|[from] ability: Drought|[of] p2a: Torkoal
|
|-weather|SunnyDay|[upkeep]
|upkeep
|
|t:|1641845668
|switch|p1a: Tyranitar|Tyranitar, M|54/100 tox
|-weather|Sandstorm|[from] ability: Sand Stream|[of] p1a: Tyranitar
|turn|29
|
|t:|1641845677
|switch|p2a: Garchomp|Garchomp, M|53/100
|move|p1a: Tyranitar|Stealth Rock|p2a: Garchomp
|-sidestart|p2: Lucky-Sama|move: Stealth Rock
|
|-weather|Sandstorm|[upkeep]
|-end|p2a: Garchomp|move: Future Sight
|-damage|p2a: Garchomp|7/100
|-damage|p1a: Tyranitar|48/100 tox|[from] psn
|upkeep
|turn|30
|
|t:|1641845697
|switch|p1a: Tangrowth|Tangrowth, F|100/100
|move|p2a: Garchomp|Swords Dance|p2a: Garchomp
|-boost|p2a: Garchomp|atk|2
|
|-weather|Sandstorm|[upkeep]
|-damage|p1a: Tangrowth|94/100|[from] Sandstorm
|upkeep
|turn|31
|
|t:|1641845712
|move|p2a: Garchomp|Scale Shot|p1a: Tangrowth
|-damage|p1a: Tangrowth|73/100
|-damage|p1a: Tangrowth|48/100
|-damage|p1a: Tangrowth|24/100
|-hitcount|p1a: Tangrowth|3
|-unboost|p2a: Garchomp|def|1
|-boost|p2a: Garchomp|spe|1
|-damage|p2a: Garchomp|0 fnt|[from] item: Life Orb
|faint|p2a: Garchomp
|move|p1a: Tangrowth|Giga Drain|p2: Garchomp|[notarget]
|-fail|p1a: Tangrowth
|
|-weather|Sandstorm|[upkeep]
|-damage|p1a: Tangrowth|18/100|[from] Sandstorm
|upkeep
|
|t:|1641845731
|switch|p2a: Darmanitan|Darmanitan, M|95/100
|-damage|p2a: Darmanitan|70/100|[from] Stealth Rock
|turn|32
|
|t:|1641845754
|move|p2a: Darmanitan|U-turn|p1a: Tangrowth
|-supereffective|p1a: Tangrowth
|-damage|p1a: Tangrowth|0 fnt
|faint|p1a: Tangrowth
|
|t:|1641845761
|switch|p2a: Venusaur|Venusaur, F, shiny|73/100|[from]move: U-turn
|-damage|p2a: Venusaur|60/100|[from] Stealth Rock
|
|-weather|Sandstorm|[upkeep]
|-damage|p2a: Venusaur|54/100|[from] Sandstorm
|upkeep
|
|t:|1641845781
|switch|p1a: Dracozolt|Dracozolt|69/100
|turn|33
|
|t:|1641845793
|move|p1a: Dracozolt|Draco Meteor|p2a: Venusaur
|-damage|p2a: Venusaur|0 fnt
|-unboost|p1a: Dracozolt|spa|2
|faint|p2a: Venusaur
|
|-weather|Sandstorm|[upkeep]
|-heal|p1a: Dracozolt|75/100|[from] item: Leftovers
|upkeep
|
|t:|1641845800
|switch|p2a: Darmanitan|Darmanitan, M|70/100
|-damage|p2a: Darmanitan|45/100|[from] Stealth Rock
|turn|34
|
|t:|1641845803
|move|p1a: Dracozolt|Bolt Beak|p2a: Darmanitan
|-damage|p2a: Darmanitan|0 fnt
|faint|p2a: Darmanitan
|
|-weather|Sandstorm|[upkeep]
|-heal|p1a: Dracozolt|81/100|[from] item: Leftovers
|upkeep
|c|☆Lucky-Sama|gg
|
|t:|1641845811
|switch|p2a: Torkoal|Torkoal, M, shiny|31/100
|-damage|p2a: Torkoal|6/100|[from] Stealth Rock
|-weather|SunnyDay|[from] ability: Drought|[of] p2a: Torkoal
|turn|35
|
|t:|1641845814
|move|p1a: Dracozolt|Draco Meteor|p2a: Torkoal|[miss]
|-miss|p1a: Dracozolt|p2a: Torkoal
|move|p2a: Torkoal|Rapid Spin|p1a: Dracozolt
|-damage|p1a: Dracozolt|72/100
|-boost|p2a: Torkoal|spe|1
|-sideend|p2: Lucky-Sama|Stealth Rock|[from] move: Rapid Spin|[of] p2a: Torkoal
|
|-weather|SunnyDay|[upkeep]
|-heal|p1a: Dracozolt|78/100|[from] item: Leftovers
|upkeep
|turn|36
|
|t:|1641845829
|move|p1a: Dracozolt|Bolt Beak|p2a: Torkoal
|-damage|p2a: Torkoal|0 fnt
|faint|p2a: Torkoal
|
|win|DS Blue
|l|☆Lucky-Sama
