|j|☆TheFin343Bro
|j|☆Bigbangbangbig
|t:|1641854574
|gametype|singles
|player|p1|TheFin343Bro|ethan|1052
|player|p2|Bigbangbangbig|266|1000
|teamsize|p1|6
|teamsize|p2|6
|gen|8
|tier|[Gen 8] OU
|rated|
|rule|Sleep Clause Mod: Limit one foe put to sleep
|rule|Species Clause: Limit one of each Pokémon
|rule|OHKO Clause: OHKO moves are banned
|rule|Evasion Moves Clause: Evasion moves are banned
|rule|Endless Battle Clause: Forcing endless battles is banned
|rule|HP Percentage Mod: HP is shown in percentages
|rule|Dynamax Clause: You cannot dynamax
|clearpoke
|poke|p1|Clefable, M|
|poke|p1|Garchomp, F|
|poke|p1|Heatran, F|
|poke|p1|Hawlucha, M|
|poke|p1|Tapu Fini|
|poke|p1|Toxapex, M|
|poke|p2|Gengar, M|
|poke|p2|Landorus-Therian, M|
|poke|p2|Blastoise, F|
|poke|p2|Regieleki|
|poke|p2|Dragonite, M|
|poke|p2|Scizor, F|
|teampreview
|inactive|Battle timer is ON: inactive players will automatically lose when time's up. (requested by TheFin343Bro)
|
|t:|1641854581
|start
|switch|p1a: Clefable|Clefable, M|100/100
|switch|p2a: Gengar|Gengar, M|100/100
|turn|1
|
|t:|1641854589
|move|p2a: Gengar|Sludge Wave|p1a: Clefable
|-supereffective|p1a: Clefable
|-damage|p1a: Clefable|0 fnt
|faint|p1a: Clefable
|
|upkeep
|c|☆TheFin343Bro|rude
|c|☆TheFin343Bro|and noted
|
|t:|1641854609
|switch|p1a: Garchomp|Garchomp, F|100/100
|turn|2
|
|t:|1641854613
|move|p2a: Gengar|Shadow Ball|p1a: Garchomp
|-damage|p1a: Garchomp|55/100
|move|p1a: Garchomp|Swords Dance|p1a: Garchomp
|-boost|p1a: Garchomp|atk|2
|
|upkeep
|turn|3
|
|t:|1641854620
|move|p2a: Gengar|Shadow Ball|p1a: Garchomp
|-damage|p1a: Garchomp|8/100
|move|p1a: Garchomp|Scale Shot|p2a: Gengar
|-damage|p2a: Gengar|39/100
|-damage|p2a: Gengar|0 fnt
|-start|p1a: Garchomp|Disable|Scale Shot|[from] ability: Cursed Body|[of] p2a: Gengar
|faint|p2a: Gengar
|-hitcount|p2: Gengar|2
|-unboost|p1a: Garchomp|def|1
|-boost|p1a: Garchomp|spe|1
|
|upkeep
|c|☆TheFin343Bro|sadge
|
|t:|1641854639
|switch|p2a: Landorus|Landorus-Therian, M|100/100
|-ability|p2a: Landorus|Intimidate|boost
|-unboost|p1a: Garchomp|atk|1
|turn|4
|
|t:|1641854647
|move|p1a: Garchomp|Toxic|p2a: Landorus
|-status|p2a: Landorus|tox
|move|p2a: Landorus|Earthquake|p1a: Garchomp
|-damage|p1a: Garchomp|0 fnt
|faint|p1a: Garchomp
|
|-damage|p2a: Landorus|94/100 tox|[from] psn
|upkeep
|
|t:|1641854665
|switch|p1a: Tapu Fini|Tapu Fini|100/100
|-fieldstart|move: Misty Terrain|[from] ability: Misty Surge|[of] p1a: Tapu Fini
|turn|5
|
|t:|1641854671
|move|p1a: Tapu Fini|Moonblast|p2a: Landorus
|-damage|p2a: Landorus|60/100 tox
|move|p2a: Landorus|U-turn|p1a: Tapu Fini
|-resisted|p1a: Tapu Fini
|-damage|p1a: Tapu Fini|93/100
|
|t:|1641854682
|switch|p2a: Regieleki|Regieleki|100/100|[from]move: U-turn
|
|upkeep
|turn|6
|
|t:|1641854693
|move|p2a: Regieleki|Volt Switch|p1a: Tapu Fini
|-supereffective|p1a: Tapu Fini
|-damage|p1a: Tapu Fini|0 fnt
|faint|p1a: Tapu Fini
|
|t:|1641854698
|switch|p2a: Blastoise|Blastoise, F|100/100|[from]move: Volt Switch
|
|upkeep
|
|t:|1641854701
|switch|p1a: Hawlucha|Hawlucha, M|100/100
|-enditem|p1a: Hawlucha|Misty Seed
|-boost|p1a: Hawlucha|spd|1|[from] item: Misty Seed
|turn|7
|
|t:|1641854707
|move|p1a: Hawlucha|Taunt|p2a: Blastoise
|-start|p2a: Blastoise|move: Taunt
|move|p2a: Blastoise|Ice Beam|p1a: Hawlucha
|-supereffective|p1a: Hawlucha
|-damage|p1a: Hawlucha|67/100
|
|upkeep
|turn|8
|
|t:|1641854715
|move|p1a: Hawlucha|Swords Dance|p1a: Hawlucha
|-boost|p1a: Hawlucha|atk|2
|move|p2a: Blastoise|Ice Beam|p1a: Hawlucha
|-supereffective|p1a: Hawlucha
|-damage|p1a: Hawlucha|28/100
|
|upkeep
|turn|9
|
|t:|1641854723
|move|p1a: Hawlucha|Close Combat|p2a: Blastoise
|-damage|p2a: Blastoise|0 fnt
|-unboost|p1a: Hawlucha|def|1
|-unboost|p1a: Hawlucha|spd|1
|faint|p2a: Blastoise
|
|-fieldend|Misty Terrain
|upkeep
|
|t:|1641854732
|switch|p2a: Regieleki|Regieleki|100/100
|turn|10
|
|t:|1641854735
|move|p1a: Hawlucha|Close Combat|p2a: Regieleki
|-damage|p2a: Regieleki|0 fnt
|-unboost|p1a: Hawlucha|def|1
|-unboost|p1a: Hawlucha|spd|1
|faint|p2a: Regieleki
|
|upkeep
|
|t:|1641854742
|switch|p2a: Dragonite|Dragonite, M|100/100
|turn|11
|
|t:|1641854747
|move|p2a: Dragonite|Extreme Speed|p1a: Hawlucha
|-damage|p1a: Hawlucha|0 fnt
|faint|p1a: Hawlucha
|
|upkeep
|
|t:|1641854752
|switch|p1a: Toxapex|Toxapex, M|100/100
|turn|12
|
|t:|1641854757
|move|p2a: Dragonite|Dragon Dance|p2a: Dragonite
|-boost|p2a: Dragonite|atk|1
|-boost|p2a: Dragonite|spe|1
|move|p1a: Toxapex|Scald|p2a: Dragonite
|-resisted|p2a: Dragonite
|-damage|p2a: Dragonite|96/100
|-status|p2a: Dragonite|brn
|
|-damage|p2a: Dragonite|90/100 brn|[from] brn
|upkeep
|turn|13
|
|t:|1641854772
|move|p2a: Dragonite|Earthquake|p1a: Toxapex
|-supereffective|p1a: Toxapex
|-damage|p1a: Toxapex|67/100
|move|p1a: Toxapex|Haze|p1a: Toxapex
|-clearallboost
|
|-heal|p1a: Toxapex|74/100|[from] item: Black Sludge
|-damage|p2a: Dragonite|83/100 brn|[from] brn
|upkeep
|turn|14
|
|t:|1641854784
|move|p2a: Dragonite|Earthquake|p1a: Toxapex
|-supereffective|p1a: Toxapex
|-damage|p1a: Toxapex|51/100
|move|p1a: Toxapex|Sludge Wave|p2a: Dragonite
|-damage|p2a: Dragonite|63/100 brn
|
|-heal|p1a: Toxapex|58/100|[from] item: Black Sludge
|-damage|p2a: Dragonite|57/100 brn|[from] brn
|upkeep
|turn|15
|
|t:|1641854794
|switch|p1a: Heatran|Heatran, F|100/100
|move|p2a: Dragonite|Earthquake|p1a: Heatran
|-supereffective|p1a: Heatran
|-damage|p1a: Heatran|42/100
|
|-heal|p1a: Heatran|49/100|[from] item: Leftovers
|-damage|p2a: Dragonite|50/100 brn|[from] brn
|upkeep
|turn|16
|c|☆TheFin343Bro|gg
|
|t:|1641854806
|move|p2a: Dragonite|Earthquake|p1a: Heatran
|-supereffective|p1a: Heatran
|-damage|p1a: Heatran|0 fnt
|faint|p1a: Heatran
|
|-damage|p2a: Dragonite|44/100 brn|[from] brn
|upkeep
|
|t:|1641854813
|switch|p1a: Toxapex|Toxapex, M|91/100
|turn|17
|c|☆TheFin343Bro|roost
|
|t:|1641854820
|move|p2a: Dragonite|Earthquake|p1a: Toxapex
|-supereffective|p1a: Toxapex
|-damage|p1a: Toxapex|69/100
|move|p1a: Toxapex|Sludge Wave|p2a: Dragonite
|-damage|p2a: Dragonite|25/100 brn
|
|-heal|p1a: Toxapex|75/100|[from] item: Black Sludge
|-damage|p2a: Dragonite|19/100 brn|[from] brn
|upkeep
|turn|18
|c|☆TheFin343Bro|?
|
|t:|1641854834
|move|p2a: Dragonite|Earthquake|p1a: Toxapex
|-supereffective|p1a: Toxapex
|-damage|p1a: Toxapex|52/100
|move|p1a: Toxapex|Sludge Wave|p2a: Dragonite
|-damage|p2a: Dragonite|0 fnt
|faint|p2a: Dragonite
|
|-heal|p1a: Toxapex|59/100|[from] item: Black Sludge
|upkeep
|
|t:|1641854845
|switch|p2a: Scizor|Scizor, F|100/100
|turn|19
|
|t:|1641854853
|move|p2a: Scizor|Knock Off|p1a: Toxapex
|-damage|p1a: Toxapex|28/100
|-enditem|p1a: Toxapex|Black Sludge|[from] move: Knock Off|[of] p2a: Scizor
|move|p1a: Toxapex|Scald|p2a: Scizor
|-damage|p2a: Scizor|77/100
|-status|p2a: Scizor|brn
|
|-damage|p2a: Scizor|71/100 brn|[from] brn
|upkeep
|turn|20
|
|t:|1641854868
|switch|p2a: Landorus|Landorus-Therian, M|60/100 tox
|-ability|p2a: Landorus|Intimidate|boost
|-unboost|p1a: Toxapex|atk|1
|move|p1a: Toxapex|Sludge Wave|p2a: Landorus
|-resisted|p2a: Landorus
|-damage|p2a: Landorus|50/100 tox
|
|-heal|p2a: Landorus|56/100 tox|[from] item: Leftovers
|-damage|p2a: Landorus|50/100 tox|[from] psn
|upkeep
|turn|21
|c|☆TheFin343Bro|gg
|
|t:|1641854882
|move|p2a: Landorus|Earthquake|p1a: Toxapex
|-supereffective|p1a: Toxapex
|-damage|p1a: Toxapex|0 fnt
|faint|p1a: Toxapex
|
|win|Bigbangbangbig
|raw|TheFin343Bro's rating: 1052 &rarr; <strong>1032</strong><br />(-20 for losing)
|raw|Bigbangbangbig's rating: 1000 &rarr; <strong>1046</strong><br />(+46 for winning)
