|j|☆ultimategoogolplex
|j|☆edgardojch
|t:|1641790320
|gametype|singles
|player|p1|ultimategoogolplex|102|1310
|player|p2|edgardojch|nate|1262
|teamsize|p1|6
|teamsize|p2|6
|gen|8
|tier|[Gen 8] OU
|rated|
|rule|Sleep Clause Mod: Limit one foe put to sleep
|rule|Species Clause: Limit one of each Pokémon
|rule|OHKO Clause: OHKO moves are banned
|rule|Evasion Moves Clause: Evasion moves are banned
|rule|Endless Battle Clause: Forcing endless battles is banned
|rule|HP Percentage Mod: HP is shown in percentages
|rule|Dynamax Clause: You cannot dynamax
|clearpoke
|poke|p1|Corviknight, F|
|poke|p1|Chansey, F|
|poke|p1|Weavile, M|
|poke|p1|Heatran, F|
|poke|p1|Amoonguss, M|
|poke|p1|Quagsire, F|
|poke|p2|Landorus-Therian, M|
|poke|p2|Slowbro, M|
|poke|p2|Wigglytuff, F|
|poke|p2|Slurpuff, F|
|poke|p2|Froslass, F|
|poke|p2|Thundurus-Therian, M|
|teampreview
|inactive|Battle timer is ON: inactive players will automatically lose when time's up. (requested by ultimategoogolplex)
|
|t:|1641790333
|start
|switch|p1a: Corviknight|Corviknight, F|100/100
|switch|p2a: Slowbro|Slowbro, M|100/100
|-ability|p1a: Corviknight|Pressure
|turn|1
|
|t:|1641790344
|move|p1a: Corviknight|U-turn|p2a: Slowbro
|-supereffective|p2a: Slowbro
|-damage|p2a: Slowbro|85/100
|-damage|p1a: Corviknight|84/100|[from] item: Rocky Helmet|[of] p2a: Slowbro
|
|t:|1641790360
|switch|p1a: Chansey|Chansey, F|100/100|[from]move: U-turn
|move|p2a: Slowbro|Flamethrower|p1a: Chansey
|-damage|p1a: Chansey|94/100
|
|upkeep
|turn|2
|
|t:|1641790373
|move|p1a: Chansey|Toxic|p2a: Slowbro
|-status|p2a: Slowbro|tox
|move|p2a: Slowbro|Teleport|p2a: Slowbro
|
|t:|1641790376
|switch|p2a: Landorus|Landorus-Therian, M|100/100|[from]move: Teleport
|-ability|p2a: Landorus|Intimidate|boost
|-unboost|p1a: Chansey|atk|1
|
|upkeep
|turn|3
|
|t:|1641790382
|switch|p1a: Corviknight|Corviknight, F|84/100
|-ability|p1a: Corviknight|Pressure
|move|p2a: Landorus|Knock Off|p1a: Corviknight
|-damage|p1a: Corviknight|52/100
|-enditem|p1a: Corviknight|Leftovers|[from] move: Knock Off|[of] p2a: Landorus
|
|upkeep
|turn|4
|
|t:|1641790391
|switch|p2a: Thundurus|Thundurus-Therian, M|100/100
|move|p1a: Corviknight|Roost|p1a: Corviknight
|-heal|p1a: Corviknight|100/100
|-singleturn|p1a: Corviknight|move: Roost
|
|upkeep
|turn|5
|
|t:|1641790399
|switch|p1a: Chansey|Chansey, F|94/100
|move|p2a: Thundurus|Toxic|p1a: Chansey
|-status|p1a: Chansey|tox
|
|-damage|p1a: Chansey|88/100 tox|[from] psn
|upkeep
|turn|6
|
|t:|1641790407
|move|p2a: Thundurus|U-turn|p1a: Chansey
|-damage|p1a: Chansey|79/100 tox
|
|t:|1641790410
|switch|p2a: Slowbro|Slowbro, M|100/100 tox|[from]move: U-turn
|move|p1a: Chansey|Toxic|p2a: Slowbro|[miss]
|-miss|p1a: Chansey|p2a: Slowbro
|
|-damage|p1a: Chansey|66/100 tox|[from] psn
|-damage|p2a: Slowbro|94/100 tox|[from] psn
|upkeep
|turn|7
|
|t:|1641790428
|-curestatus|p1a: Chansey|tox|[from] ability: Natural Cure
|switch|p1a: Amoonguss|Amoonguss, M|100/100
|move|p2a: Slowbro|Teleport|p2a: Slowbro
|
|t:|1641790438
|switch|p2a: Froslass|Froslass, F|100/100|[from]move: Teleport
|
|upkeep
|turn|8
|inactive|ultimategoogolplex has 120 seconds left.
|
|t:|1641790469
|switch|p1a: Chansey|Chansey, F|66/100
|move|p2a: Froslass|Trick|p1a: Chansey
|-activate|p2a: Froslass|move: Trick|[of] p1a: Chansey
|-item|p1a: Chansey|Choice Scarf|[from] move: Trick
|-item|p2a: Froslass|Eviolite|[from] move: Trick
|
|upkeep
|turn|9
|inactive|ultimategoogolplex has 120 seconds left.
|
|t:|1641790483
|switch|p2a: Slowbro|Slowbro, M|100/100 tox
|switch|p1a: Amoonguss|Amoonguss, M|100/100
|
|-damage|p2a: Slowbro|94/100 tox|[from] psn
|upkeep
|turn|10
|inactive|ultimategoogolplex has 120 seconds left.
|
|t:|1641790495
|move|p1a: Amoonguss|Giga Drain|p2a: Slowbro
|-supereffective|p2a: Slowbro
|-damage|p2a: Slowbro|48/100 tox
|move|p2a: Slowbro|Flamethrower|p1a: Amoonguss
|-supereffective|p1a: Amoonguss
|-damage|p1a: Amoonguss|63/100
|
|-damage|p2a: Slowbro|36/100 tox|[from] psn
|upkeep
|turn|11
|
|t:|1641790504
|switch|p2a: Thundurus|Thundurus-Therian, M|100/100
|move|p1a: Amoonguss|Spore|p2a: Thundurus
|-status|p2a: Thundurus|slp|[from] move: Spore
|
|upkeep
|turn|12
|
|t:|1641790516
|switch|p2a: Slowbro|Slowbro, M|69/100 tox
|switch|p1a: Weavile|Weavile, M|100/100
|-ability|p1a: Weavile|Pressure
|
|-damage|p2a: Slowbro|63/100 tox|[from] psn
|upkeep
|turn|13
|
|t:|1641790528
|move|p1a: Weavile|Knock Off|p2a: Slowbro
|-supereffective|p2a: Slowbro
|-crit|p2a: Slowbro
|-damage|p2a: Slowbro|0 fnt
|-damage|p1a: Weavile|84/100|[from] item: Rocky Helmet|[of] p2a: Slowbro
|-enditem|p2a: Slowbro|Rocky Helmet|[from] move: Knock Off|[of] p1a: Weavile
|faint|p2a: Slowbro
|
|upkeep
|
|t:|1641790536
|switch|p2a: Slurpuff|Slurpuff, F|100/100
|turn|14
|
|t:|1641790548
|move|p1a: Weavile|Knock Off|p2a: Slurpuff
|-resisted|p2a: Slurpuff
|-damage|p2a: Slurpuff|48/100
|-enditem|p2a: Slurpuff|Sitrus Berry|[from] move: Knock Off|[of] p1a: Weavile
|move|p2a: Slurpuff|Belly Drum||[still]
|-fail|p2a: Slurpuff
|
|upkeep
|turn|15
|-message|edgardojch forfeited.
|
|win|ultimategoogolplex
|raw|ultimategoogolplex's rating: 1310 &rarr; <strong>1327</strong><br />(+17 for winning)
|raw|edgardojch's rating: 1262 &rarr; <strong>1240</strong><br />(-22 for losing)
|l|☆edgardojch
