|j|☆SchwayXO
|j|☆cute asian gurl
|inactive|Battle timer is ON: inactive players will automatically lose when time's up.
|t:|1641757856
|gametype|singles
|player|p1|SchwayXO|boarder|
|player|p2|cute asian gurl|dawn|
|teamsize|p1|6
|teamsize|p2|6
|gen|8
|tier|[Gen 8] OU
|rated|Tournament battle
|rule|Sleep Clause Mod: Limit one foe put to sleep
|rule|Species Clause: Limit one of each Pokémon
|rule|OHKO Clause: OHKO moves are banned
|rule|Evasion Moves Clause: Evasion moves are banned
|rule|Endless Battle Clause: Forcing endless battles is banned
|rule|HP Percentage Mod: HP is shown in percentages
|rule|Dynamax Clause: You cannot dynamax
|clearpoke
|poke|p1|Pelipper, F|
|poke|p1|Seismitoad, M|
|poke|p1|Barraskewda, M|
|poke|p1|Melmetal|
|poke|p1|Crawdaunt, F|
|poke|p1|Ferrothorn, F|
|poke|p2|Shedinja|
|poke|p2|Skarmory, M|
|poke|p2|Clefable, M|
|poke|p2|Gastrodon-East, F|
|poke|p2|Toxapex, F|
|poke|p2|Hydreigon, F|
|teampreview
|inactive|SchwayXO has 120 seconds left.
|
|t:|1641757891
|start
|switch|p1a: Crawdaunt|Crawdaunt, F|100/100
|switch|p2a: Toxapex|Toxapex, F, shiny|100/100
|turn|1
|
|t:|1641757898
|move|p1a: Crawdaunt|Knock Off|p2a: Toxapex
|-crit|p2a: Toxapex
|-damage|p2a: Toxapex|4/100
|-damage|p1a: Crawdaunt|84/100|[from] item: Rocky Helmet|[of] p2a: Toxapex
|-enditem|p2a: Toxapex|Rocky Helmet|[from] move: Knock Off|[of] p1a: Crawdaunt
|move|p2a: Toxapex|Toxic|p1a: Crawdaunt
|-status|p1a: Crawdaunt|tox
|
|-damage|p1a: Crawdaunt|78/100 tox|[from] psn
|upkeep
|turn|2
|
|t:|1641757911
|switch|p2a: Hydreigon|Hydreigon, F|100/100
|move|p1a: Crawdaunt|Knock Off|p2a: Hydreigon
|-resisted|p2a: Hydreigon
|-damage|p2a: Hydreigon|43/100
|-enditem|p2a: Hydreigon|Leftovers|[from] move: Knock Off|[of] p1a: Crawdaunt
|
|-damage|p1a: Crawdaunt|66/100 tox|[from] psn
|upkeep
|turn|3
|
|t:|1641757920
|switch|p1a: Pelipper|Pelipper, F|100/100
|-weather|RainDance|[from] ability: Drizzle|[of] p1a: Pelipper
|move|p2a: Hydreigon|Roost|p2a: Hydreigon
|-heal|p2a: Hydreigon|93/100
|-singleturn|p2a: Hydreigon|move: Roost
|
|-weather|RainDance|[upkeep]
|upkeep
|turn|4
|
|t:|1641757930
|switch|p2a: Shedinja|Shedinja, shiny|100/100
|move|p1a: Pelipper|U-turn|p2a: Shedinja
|-immune|p2a: Shedinja|[from] ability: Wonder Guard
|
|-weather|RainDance|[upkeep]
|upkeep
|turn|5
|
|t:|1641757951
|switch|p1a: Crawdaunt|Crawdaunt, F|66/100 tox
|move|p2a: Shedinja|Protect||[still]
|-fail|p2a: Shedinja
|
|-weather|RainDance|[upkeep]
|-damage|p1a: Crawdaunt|60/100 tox|[from] psn
|upkeep
|turn|6
|
|t:|1641757961
|move|p2a: Shedinja|Protect|p2a: Shedinja
|-singleturn|p2a: Shedinja|Protect
|move|p1a: Crawdaunt|Crunch|p2a: Shedinja
|-activate|p2a: Shedinja|move: Protect
|
|-weather|RainDance|[upkeep]
|-damage|p1a: Crawdaunt|47/100 tox|[from] psn
|upkeep
|turn|7
|
|t:|1641757973
|switch|p2a: Clefable|Clefable, M|100/100
|move|p1a: Crawdaunt|Crunch|p2a: Clefable
|-resisted|p2a: Clefable
|-damage|p2a: Clefable|67/100
|
|-weather|RainDance|[upkeep]
|-heal|p2a: Clefable|73/100|[from] item: Leftovers
|-damage|p1a: Crawdaunt|29/100 tox|[from] psn
|upkeep
|turn|8
|
|t:|1641757984
|switch|p1a: Ferrothorn|Ferrothorn, F|100/100
|move|p2a: Clefable|Soft-Boiled|p2a: Clefable
|-heal|p2a: Clefable|100/100
|
|-weather|RainDance|[upkeep]
|upkeep
|turn|9
|
|t:|1641757992
|switch|p2a: Skarmory|Skarmory, M|100/100
|move|p1a: Ferrothorn|Leech Seed|p2a: Skarmory
|-start|p2a: Skarmory|move: Leech Seed
|
|-weather|RainDance|[upkeep]
|-damage|p2a: Skarmory|88/100|[from] Leech Seed|[of] p1a: Ferrothorn
|upkeep
|turn|10
|
|t:|1641757998
|switch|p2a: Hydreigon|Hydreigon, F|93/100
|move|p1a: Ferrothorn|Thunder Wave|p2a: Hydreigon
|-status|p2a: Hydreigon|par
|
|-weather|none
|upkeep
|turn|11
|
|t:|1641758004
|move|p2a: Hydreigon|Flamethrower|p1a: Ferrothorn
|-supereffective|p1a: Ferrothorn
|-damage|p1a: Ferrothorn|20/100
|move|p1a: Ferrothorn|Leech Seed|p2a: Hydreigon
|-start|p2a: Hydreigon|move: Leech Seed
|
|-damage|p2a: Hydreigon|81/100 par|[from] Leech Seed|[of] p1a: Ferrothorn
|-heal|p1a: Ferrothorn|31/100|[silent]
|upkeep
|turn|12
|
|t:|1641758009
|switch|p2a: Skarmory|Skarmory, M|88/100
|switch|p1a: Pelipper|Pelipper, F|100/100
|-weather|RainDance|[from] ability: Drizzle|[of] p1a: Pelipper
|
|-weather|RainDance|[upkeep]
|upkeep
|turn|13
|
|t:|1641758014
|switch|p2a: Gastrodon|Gastrodon-East, F|100/100
|move|p1a: Pelipper|Scald|p2a: Gastrodon
|-damage|p2a: Gastrodon|73/100
|
|-weather|RainDance|[upkeep]
|-heal|p2a: Gastrodon|79/100|[from] item: Leftovers
|upkeep
|turn|14
|
|t:|1641758021
|move|p1a: Pelipper|U-turn|p2a: Gastrodon
|-damage|p2a: Gastrodon|70/100
|
|t:|1641758026
|switch|p1a: Seismitoad|Seismitoad, M|100/100|[from]move: U-turn
|move|p2a: Gastrodon|Recover|p2a: Gastrodon
|-heal|p2a: Gastrodon|100/100
|
|-weather|RainDance|[upkeep]
|upkeep
|turn|15
|
|t:|1641758030
|switch|p2a: Shedinja|Shedinja, shiny|100/100
|move|p1a: Seismitoad|Weather Ball|p2a: Shedinja
|-immune|p2a: Shedinja|[from] ability: Wonder Guard
|
|-weather|RainDance|[upkeep]
|upkeep
|turn|16
|
|t:|1641758042
|move|p2a: Shedinja|Protect|p2a: Shedinja
|-singleturn|p2a: Shedinja|Protect
|move|p1a: Seismitoad|Earth Power|p2a: Shedinja
|-activate|p2a: Shedinja|move: Protect
|
|-weather|RainDance|[upkeep]
|upkeep
|turn|17
|
|t:|1641758046
|move|p1a: Seismitoad|Earth Power|p2a: Shedinja
|-immune|p2a: Shedinja|[from] ability: Wonder Guard
|move|p2a: Shedinja|Toxic|p1a: Seismitoad
|-status|p1a: Seismitoad|tox
|
|-weather|RainDance|[upkeep]
|-damage|p1a: Seismitoad|95/100 tox|[from] psn
|upkeep
|turn|18
|
|t:|1641758056
|switch|p1a: Melmetal|Melmetal|100/100
|move|p2a: Shedinja|Swords Dance|p2a: Shedinja
|-boost|p2a: Shedinja|atk|2
|
|-weather|RainDance|[upkeep]
|upkeep
|turn|19
|
|t:|1641758076
|switch|p2a: Toxapex|Toxapex, F, shiny|38/100
|switch|p1a: Ferrothorn|Ferrothorn, F|31/100
|
|-weather|none
|upkeep
|turn|20
|
|t:|1641758088
|move|p2a: Toxapex|Recover|p2a: Toxapex
|-heal|p2a: Toxapex|88/100
|move|p1a: Ferrothorn|Thunder Wave|p2a: Toxapex
|-status|p2a: Toxapex|par
|
|upkeep
|turn|21
|
|t:|1641758095
|move|p1a: Ferrothorn|Spikes|p2a: Toxapex
|-sidestart|p2: cute asian gurl|Spikes
|move|p2a: Toxapex|Knock Off|p1a: Ferrothorn
|-damage|p1a: Ferrothorn|20/100
|-damage|p2a: Toxapex|75/100 par|[from] ability: Iron Barbs|[of] p1a: Ferrothorn
|-enditem|p1a: Ferrothorn|Chople Berry|[from] move: Knock Off|[of] p2a: Toxapex
|
|upkeep
|turn|22
|
|t:|1641758102
|switch|p2a: Skarmory|Skarmory, M|88/100
|move|p1a: Ferrothorn|Spikes|p2a: Skarmory
|-sidestart|p2: cute asian gurl|Spikes
|
|upkeep
|turn|23
|
|t:|1641758108
|move|p2a: Skarmory|Defog|p1a: Ferrothorn
|-unboost|p1a: Ferrothorn|evasion|1
|-sideend|p2: cute asian gurl|Spikes|[from] move: Defog|[of] p2a: Skarmory
|move|p1a: Ferrothorn|Leech Seed|p2a: Skarmory
|-start|p2a: Skarmory|move: Leech Seed
|
|-damage|p2a: Skarmory|76/100|[from] Leech Seed|[of] p1a: Ferrothorn
|-heal|p1a: Ferrothorn|32/100|[silent]
|upkeep
|turn|24
|
|t:|1641758111
|move|p2a: Skarmory|Body Press|p1a: Ferrothorn
|-supereffective|p1a: Ferrothorn
|-damage|p1a: Ferrothorn|0 fnt
|-damage|p2a: Skarmory|64/100|[from] ability: Iron Barbs|[of] p1a: Ferrothorn
|faint|p1a: Ferrothorn
|
|upkeep
|
|t:|1641758120
|switch|p1a: Pelipper|Pelipper, F|100/100
|-weather|RainDance|[from] ability: Drizzle|[of] p1a: Pelipper
|turn|25
|
|t:|1641758123
|switch|p2a: Toxapex|Toxapex, F, shiny|100/100 par
|move|p1a: Pelipper|Scald|p2a: Toxapex
|-resisted|p2a: Toxapex
|-damage|p2a: Toxapex|83/100 par
|
|-weather|RainDance|[upkeep]
|upkeep
|turn|26
|
|t:|1641758129
|move|p1a: Pelipper|U-turn|p2a: Toxapex
|-resisted|p2a: Toxapex
|-crit|p2a: Toxapex
|-damage|p2a: Toxapex|79/100 par
|
|t:|1641758131
|switch|p1a: Seismitoad|Seismitoad, M|95/100 tox|[from]move: U-turn
|cant|p2a: Toxapex|par
|
|-weather|RainDance|[upkeep]
|-damage|p1a: Seismitoad|89/100 tox|[from] psn
|upkeep
|turn|27
|
|t:|1641758135
|switch|p2a: Shedinja|Shedinja, shiny|100/100
|move|p1a: Seismitoad|Stealth Rock|p2a: Shedinja
|-sidestart|p2: cute asian gurl|move: Stealth Rock
|
|-weather|RainDance|[upkeep]
|-damage|p1a: Seismitoad|77/100 tox|[from] psn
|upkeep
|turn|28
|
|t:|1641758144
|switch|p1a: Melmetal|Melmetal|100/100
|move|p2a: Shedinja|Swords Dance|p2a: Shedinja
|-boost|p2a: Shedinja|atk|2
|
|-weather|RainDance|[upkeep]
|upkeep
|turn|29
|
|t:|1641758157
|switch|p1a: Seismitoad|Seismitoad, M|77/100 tox
|move|p2a: Shedinja|Protect||[still]
|-fail|p2a: Shedinja
|
|-weather|RainDance|[upkeep]
|-damage|p1a: Seismitoad|71/100 tox|[from] psn
|upkeep
|turn|30
|
|t:|1641758162
|move|p2a: Shedinja|Shadow Sneak|p1a: Seismitoad
|-damage|p1a: Seismitoad|30/100 tox
|move|p1a: Seismitoad|Earth Power|p2a: Shedinja
|-immune|p2a: Shedinja|[from] ability: Wonder Guard
|
|-weather|RainDance|[upkeep]
|-damage|p1a: Seismitoad|18/100 tox|[from] psn
|upkeep
|turn|31
|
|t:|1641758168
|move|p1a: Seismitoad|Weather Ball|p2a: Shedinja
|-immune|p2a: Shedinja|[from] ability: Wonder Guard
|move|p2a: Shedinja|Swords Dance|p2a: Shedinja
|-boost|p2a: Shedinja|atk|2
|
|-weather|RainDance|[upkeep]
|-damage|p1a: Seismitoad|0 fnt|[from] psn
|faint|p1a: Seismitoad
|upkeep
|
|t:|1641758170
|switch|p1a: Crawdaunt|Crawdaunt, F|29/100 tox
|turn|32
|
|t:|1641758176
|move|p2a: Shedinja|Protect|p2a: Shedinja
|-singleturn|p2a: Shedinja|Protect
|move|p1a: Crawdaunt|Knock Off|p2a: Shedinja
|-activate|p2a: Shedinja|move: Protect
|
|-weather|none
|-damage|p1a: Crawdaunt|23/100 tox|[from] psn
|upkeep
|turn|33
|
|t:|1641758191
|move|p2a: Shedinja|Shadow Sneak|p1a: Crawdaunt
|-resisted|p1a: Crawdaunt
|-damage|p1a: Crawdaunt|0 fnt
|faint|p1a: Crawdaunt
|
|upkeep
|
|t:|1641758208
|switch|p1a: Pelipper|Pelipper, F|100/100
|-weather|RainDance|[from] ability: Drizzle|[of] p1a: Pelipper
|turn|34
|n|!SchwayXO|schwayxo
|inactive|SchwayXO has 120 seconds left.
|-message|SchwayXO forfeited.
|
|win|cute asian gurl
