|j|☆bananainquiry
|j|☆dawggie
|t:|1641796957
|gametype|singles
|player|p1|bananainquiry|101|1000
|player|p2|dawggie|psychic-gen4|1000
|teamsize|p1|6
|teamsize|p2|6
|gen|8
|tier|[Gen 8] OU
|rated|
|rule|Sleep Clause Mod: Limit one foe put to sleep
|rule|Species Clause: Limit one of each Pokémon
|rule|OHKO Clause: OHKO moves are banned
|rule|Evasion Moves Clause: Evasion moves are banned
|rule|Endless Battle Clause: Forcing endless battles is banned
|rule|HP Percentage Mod: HP is shown in percentages
|rule|Dynamax Clause: You cannot dynamax
|clearpoke
|poke|p1|Dragonite, F|
|poke|p1|Pelipper, M|
|poke|p1|Clefable, F|
|poke|p1|Magnezone|
|poke|p1|Toxapex, F|
|poke|p1|Barraskewda, M|
|poke|p2|Latios, M|
|poke|p2|Clefable, M|
|poke|p2|Uxie|
|poke|p2|Jirachi|
|poke|p2|Accelgor, M|
|poke|p2|Starmie|
|teampreview
|
|t:|1641796971
|start
|switch|p1a: Pelipper|Pelipper, M|100/100
|switch|p2a: Latios|Latios, M|100/100
|-weather|RainDance|[from] ability: Drizzle|[of] p1a: Pelipper
|turn|1
|
|t:|1641796980
|move|p2a: Latios|Light Screen|p2a: Latios
|-sidestart|p2: dawggie|move: Light Screen
|move|p1a: Pelipper|Tailwind|p1a: Pelipper
|-sidestart|p1: bananainquiry|move: Tailwind
|
|-weather|RainDance|[upkeep]
|upkeep
|turn|2
|
|t:|1641796986
|move|p2a: Latios|Reflect|p2a: Latios
|-sidestart|p2: dawggie|Reflect
|move|p1a: Pelipper|U-turn|p2a: Latios
|-supereffective|p2a: Latios
|-damage|p2a: Latios|90/100
|
|t:|1641797006
|switch|p1a: Dragonite|Dragonite, F|100/100|[from]move: U-turn
|
|-weather|RainDance|[upkeep]
|upkeep
|turn|3
|
|t:|1641797014
|move|p1a: Dragonite|Hurricane|p2a: Latios
|-damage|p2a: Latios|56/100
|move|p2a: Latios|Memento|p1a: Dragonite
|-unboost|p1a: Dragonite|atk|2
|-unboost|p1a: Dragonite|spa|2
|faint|p2a: Latios
|
|-weather|RainDance|[upkeep]
|upkeep
|
|t:|1641797025
|switch|p2a: Clefable|Clefable, M|100/100
|turn|4
|
|t:|1641797036
|switch|p1a: Magnezone|Magnezone|100/100
|move|p2a: Clefable|Cosmic Power|p2a: Clefable
|-boost|p2a: Clefable|def|1
|-boost|p2a: Clefable|spd|1
|
|-weather|RainDance|[upkeep]
|-sideend|p1: bananainquiry|move: Tailwind
|upkeep
|turn|5
|
|t:|1641797049
|move|p1a: Magnezone|Light Screen|p1a: Magnezone
|-sidestart|p1: bananainquiry|move: Light Screen
|move|p2a: Clefable|Cosmic Power|p2a: Clefable
|-boost|p2a: Clefable|def|1
|-boost|p2a: Clefable|spd|1
|
|-weather|RainDance|[upkeep]
|-sideend|p2: dawggie|move: Light Screen
|upkeep
|turn|6
|
|t:|1641797057
|move|p2a: Clefable|Cosmic Power|p2a: Clefable
|-boost|p2a: Clefable|def|1
|-boost|p2a: Clefable|spd|1
|move|p1a: Magnezone|Volt Switch|p2a: Clefable
|-damage|p2a: Clefable|90/100
|
|t:|1641797066
|switch|p1a: Barraskewda|Barraskewda, M|100/100|[from]move: Volt Switch
|
|-weather|RainDance|[upkeep]
|-heal|p2a: Clefable|96/100|[from] item: Leftovers
|-sideend|p2: dawggie|Reflect
|upkeep
|turn|7
|
|t:|1641797074
|move|p1a: Barraskewda|Liquidation|p2a: Clefable
|-damage|p2a: Clefable|52/100
|move|p2a: Clefable|Cosmic Power|p2a: Clefable
|-boost|p2a: Clefable|def|1
|-boost|p2a: Clefable|spd|1
|
|-weather|RainDance|[upkeep]
|-heal|p2a: Clefable|58/100|[from] item: Leftovers
|upkeep
|turn|8
|
|t:|1641797085
|move|p1a: Barraskewda|Liquidation|p2a: Clefable
|-damage|p2a: Clefable|15/100
|move|p2a: Clefable|Soft-Boiled|p2a: Clefable
|-heal|p2a: Clefable|65/100
|
|-weather|none
|-heal|p2a: Clefable|72/100|[from] item: Leftovers
|upkeep
|turn|9
|
|t:|1641797094
|move|p1a: Barraskewda|Liquidation|p2a: Clefable
|-damage|p2a: Clefable|45/100
|move|p2a: Clefable|Soft-Boiled|p2a: Clefable
|-heal|p2a: Clefable|95/100
|
|-heal|p2a: Clefable|100/100|[from] item: Leftovers
|upkeep
|turn|10
|
|t:|1641797112
|switch|p1a: Toxapex|Toxapex, F|100/100
|move|p2a: Clefable|Cosmic Power|p2a: Clefable
|-boost|p2a: Clefable|def|1
|-boost|p2a: Clefable|spd|1
|
|upkeep
|turn|11
|
|t:|1641797122
|move|p2a: Clefable|Cosmic Power|p2a: Clefable
|-boost|p2a: Clefable|def|1
|-boost|p2a: Clefable|spd|1
|move|p1a: Toxapex|Haze|p1a: Toxapex
|-clearallboost
|
|upkeep
|turn|12
|
|t:|1641797137
|switch|p2a: Uxie|Uxie|100/100
|move|p1a: Toxapex|Knock Off|p2a: Uxie
|-supereffective|p2a: Uxie
|-damage|p2a: Uxie|78/100
|-enditem|p2a: Uxie|Focus Sash|[from] move: Knock Off|[of] p1a: Toxapex
|
|-sideend|p1: bananainquiry|move: Light Screen
|upkeep
|turn|13
|
|t:|1641797160
|switch|p1a: Clefable|Clefable, F|100/100
|move|p2a: Uxie|Reflect|p2a: Uxie
|-sidestart|p2: dawggie|Reflect
|
|upkeep
|turn|14
|
|t:|1641797169
|move|p2a: Uxie|Light Screen|p2a: Uxie
|-sidestart|p2: dawggie|move: Light Screen
|move|p1a: Clefable|Stealth Rock|p2a: Uxie
|-sidestart|p2: dawggie|move: Stealth Rock
|
|upkeep
|turn|15
|
|t:|1641797177
|switch|p1a: Pelipper|Pelipper, M|100/100
|-weather|RainDance|[from] ability: Drizzle|[of] p1a: Pelipper
|move|p2a: Uxie|Yawn|p1a: Pelipper
|-start|p1a: Pelipper|move: Yawn|[of] p2a: Uxie
|
|-weather|RainDance|[upkeep]
|upkeep
|turn|16
|
|t:|1641797193
|switch|p1a: Toxapex|Toxapex, F|100/100
|move|p2a: Uxie|Memento|p1a: Toxapex
|-unboost|p1a: Toxapex|atk|2
|-unboost|p1a: Toxapex|spa|2
|faint|p2a: Uxie
|
|-weather|RainDance|[upkeep]
|upkeep
|
|t:|1641797204
|switch|p2a: Jirachi|Jirachi|100/100
|-damage|p2a: Jirachi|94/100|[from] Stealth Rock
|turn|17
|
|t:|1641797213
|switch|p1a: Magnezone|Magnezone|100/100
|move|p2a: Jirachi|Cosmic Power|p2a: Jirachi
|-boost|p2a: Jirachi|def|1
|-boost|p2a: Jirachi|spd|1
|
|-weather|RainDance|[upkeep]
|-heal|p2a: Jirachi|100/100|[from] item: Leftovers
|-sideend|p2: dawggie|Reflect
|upkeep
|turn|18
|
|t:|1641797225
|move|p2a: Jirachi|Ancient Power|p1a: Magnezone
|-resisted|p1a: Magnezone
|-damage|p1a: Magnezone|87/100
|-boost|p2a: Jirachi|atk|1
|-boost|p2a: Jirachi|def|1
|-boost|p2a: Jirachi|spa|1
|-boost|p2a: Jirachi|spd|1
|-boost|p2a: Jirachi|spe|1
|move|p1a: Magnezone|Body Press|p2a: Jirachi
|-damage|p2a: Jirachi|88/100
|
|-weather|RainDance|[upkeep]
|-heal|p2a: Jirachi|94/100|[from] item: Leftovers
|-sideend|p2: dawggie|move: Light Screen
|upkeep
|turn|19
|
|t:|1641797256
|move|p2a: Jirachi|Flash Cannon|p1a: Magnezone
|-resisted|p1a: Magnezone
|-damage|p1a: Magnezone|70/100
|move|p1a: Magnezone|Light Screen|p1a: Magnezone
|-sidestart|p1: bananainquiry|move: Light Screen
|
|-weather|RainDance|[upkeep]
|-heal|p2a: Jirachi|99/100|[from] item: Leftovers
|upkeep
|turn|20
|
|t:|1641797268
|switch|p1a: Toxapex|Toxapex, F|100/100
|move|p2a: Jirachi|Ancient Power|p1a: Toxapex
|-damage|p1a: Toxapex|89/100
|
|-weather|RainDance|[upkeep]
|-heal|p2a: Jirachi|100/100|[from] item: Leftovers
|upkeep
|turn|21
|
|t:|1641797277
|move|p2a: Jirachi|Flash Cannon|p1a: Toxapex
|-resisted|p1a: Toxapex
|-damage|p1a: Toxapex|77/100
|-unboost|p1a: Toxapex|spd|1
|move|p1a: Toxapex|Haze|p1a: Toxapex
|-clearallboost
|
|-weather|RainDance|[upkeep]
|upkeep
|turn|22
|
|t:|1641797319
|move|p2a: Jirachi|Ancient Power|p1a: Toxapex
|-damage|p1a: Toxapex|69/100
|move|p1a: Toxapex|Knock Off|p2a: Jirachi
|-supereffective|p2a: Jirachi
|-damage|p2a: Jirachi|76/100
|-enditem|p2a: Jirachi|Leftovers|[from] move: Knock Off|[of] p1a: Toxapex
|
|-weather|none
|upkeep
|turn|23
|
|t:|1641797330
|move|p2a: Jirachi|Flash Cannon|p1a: Toxapex
|-resisted|p1a: Toxapex
|-damage|p1a: Toxapex|61/100
|move|p1a: Toxapex|Knock Off|p2a: Jirachi
|-supereffective|p2a: Jirachi
|-damage|p2a: Jirachi|57/100
|
|upkeep
|turn|24
|
|t:|1641797336
|move|p2a: Jirachi|Ancient Power|p1a: Toxapex
|-damage|p1a: Toxapex|53/100
|move|p1a: Toxapex|Recover|p1a: Toxapex
|-heal|p1a: Toxapex|100/100
|
|upkeep
|turn|25
|-message|dawggie forfeited.
|
|win|bananainquiry
|raw|bananainquiry's rating: 1000 &rarr; <strong>1040</strong><br />(+40 for winning)
|raw|dawggie's rating: 1000 &rarr; <strong>1000</strong><br />(+0 for losing)
|l|☆dawggie
