|j|☆Fudgebot
|j|☆DumbLick1337
|t:|1641824789
|gametype|singles
|player|p1|Fudgebot|backersf|1319
|player|p2|DumbLick1337|102|1251
|teamsize|p1|6
|teamsize|p2|6
|gen|8
|tier|[Gen 8] OU
|rated|
|rule|Sleep Clause Mod: Limit one foe put to sleep
|rule|Species Clause: Limit one of each Pokémon
|rule|OHKO Clause: OHKO moves are banned
|rule|Evasion Moves Clause: Evasion moves are banned
|rule|Endless Battle Clause: Forcing endless battles is banned
|rule|HP Percentage Mod: HP is shown in percentages
|rule|Dynamax Clause: You cannot dynamax
|clearpoke
|poke|p1|Klefki, F|
|poke|p1|Kartana|
|poke|p1|Glastrier|
|poke|p1|Kommo-o, F|
|poke|p1|Volcarona, M|
|poke|p1|Urshifu-*, F|
|poke|p2|Rotom-Heat|
|poke|p2|Corviknight, F|
|poke|p2|Clefable, M|
|poke|p2|Seismitoad, F|
|poke|p2|Hydreigon, M|
|poke|p2|Gyarados, F|
|teampreview
|c|☆DumbLick1337|hf
|inactive|Battle timer is ON: inactive players will automatically lose when time's up. (requested by DumbLick1337)
|c|☆Fudgebot|Glhf
|
|t:|1641824799
|start
|switch|p1a: Kommo-o|Kommo-o, F|100/100
|switch|p2a: Corviknight|Corviknight, F|100/100
|-ability|p2a: Corviknight|Pressure
|turn|1
|
|t:|1641824801
|move|p1a: Kommo-o|Substitute|p1a: Kommo-o
|-start|p1a: Kommo-o|Substitute
|-damage|p1a: Kommo-o|75/100
|move|p2a: Corviknight|Brave Bird|p1a: Kommo-o
|-supereffective|p1a: Kommo-o
|-end|p1a: Kommo-o|Substitute
|-damage|p2a: Corviknight|94/100|[from] Recoil|[of] p1a: Kommo-o
|
|-heal|p2a: Corviknight|100/100|[from] item: Leftovers
|upkeep
|turn|2
|
|t:|1641824806
|move|p1a: Kommo-o|Drain Punch|p2a: Corviknight
|-damage|p2a: Corviknight|77/100
|-heal|p1a: Kommo-o|92/100|[from] drain|[of] p2a: Corviknight
|move|p2a: Corviknight|Brave Bird|p1a: Kommo-o
|-supereffective|p1a: Kommo-o
|-damage|p1a: Kommo-o|25/100
|-enditem|p1a: Kommo-o|Salac Berry|[eat]
|-boost|p1a: Kommo-o|spe|1|[from] item: Salac Berry
|-damage|p2a: Corviknight|61/100|[from] Recoil
|
|-heal|p2a: Corviknight|67/100|[from] item: Leftovers
|upkeep
|turn|3
|
|t:|1641824809
|move|p1a: Kommo-o|Drain Punch|p2a: Corviknight
|-damage|p2a: Corviknight|42/100
|-heal|p1a: Kommo-o|43/100|[from] drain|[of] p2a: Corviknight
|move|p2a: Corviknight|Brave Bird|p1a: Kommo-o
|-supereffective|p1a: Kommo-o
|-damage|p1a: Kommo-o|0 fnt
|faint|p1a: Kommo-o
|-damage|p2a: Corviknight|32/100|[from] Recoil
|
|-heal|p2a: Corviknight|38/100|[from] item: Leftovers
|upkeep
|
|t:|1641824816
|switch|p1a: Urshifu|Urshifu-Rapid-Strike, F|100/100
|turn|4
|
|t:|1641824820
|switch|p2a: Gyarados|Gyarados, F|100/100
|move|p1a: Urshifu|Surging Strikes|p2a: Gyarados
|-resisted|p2a: Gyarados
|-crit|p2a: Gyarados
|-damage|p2a: Gyarados|88/100
|-resisted|p2a: Gyarados
|-crit|p2a: Gyarados
|-damage|p2a: Gyarados|75/100
|-resisted|p2a: Gyarados
|-crit|p2a: Gyarados
|-damage|p2a: Gyarados|62/100
|-hitcount|p2a: Gyarados|3
|
|-heal|p2a: Gyarados|68/100|[from] item: Leftovers
|upkeep
|turn|5
|
|t:|1641824822
|move|p1a: Urshifu|Dynamic Punch|p2a: Gyarados
|-resisted|p2a: Gyarados
|-damage|p2a: Gyarados|36/100
|-start|p2a: Gyarados|confusion
|-activate|p2a: Gyarados|confusion
|move|p2a: Gyarados|Earthquake|p1a: Urshifu
|-damage|p1a: Urshifu|65/100
|
|-heal|p2a: Gyarados|42/100|[from] item: Leftovers
|upkeep
|turn|6
|
|t:|1641824825
|move|p1a: Urshifu|Dynamic Punch|p2a: Gyarados
|-resisted|p2a: Gyarados
|-damage|p2a: Gyarados|10/100
|-activate|p2a: Gyarados|confusion
|move|p2a: Gyarados|Power Whip|p1a: Urshifu
|-supereffective|p1a: Urshifu
|-damage|p1a: Urshifu|0 fnt
|faint|p1a: Urshifu
|-ability|p2a: Gyarados|Moxie|boost
|-boost|p2a: Gyarados|atk|1
|
|-heal|p2a: Gyarados|16/100|[from] item: Leftovers
|upkeep
|
|t:|1641824827
|switch|p1a: Klefki|Klefki, F|100/100
|turn|7
|
|t:|1641824831
|move|p1a: Klefki|Thunder Wave|p2a: Gyarados
|-status|p2a: Gyarados|par
|-end|p2a: Gyarados|confusion
|cant|p2a: Gyarados|par
|
|-heal|p2a: Gyarados|22/100 par|[from] item: Leftovers
|upkeep
|turn|8
|
|t:|1641824833
|switch|p2a: rotomheat|Rotom-Heat|100/100
|move|p1a: Klefki|Foul Play|p2a: rotomheat
|-damage|p2a: rotomheat|82/100
|
|upkeep
|turn|9
|
|t:|1641824835
|move|p1a: Klefki|Swagger|p2a: rotomheat
|-boost|p2a: rotomheat|atk|2
|-start|p2a: rotomheat|confusion
|-activate|p2a: rotomheat|confusion
|move|p2a: rotomheat|Nasty Plot|p2a: rotomheat
|-boost|p2a: rotomheat|spa|2
|
|upkeep
|turn|10
|
|t:|1641824843
|switch|p1a: Volcarona|Volcarona, M|100/100
|-activate|p2a: rotomheat|confusion
|-damage|p2a: rotomheat|66/100|[from] confusion
|
|upkeep
|turn|11
|
|t:|1641824846
|move|p1a: Volcarona|Quiver Dance|p1a: Volcarona
|-boost|p1a: Volcarona|spa|1
|-boost|p1a: Volcarona|spd|1
|-boost|p1a: Volcarona|spe|1
|-activate|p2a: rotomheat|confusion
|-damage|p2a: rotomheat|49/100|[from] confusion
|
|upkeep
|turn|12
|
|t:|1641824849
|switch|p2a: Clefable|Clefable, M|100/100
|move|p1a: Volcarona|Quiver Dance|p1a: Volcarona
|-boost|p1a: Volcarona|spa|1
|-boost|p1a: Volcarona|spd|1
|-boost|p1a: Volcarona|spe|1
|
|upkeep
|turn|13
|
|t:|1641824853
|move|p1a: Volcarona|Flamethrower|p2a: Clefable
|-damage|p2a: Clefable|13/100
|move|p2a: Clefable|Wish|p2a: Clefable
|
|-heal|p2a: Clefable|19/100|[from] item: Leftovers
|upkeep
|turn|14
|
|t:|1641824854
|move|p2a: Clefable|Protect|p2a: Clefable
|-singleturn|p2a: Clefable|Protect
|move|p1a: Volcarona|Flamethrower|p2a: Clefable
|-activate|p2a: Clefable|move: Protect
|
|-heal|p2a: Clefable|69/100|[from] move: Wish|[wisher] Clefable
|-heal|p2a: Clefable|75/100|[from] item: Leftovers
|upkeep
|turn|15
|
|t:|1641824855
|switch|p2a: Gyarados|Gyarados, F|22/100 par
|move|p1a: Volcarona|Flamethrower|p2a: Gyarados
|-resisted|p2a: Gyarados
|-damage|p2a: Gyarados|0 fnt
|faint|p2a: Gyarados
|
|upkeep
|
|t:|1641824856
|switch|p2a: Clefable|Clefable, M|75/100
|turn|16
|
|t:|1641824858
|move|p2a: Clefable|Protect|p2a: Clefable
|-singleturn|p2a: Clefable|Protect
|move|p1a: Volcarona|Flamethrower|p2a: Clefable
|-activate|p2a: Clefable|move: Protect
|
|-heal|p2a: Clefable|81/100|[from] item: Leftovers
|upkeep
|turn|17
|
|t:|1641824860
|move|p1a: Volcarona|Flamethrower|p2a: Clefable
|-damage|p2a: Clefable|0 fnt
|faint|p2a: Clefable
|
|upkeep
|
|t:|1641824860
|switch|p2a: rotomheat|Rotom-Heat|49/100
|turn|18
|
|t:|1641824864
|move|p1a: Volcarona|Flamethrower|p2a: rotomheat
|-resisted|p2a: rotomheat
|-damage|p2a: rotomheat|0 fnt
|faint|p2a: rotomheat
|
|upkeep
|
|t:|1641824864
|switch|p2a: Seismitoad|Seismitoad, F|100/100
|turn|19
|
|t:|1641824866
|switch|p2a: Corviknight|Corviknight, F|38/100
|-ability|p2a: Corviknight|Pressure
|move|p1a: Volcarona|Giga Drain|p2a: Corviknight
|-resisted|p2a: Corviknight
|-damage|p2a: Corviknight|26/100
|
|-heal|p2a: Corviknight|32/100|[from] item: Leftovers
|upkeep
|turn|20
|
|t:|1641824868
|move|p1a: Volcarona|Flamethrower|p2a: Corviknight
|-supereffective|p2a: Corviknight
|-damage|p2a: Corviknight|0 fnt
|faint|p2a: Corviknight
|
|upkeep
|
|t:|1641824868
|switch|p2a: Hydreigon|Hydreigon, M|100/100
|turn|21
|
|t:|1641824870
|move|p1a: Volcarona|Bug Buzz|p2a: Hydreigon
|-supereffective|p2a: Hydreigon
|-damage|p2a: Hydreigon|0 fnt
|faint|p2a: Hydreigon
|
|upkeep
|
|t:|1641824870
|switch|p2a: Seismitoad|Seismitoad, F|100/100
|turn|22
|
|t:|1641824872
|move|p1a: Volcarona|Giga Drain|p2a: Seismitoad
|-supereffective|p2a: Seismitoad
|-damage|p2a: Seismitoad|0 fnt
|faint|p2a: Seismitoad
|
|win|Fudgebot
|raw|Fudgebot's rating: 1319 &rarr; <strong>1335</strong><br />(+16 for winning)
|raw|DumbLick1337's rating: 1251 &rarr; <strong>1231</strong><br />(-20 for losing)
|c|☆DumbLick1337|gg
