|j|☆Lucas_Fox112
|j|☆PEDROBATATA__BR
|t:|1641768847
|gametype|singles
|player|p1|Lucas_Fox112|hilbert-wonderlauncher|
|player|p2|PEDROBATATA__BR|266|
|teamsize|p1|6
|teamsize|p2|6
|gen|8
|tier|[Gen 8] OU
|rule|Sleep Clause Mod: Limit one foe put to sleep
|rule|Species Clause: Limit one of each Pokémon
|rule|OHKO Clause: OHKO moves are banned
|rule|Evasion Moves Clause: Evasion moves are banned
|rule|Endless Battle Clause: Forcing endless battles is banned
|rule|HP Percentage Mod: HP is shown in percentages
|rule|Dynamax Clause: You cannot dynamax
|clearpoke
|poke|p1|Victini|
|poke|p1|Tapu Lele|
|poke|p1|Terrakion|
|poke|p1|Blacephalon|
|poke|p1|Dragonite, F|
|poke|p1|Azumarill, F|
|poke|p2|Tapu Koko|
|poke|p2|Magnezone|
|poke|p2|Garchomp, M|
|poke|p2|Tornadus-Therian, M|
|poke|p2|Slowbro, M|
|poke|p2|Volcarona, M|
|teampreview
|c|☆PEDROBATATA__BR|good kkkk
|
|t:|1641768863
|start
|switch|p1a: Blaze Kakashi|Victini|100/100
|switch|p2a: Tapu Koko|Tapu Koko|100/100
|-fieldstart|move: Electric Terrain|[from] ability: Electric Surge|[of] p2a: Tapu Koko
|turn|1
|
|t:|1641768888
|move|p1a: Blaze Kakashi|V-create|p2a: Tapu Koko
|-damage|p2a: Tapu Koko|10/100
|-unboost|p1a: Blaze Kakashi|spe|1
|-unboost|p1a: Blaze Kakashi|def|1
|-unboost|p1a: Blaze Kakashi|spd|1
|move|p2a: Tapu Koko|Volt Switch|p1a: Blaze Kakashi
|-damage|p1a: Blaze Kakashi|25/100
|c|☆PEDROBATATA__BR|porra
|c|☆PEDROBATATA__BR|eh scarf
|c|☆PEDROBATATA__BR|si fude
|
|t:|1641768897
|switch|p2a: Slowbro|Slowbro, M|100/100|[from]move: Volt Switch
|
|upkeep
|turn|2
|
|t:|1641768901
|switch|p1a: Armor Piercing|Azumarill, F|100/100
|move|p2a: Slowbro|Scald|p1a: Armor Piercing
|-resisted|p1a: Armor Piercing
|-damage|p1a: Armor Piercing|91/100
|
|upkeep
|turn|3
|
|t:|1641768907
|move|p1a: Armor Piercing|Play Rough|p2a: Slowbro|[miss]
|-miss|p1a: Armor Piercing|p2a: Slowbro
|move|p2a: Slowbro|Future Sight|p1a: Armor Piercing
|-start|p2a: Slowbro|move: Future Sight
|
|upkeep
|turn|4
|c|☆PEDROBATATA__BR|tinha q dar burn o scaldf
|c|☆PEDROBATATA__BR|só acho
|
|t:|1641768918
|move|p1a: Armor Piercing|Play Rough|p2a: Slowbro
|-damage|p2a: Slowbro|67/100
|move|p2a: Slowbro|Scald|p1a: Armor Piercing
|-resisted|p1a: Armor Piercing
|-damage|p1a: Armor Piercing|82/100
|
|upkeep
|turn|5
|
|t:|1641768925
|move|p1a: Armor Piercing|Knock Off|p2a: Slowbro
|-supereffective|p2a: Slowbro
|-damage|p2a: Slowbro|17/100
|-enditem|p2a: Slowbro|Heavy-Duty Boots|[from] move: Knock Off|[of] p1a: Armor Piercing
|move|p2a: Slowbro|Slack Off|p2a: Slowbro
|-heal|p2a: Slowbro|67/100
|
|-end|p1a: Armor Piercing|move: Future Sight
|-damage|p1a: Armor Piercing|54/100
|-fieldend|move: Electric Terrain
|upkeep
|turn|6
|
|t:|1641768935
|move|p1a: Armor Piercing|Play Rough|p2a: Slowbro
|-damage|p2a: Slowbro|33/100
|move|p2a: Slowbro|Teleport|p2a: Slowbro
|
|t:|1641768941
|switch|p2a: Magnezone|Magnezone|100/100|[from]move: Teleport
|
|upkeep
|turn|7
|
|t:|1641768952
|switch|p1a: Zion|Terrakion|100/100
|move|p2a: Magnezone|Volt Switch|p1a: Zion
|-damage|p1a: Zion|30/100
|c|☆PEDROBATATA__BR|krl
|c|☆PEDROBATATA__BR|doeu
|
|t:|1641768962
|switch|p2a: Tapu Koko|Tapu Koko|10/100|[from]move: Volt Switch
|-fieldstart|move: Electric Terrain|[from] ability: Electric Surge|[of] p2a: Tapu Koko
|
|upkeep
|turn|8
|c|☆PEDROBATATA__BR|specs magnezone dói mto kk
|
|t:|1641768976
|move|p2a: Tapu Koko|Volt Switch|p1a: Zion
|-damage|p1a: Zion|0 fnt
|faint|p1a: Zion
|c|☆PEDROBATATA__BR|tu n eh doido, de usar 2 scarf no msm time
|inactive|Battle timer is ON: inactive players will automatically lose when time's up. (requested by Lucas_Fox112)
|c|☆PEDROBATATA__BR|ah bom
|
|t:|1641768983
|switch|p2a: Magnezone|Magnezone|100/100|[from]move: Volt Switch
|
|upkeep
|
|t:|1641768994
|switch|p1a: Treesha|Blacephalon|100/100
|turn|9
|
|t:|1641768999
|move|p1a: Treesha|Flamethrower|p2a: Magnezone
|-supereffective|p2a: Magnezone
|-damage|p2a: Magnezone|0 fnt
|faint|p2a: Magnezone
|-ability|p1a: Treesha|Beast Boost|boost
|-boost|p1a: Treesha|spa|1
|
|upkeep
|j| fernanda_linda
|c|☆PEDROBATATA__BR|pensei, q tu iria predictar kk
|c|☆PEDROBATATA__BR|mas n tinha pra onder ir
|
|t:|1641769017
|switch|p2a: Tapu Koko|Tapu Koko|10/100
|turn|10
|
|t:|1641769020
|move|p1a: Treesha|Flamethrower|p2a: Tapu Koko
|-damage|p2a: Tapu Koko|0 fnt
|faint|p2a: Tapu Koko
|-ability|p1a: Treesha|Beast Boost|boost
|-boost|p1a: Treesha|spa|1
|
|upkeep
|c|☆PEDROBATATA__BR|OPORRA
|c|☆PEDROBATATA__BR|EH SCARF
|c|☆PEDROBATATA__BR|SI FUDE
|
|t:|1641769026
|switch|p2a: Slowbro|Slowbro, M|66/100
|turn|11
|
|t:|1641769029
|move|p1a: Treesha|Flamethrower|p2a: Slowbro
|-resisted|p2a: Slowbro
|-damage|p2a: Slowbro|9/100
|move|p2a: Slowbro|Future Sight|p1a: Treesha
|-start|p2a: Slowbro|move: Future Sight
|
|-fieldend|move: Electric Terrain
|upkeep
|turn|12
|c|☆PEDROBATATA__BR|COMO EU IRIA SABER Q ERA SCARF KK
|
|t:|1641769037
|switch|p2a: Garchomp|Garchomp, M|100/100
|move|p1a: Treesha|Flamethrower|p2a: Garchomp
|-resisted|p2a: Garchomp
|-damage|p2a: Garchomp|38/100
|
|upkeep
|turn|13
|c|☆PEDROBATATA__BR|isso ta doente
|c|☆PEDROBATATA__BR|é scarf jjunto com specs sa piorra?kkk
|
|t:|1641769053
|move|p1a: Treesha|Flamethrower|p2a: Garchomp
|-resisted|p2a: Garchomp
|-damage|p2a: Garchomp|0 fnt
|faint|p2a: Garchomp
|-ability|p1a: Treesha|Beast Boost|boost
|-boost|p1a: Treesha|spa|1
|
|-end|p1a: Treesha|move: Future Sight
|-damage|p1a: Treesha|37/100
|upkeep
|c|☆PEDROBATATA__BR|ss
|
|t:|1641769061
|switch|p2a: Slowbro|Slowbro, M|42/100
|turn|14
|
|t:|1641769064
|switch|p2a: Tornadus|Tornadus-Therian, M|100/100
|move|p1a: Treesha|Flamethrower|p2a: Tornadus
|-damage|p2a: Tornadus|0 fnt
|faint|p2a: Tornadus
|-ability|p1a: Treesha|Beast Boost|boost
|-boost|p1a: Treesha|spa|1
|
|upkeep
|c|☆PEDROBATATA__BR|mas c ta preso
|
|t:|1641769071
|switch|p2a: Slowbro|Slowbro, M|76/100
|turn|15
|
|t:|1641769074
|move|p1a: Treesha|Flamethrower|p2a: Slowbro
|-resisted|p2a: Slowbro
|-damage|p2a: Slowbro|0 fnt
|faint|p2a: Slowbro
|-ability|p1a: Treesha|Beast Boost|boost
|-boost|p1a: Treesha|spa|1
|
|upkeep
|c|☆PEDROBATATA__BR|DEU HK
|c|☆PEDROBATATA__BR|KKKKKKKKKKK
|
|t:|1641769080
|switch|p2a: Volcarona|Volcarona, M|100/100
|turn|16
|c|☆PEDROBATATA__BR|c devolveu o swep q eu te dei antes
|
|t:|1641769090
|move|p1a: Treesha|Flamethrower|p2a: Volcarona
|-damage|p2a: Volcarona|0 fnt
|faint|p2a: Volcarona
|
|win|Lucas_Fox112
|c|☆PEDROBATATA__BR|ggwp kkkkkkk
|l|☆PEDROBATATA__BR
