|j|☆Jawbreaker8000
|j|☆AnimeAbsol
|t:|1641740418
|gametype|singles
|player|p1|Jawbreaker8000|aaron|1127
|player|p2|AnimeAbsol|101|1192
|teamsize|p1|6
|teamsize|p2|6
|gen|8
|tier|[Gen 8] OU
|rated|
|rule|Sleep Clause Mod: Limit one foe put to sleep
|rule|Species Clause: Limit one of each Pokémon
|rule|OHKO Clause: OHKO moves are banned
|rule|Evasion Moves Clause: Evasion moves are banned
|rule|Endless Battle Clause: Forcing endless battles is banned
|rule|HP Percentage Mod: HP is shown in percentages
|rule|Dynamax Clause: You cannot dynamax
|clearpoke
|poke|p1|Inteleon, M|
|poke|p1|Dragonite, M|
|poke|p1|Volcarona, M|
|poke|p1|Zapdos|
|poke|p1|Lucario, M|
|poke|p1|Hydreigon, F|
|poke|p2|Landorus-Therian, M|
|poke|p2|Weavile, M|
|poke|p2|Slowbro, M|
|poke|p2|Ferrothorn, F|
|poke|p2|Heatran, F|
|poke|p2|Garchomp, F|
|teampreview
|inactive|Battle timer is ON: inactive players will automatically lose when time's up. (requested by Jawbreaker8000)
|j| Down$hift
|j| Red☆Parade
|
|t:|1641740438
|start
|switch|p1a: Dragonite|Dragonite, M|100/100
|switch|p2a: Heatran|Heatran, F|100/100
|turn|1
|j| bt89…
|j| Casino Boi
|
|t:|1641740446
|move|p1a: Dragonite|Dragon Dance|p1a: Dragonite
|-boost|p1a: Dragonite|atk|1
|-boost|p1a: Dragonite|spe|1
|move|p2a: Heatran|Stealth Rock|p1a: Dragonite
|-sidestart|p1: Jawbreaker8000|move: Stealth Rock
|
|upkeep
|turn|2
|l| bt89…
|c| Red☆Parade|lol
|c|☆Jawbreaker8000|Glhf
|
|t:|1641740457
|switch|p2a: Weavile|Weavile, M|100/100
|-ability|p2a: Weavile|Pressure
|move|p1a: Dragonite|Earthquake|p2a: Weavile
|-crit|p2a: Weavile
|-damage|p2a: Weavile|0 fnt
|faint|p2a: Weavile
|
|upkeep
|c| Red☆Parade|throw
|c| Casino Boi|Bruuuuuuuuh
|c| Down$hift|Throwing
|c| Red☆Parade|why didnt u go
|c|☆Jawbreaker8000|i made someone forfeit last game
|c| Red☆Parade|bro scald tp into weave
|c| Casino Boi|Never leave heatran on DNite
|
|t:|1641740480
|switch|p2a: Slowbro|Slowbro, M|100/100
|turn|3
|c|☆Jawbreaker8000|i one shot 3 pokemon in a row with dragonite
|c| Red☆Parade|hope u burn
|
|t:|1641740486
|move|p1a: Dragonite|Dragon Claw|p2a: Slowbro
|-damage|p2a: Slowbro|63/100
|move|p2a: Slowbro|Scald|p1a: Dragonite
|-resisted|p1a: Dragonite
|-damage|p1a: Dragonite|87/100
|
|upkeep
|turn|4
|
|t:|1641740493
|move|p1a: Dragonite|Dragon Dance|p1a: Dragonite
|-boost|p1a: Dragonite|atk|1
|-boost|p1a: Dragonite|spe|1
|move|p2a: Slowbro|Scald|p1a: Dragonite
|-resisted|p1a: Dragonite
|-damage|p1a: Dragonite|73/100
|
|upkeep
|turn|5
|c| Red☆Parade|didn't burn
|c| Down$hift|Thats not
|c| Down$hift|multiscale
|c| Down$hift|wow
|c| Red☆Parade|ye
|c| Red☆Parade|inner focus tech
|
|t:|1641740506
|move|p1a: Dragonite|Dragon Claw|p2a: Slowbro
|-damage|p2a: Slowbro|9/100
|move|p2a: Slowbro|Scald|p1a: Dragonite
|-resisted|p1a: Dragonite
|-damage|p1a: Dragonite|59/100
|-status|p1a: Dragonite|brn
|
|-damage|p1a: Dragonite|53/100 brn|[from] brn
|upkeep
|turn|6
|c| Red☆Parade|dodge intim
|c|☆Jawbreaker8000|no ice beam?
|c| Red☆Parade|ok well
|c| Red☆Parade|u don't autolose now
|
|t:|1641740521
|switch|p2a: Ferrothorn|Ferrothorn, F|100/100
|move|p1a: Dragonite|Dragon Dance|p1a: Dragonite
|-boost|p1a: Dragonite|atk|1
|-boost|p1a: Dragonite|spe|1
|
|-damage|p1a: Dragonite|46/100 brn|[from] brn
|upkeep
|turn|7
|c| Down$hift|Y would he be ice beam tho
|
|t:|1641740528
|move|p1a: Dragonite|Earthquake|p2a: Ferrothorn
|-damage|p2a: Ferrothorn|69/100
|move|p2a: Ferrothorn|Knock Off|p1a: Dragonite
|-damage|p1a: Dragonite|30/100 brn
|
|-heal|p2a: Ferrothorn|75/100|[from] item: Leftovers
|-damage|p1a: Dragonite|24/100 brn|[from] brn
|upkeep
|turn|8
|c| Red☆Parade|ye ice beam bro is mid
|
|t:|1641740537
|move|p1a: Dragonite|Dragon Dance|p1a: Dragonite
|-boost|p1a: Dragonite|atk|1
|-boost|p1a: Dragonite|spe|1
|move|p2a: Ferrothorn|Leech Seed|p1a: Dragonite
|-start|p1a: Dragonite|move: Leech Seed
|
|-heal|p2a: Ferrothorn|81/100|[from] item: Leftovers
|-damage|p1a: Dragonite|12/100 brn|[from] Leech Seed|[of] p2a: Ferrothorn
|-heal|p2a: Ferrothorn|93/100|[silent]
|-damage|p1a: Dragonite|5/100 brn|[from] brn
|upkeep
|turn|9
|c| Down$hift|Ice beam is good on bpress
|c| Down$hift|cuz u still hit tran
|c| Red☆Parade|do u check blaze
|c| Red☆Parade|im super blaze paranoid
|c| Down$hift|Well blaze is an off meta pick
|inactive|Jawbreaker8000 has 120 seconds left.
|c| Red☆Parade|bro
|c| Down$hift|but if ur scared then run scald
|c| Red☆Parade|physical fires will wreck your shit
|
|t:|1641740577
|move|p1a: Dragonite|Earthquake|p2a: Ferrothorn
|-damage|p2a: Ferrothorn|55/100
|move|p2a: Ferrothorn|Spikes|p1a: Dragonite
|-sidestart|p1: Jawbreaker8000|Spikes
|
|-heal|p2a: Ferrothorn|61/100|[from] item: Leftovers
|-damage|p1a: Dragonite|0 fnt|[from] Leech Seed|[of] p2a: Ferrothorn
|-heal|p2a: Ferrothorn|66/100|[silent]
|faint|p1a: Dragonite
|upkeep
|c| Down$hift|That shit do be terrifying when u see it on preview
|
|t:|1641740586
|switch|p1a: Zapdos|Zapdos|100/100
|turn|10
|c| Red☆Parade|nobody preps for them when cindy isnt in tier
|
|t:|1641740598
|move|p1a: Zapdos|Discharge|p2a: Ferrothorn
|-resisted|p2a: Ferrothorn
|-crit|p2a: Ferrothorn
|-damage|p2a: Ferrothorn|40/100
|move|p2a: Ferrothorn|Knock Off|p1a: Zapdos
|-damage|p1a: Zapdos|76/100
|-status|p2a: Ferrothorn|par|[from] ability: Static|[of] p1a: Zapdos
|-enditem|p1a: Zapdos|Heavy-Duty Boots|[from] move: Knock Off|[of] p2a: Ferrothorn
|
|-heal|p2a: Ferrothorn|47/100 par|[from] item: Leftovers
|upkeep
|turn|11
|l| Down$hift
|inactive|Jawbreaker8000 has 120 seconds left.
|c|☆AnimeAbsol|lol crit static
|
|t:|1641740612
|switch|p2a: Landorus|Landorus-Therian, M|100/100
|-ability|p2a: Landorus|Intimidate|boost
|-unboost|p1a: Zapdos|atk|1
|move|p1a: Zapdos|Light Screen|p1a: Zapdos
|-sidestart|p1: Jawbreaker8000|move: Light Screen
|
|upkeep
|turn|12
|c| Red☆Parade|screens zap
|c| Casino Boi|Zapdos normally run heatwave btw
|inactive|Jawbreaker8000 has 120 seconds left.
|
|t:|1641740623
|move|p1a: Zapdos|Tailwind|p1a: Zapdos
|-sidestart|p1: Jawbreaker8000|move: Tailwind
|move|p2a: Landorus|Toxic|p1a: Zapdos
|-status|p1a: Zapdos|tox
|
|-damage|p1a: Zapdos|70/100 tox|[from] psn
|upkeep
|turn|13
|c| Red☆Parade|the technology
|c| Casino Boi|Well not normally
|c|☆AnimeAbsol|ik it runs heat wave
|inactive|Jawbreaker8000 has 120 seconds left.
|c|☆AnimeAbsol|i took a risk
|c| Casino Boi|But often enough
|c|☆AnimeAbsol|it paid off
|
|t:|1641740643
|switch|p1a: Hydreigon|Hydreigon, F, shiny|100/100
|-damage|p1a: Hydreigon|88/100|[from] Stealth Rock
|move|p2a: Landorus|U-turn|p1a: Hydreigon
|-supereffective|p1a: Hydreigon
|-damage|p1a: Hydreigon|35/100
|
|t:|1641740651
|switch|p2a: Slowbro|Slowbro, M|43/100|[from]move: U-turn
|
|upkeep
|turn|14
|c| Red☆Parade|don't predict lmao
|c| Casino Boi|You have a heatran the risk wasn't worth it
|inactive|Jawbreaker8000 has 120 seconds left.
|c| Red☆Parade|this is like 1200 predicting is the worst thing u can do
|
|t:|1641740668
|switch|p2a: Landorus|Landorus-Therian, M|100/100
|-ability|p2a: Landorus|Intimidate|boost
|-unboost|p1a: Hydreigon|atk|1
|move|p1a: Hydreigon|Dark Pulse|p2a: Landorus
|-damage|p2a: Landorus|52/100
|
|-heal|p2a: Landorus|58/100|[from] item: Leftovers
|upkeep
|turn|15
|j| pastagril
|
|t:|1641740678
|move|p1a: Hydreigon|Dark Pulse|p2a: Landorus
|-damage|p2a: Landorus|15/100
|move|p2a: Landorus|U-turn|p1a: Hydreigon
|-supereffective|p1a: Hydreigon
|-damage|p1a: Hydreigon|0 fnt
|faint|p1a: Hydreigon
|j| accmade3secsago
|c|☆Jawbreaker8000|flinch
|
|t:|1641740684
|switch|p2a: Slowbro|Slowbro, M|76/100|[from]move: U-turn
|
|-sideend|p1: Jawbreaker8000|move: Light Screen
|-sideend|p1: Jawbreaker8000|move: Tailwind
|upkeep
|
|t:|1641740692
|switch|p1a: Zapdos|Zapdos|70/100 tox
|-damage|p1a: Zapdos|45/100 tox|[from] Stealth Rock
|turn|16
|
|t:|1641740696
|switch|p2a: Landorus|Landorus-Therian, M|15/100
|-ability|p2a: Landorus|Intimidate|boost
|-unboost|p1a: Zapdos|atk|1
|move|p1a: Zapdos|Discharge|p2a: Landorus
|-immune|p2a: Landorus
|
|-heal|p2a: Landorus|21/100|[from] item: Leftovers
|-damage|p1a: Zapdos|39/100 tox|[from] psn
|upkeep
|turn|17
|
|t:|1641740707
|move|p1a: Zapdos|Ancient Power|p2a: Landorus
|-damage|p2a: Landorus|5/100
|move|p2a: Landorus|U-turn|p1a: Zapdos
|-resisted|p1a: Zapdos
|-damage|p1a: Zapdos|25/100 tox
|
|t:|1641740713
|switch|p2a: Slowbro|Slowbro, M|100/100|[from]move: U-turn
|
|-damage|p1a: Zapdos|12/100 tox|[from] psn
|upkeep
|turn|18
|j| person.EXE
|c| Casino Boi|Lmao
|
|t:|1641740721
|switch|p2a: Landorus|Landorus-Therian, M|5/100
|-ability|p2a: Landorus|Intimidate|boost
|-unboost|p1a: Zapdos|atk|1
|move|p1a: Zapdos|Ancient Power|p2a: Landorus
|-damage|p2a: Landorus|0 fnt
|faint|p2a: Landorus
|
|-damage|p1a: Zapdos|0 fnt|[from] psn
|faint|p1a: Zapdos
|upkeep
|c|☆Jawbreaker8000|thanks
|c|☆AnimeAbsol|the chad predictions
|
|t:|1641740735
|switch|p1a: Inteleon|Inteleon, M|100/100
|switch|p2a: Ferrothorn|Ferrothorn, F|47/100 par
|-damage|p1a: Inteleon|88/100|[from] Spikes
|-damage|p1a: Inteleon|76/100|[from] Stealth Rock
|turn|19
|
|t:|1641740741
|move|p1a: Inteleon|Air Slash|p2a: Ferrothorn
|-crit|p2a: Ferrothorn
|-damage|p2a: Ferrothorn|3/100 par
|move|p2a: Ferrothorn|Spikes|p1a: Inteleon
|-sidestart|p1: Jawbreaker8000|Spikes
|
|-heal|p2a: Ferrothorn|9/100 par|[from] item: Leftovers
|upkeep
|turn|20
|c| Red☆Parade|the thniper
|l| person.EXE
|c|☆AnimeAbsol|nope no paraflinch
|
|t:|1641740753
|move|p1a: Inteleon|Ice Beam|p2a: Ferrothorn
|-damage|p2a: Ferrothorn|0 fnt
|faint|p2a: Ferrothorn
|
|upkeep
|c|☆Jawbreaker8000|i think i can sweep
|
|t:|1641740761
|switch|p2a: Slowbro|Slowbro, M|100/100
|turn|21
|c| Red☆Parade|dank pulse
|
|t:|1641740765
|move|p1a: Inteleon|Air Slash|p2a: Slowbro
|-damage|p2a: Slowbro|75/100
|move|p2a: Slowbro|Future Sight|p1a: Inteleon
|-start|p2a: Slowbro|move: Future Sight
|
|upkeep
|turn|22
|c| Red☆Parade|reveal
|c| Red☆Parade|nvm
|
|t:|1641740771
|move|p1a: Inteleon|U-turn|p2a: Slowbro
|-supereffective|p2a: Slowbro
|-damage|p2a: Slowbro|59/100
|
|t:|1641740778
|switch|p1a: Volcarona|Volcarona, M|100/100|[from]move: U-turn
|-damage|p1a: Volcarona|51/100|[from] Stealth Rock
|-damage|p1a: Volcarona|34/100|[from] Spikes
|move|p2a: Slowbro|Scald|p1a: Volcarona
|-supereffective|p1a: Volcarona
|-damage|p1a: Volcarona|0 fnt
|faint|p1a: Volcarona
|
|upkeep
|c| Red☆Parade|is volc taking 70 right here
|c| Red☆Parade|IT IS
|
|t:|1641740784
|switch|p1a: Lucario|Lucario, M|100/100
|-damage|p1a: Lucario|98/100|[from] Stealth Rock
|-damage|p1a: Lucario|81/100|[from] Spikes
|turn|23
|c| Red☆Parade|run boots
|
|t:|1641740793
|move|p1a: Lucario|Meteor Mash|p2a: Slowbro
|-resisted|p2a: Slowbro
|-damage|p2a: Slowbro|43/100
|-boost|p1a: Lucario|atk|1
|-damage|p1a: Lucario|71/100|[from] item: Life Orb
|move|p2a: Slowbro|Slack Off|p2a: Slowbro
|-heal|p2a: Slowbro|93/100
|
|-end|p1a: Lucario|move: Future Sight
|-damage|p1a: Lucario|2/100
|upkeep
|turn|24
|c| Casino Boi|RIP
|
|t:|1641740804
|move|p1a: Lucario|Drain Punch|p2a: Slowbro
|-resisted|p2a: Slowbro
|-damage|p2a: Slowbro|74/100
|-heal|p1a: Lucario|15/100|[from] drain|[of] p2a: Slowbro
|-damage|p1a: Lucario|5/100|[from] item: Life Orb
|move|p2a: Slowbro|Scald|p1a: Lucario
|-crit|p1a: Lucario
|-damage|p1a: Lucario|0 fnt
|faint|p1a: Lucario
|
|upkeep
|c| Red☆Parade|why would u run anything other than boots on volc lol
|
|t:|1641740810
|switch|p1a: Inteleon|Inteleon, M|76/100
|-damage|p1a: Inteleon|63/100|[from] Stealth Rock
|-damage|p1a: Inteleon|47/100|[from] Spikes
|turn|25
|c|☆AnimeAbsol|slow bro be goated
|
|t:|1641740817
|move|p1a: Inteleon|Air Slash|p2a: Slowbro
|-damage|p2a: Slowbro|48/100
|move|p2a: Slowbro|Future Sight|p1a: Inteleon
|-start|p2a: Slowbro|move: Future Sight
|
|upkeep
|turn|26
|
|t:|1641740822
|move|p1a: Inteleon|Air Slash|p2a: Slowbro
|-damage|p2a: Slowbro|22/100
|move|p2a: Slowbro|Slack Off|p2a: Slowbro
|-heal|p2a: Slowbro|72/100
|
|upkeep
|turn|27
|c| Casino Boi|LO Volc has crazy calcs
|
|t:|1641740829
|move|p1a: Inteleon|Air Slash|p2a: Slowbro
|-damage|p2a: Slowbro|46/100
|move|p2a: Slowbro|Teleport|p2a: Slowbro
|
|t:|1641740834
|switch|p2a: Garchomp|Garchomp, F|100/100|[from]move: Teleport
|
|-end|p1a: Inteleon|move: Future Sight
|-damage|p1a: Inteleon|0 fnt
|faint|p1a: Inteleon
|
|win|AnimeAbsol
|upkeep
|raw|Jawbreaker8000's rating: 1127 &rarr; <strong>1107</strong><br />(-20 for losing)
|raw|AnimeAbsol's rating: 1192 &rarr; <strong>1212</strong><br />(+20 for winning)
|c| Red☆Parade|can't calc if ur ded
|c|☆AnimeAbsol|gg
|l|☆Jawbreaker8000
