|j|☆IamMewtuber
|j|☆TooStonedTrooper
|t:|1641826286
|gametype|singles
|player|p1|IamMewtuber|mars|1109
|player|p2|TooStonedTrooper|265|1098
|teamsize|p1|6
|teamsize|p2|6
|gen|8
|tier|[Gen 8] OU
|rated|
|rule|Sleep Clause Mod: Limit one foe put to sleep
|rule|Species Clause: Limit one of each Pokémon
|rule|OHKO Clause: OHKO moves are banned
|rule|Evasion Moves Clause: Evasion moves are banned
|rule|Endless Battle Clause: Forcing endless battles is banned
|rule|HP Percentage Mod: HP is shown in percentages
|rule|Dynamax Clause: You cannot dynamax
|clearpoke
|poke|p1|Blacephalon|
|poke|p1|Mimikyu, F|
|poke|p1|Blissey, F|
|poke|p1|Blaziken, F|
|poke|p1|Rillaboom, F|
|poke|p1|Urshifu-*, M|
|poke|p2|Jirachi|
|poke|p2|Snorlax, M|
|poke|p2|Ferrothorn, M|
|poke|p2|Ribombee, M|
|poke|p2|Zapdos|
|poke|p2|Landorus-Therian, M|
|teampreview
|inactive|Battle timer is ON: inactive players will automatically lose when time's up. (requested by TooStonedTrooper)
|
|t:|1641826292
|start
|switch|p1a: Blaziken|Blaziken, F|100/100
|switch|p2a: Ribombee|Ribombee, M, shiny|100/100
|turn|1
|
|t:|1641826304
|move|p2a: Ribombee|Sticky Web|p1a: Blaziken
|-sidestart|p1: IamMewtuber|move: Sticky Web
|move|p1a: Blaziken|Flare Blitz|p2a: Ribombee
|-supereffective|p2a: Ribombee
|-enditem|p2a: Ribombee|Focus Sash
|-damage|p2a: Ribombee|1/100
|-damage|p1a: Blaziken|72/100|[from] Recoil
|
|-ability|p1a: Blaziken|Speed Boost|boost
|-boost|p1a: Blaziken|spe|1
|upkeep
|turn|2
|
|t:|1641826314
|move|p1a: Blaziken|Acrobatics|p2a: Ribombee
|-supereffective|p2a: Ribombee
|-damage|p2a: Ribombee|0 fnt
|faint|p2a: Ribombee
|
|-ability|p1a: Blaziken|Speed Boost|boost
|-boost|p1a: Blaziken|spe|1
|upkeep
|
|t:|1641826322
|switch|p2a: Snorlax|Snorlax, M, shiny|100/100
|turn|3
|
|t:|1641826329
|move|p1a: Blaziken|Close Combat|p2a: Snorlax
|-supereffective|p2a: Snorlax
|-damage|p2a: Snorlax|3/100
|-unboost|p1a: Blaziken|def|1
|-unboost|p1a: Blaziken|spd|1
|move|p2a: Snorlax|Earthquake|p1a: Blaziken
|-supereffective|p1a: Blaziken
|-damage|p1a: Blaziken|0 fnt
|faint|p1a: Blaziken
|
|-heal|p2a: Snorlax|9/100|[from] item: Leftovers
|upkeep
|
|t:|1641826345
|switch|p1a: Rillaboom|Rillaboom, F|100/100
|-activate|p1a: Rillaboom|move: Sticky Web
|-unboost|p1a: Rillaboom|spe|1
|-fieldstart|move: Grassy Terrain|[from] ability: Grassy Surge|[of] p1a: Rillaboom
|turn|4
|
|t:|1641826352
|switch|p2a: Zapdos|Zapdos, shiny|100/100
|move|p1a: Rillaboom|Grassy Glide|p2a: Zapdos
|-resisted|p2a: Zapdos
|-damage|p2a: Zapdos|76/100
|
|upkeep
|turn|5
|
|t:|1641826368
|move|p1a: Rillaboom|Protect|p1a: Rillaboom
|-singleturn|p1a: Rillaboom|Protect
|move|p2a: Zapdos|Heat Wave|p1a: Rillaboom
|-activate|p1a: Rillaboom|move: Protect
|
|upkeep
|turn|6
|
|t:|1641826378
|switch|p2a: Jirachi|Jirachi, shiny|100/100
|move|p1a: Rillaboom|Darkest Lariat|p2a: Jirachi
|-supereffective|p2a: Jirachi
|-damage|p2a: Jirachi|50/100
|
|-heal|p2a: Jirachi|56/100|[from] Grassy Terrain
|upkeep
|turn|7
|
|t:|1641826387
|move|p2a: Jirachi|Healing Wish|p2a: Jirachi
|faint|p2a: Jirachi
|move|p1a: Rillaboom|Darkest Lariat|p2: Jirachi|[notarget]
|-fail|p1a: Rillaboom
|
|upkeep
|
|t:|1641826392
|switch|p2a: Snorlax|Snorlax, M, shiny|9/100
|-heal|p2a: Snorlax|100/100|[from] move: Healing Wish
|turn|8
|
|t:|1641826397
|move|p1a: Rillaboom|Leech Seed|p2a: Snorlax
|-start|p2a: Snorlax|move: Leech Seed
|move|p2a: Snorlax|Curse|p2a: Snorlax
|-unboost|p2a: Snorlax|spe|1
|-boost|p2a: Snorlax|atk|1
|-boost|p2a: Snorlax|def|1
|
|-damage|p2a: Snorlax|88/100|[from] Leech Seed|[of] p1a: Rillaboom
|-fieldend|move: Grassy Terrain
|upkeep
|turn|9
|
|t:|1641826406
|move|p1a: Rillaboom|Grassy Glide|p2a: Snorlax
|-damage|p2a: Snorlax|73/100
|move|p2a: Snorlax|Toxic|p1a: Rillaboom
|-status|p1a: Rillaboom|tox
|
|-heal|p2a: Snorlax|79/100|[from] item: Leftovers
|-damage|p2a: Snorlax|67/100|[from] Leech Seed|[of] p1a: Rillaboom
|-damage|p1a: Rillaboom|94/100 tox|[from] psn
|upkeep
|turn|10
|
|t:|1641826417
|move|p1a: Rillaboom|Protect|p1a: Rillaboom
|-singleturn|p1a: Rillaboom|Protect
|move|p2a: Snorlax|Curse|p2a: Snorlax
|-unboost|p2a: Snorlax|spe|1
|-boost|p2a: Snorlax|atk|1
|-boost|p2a: Snorlax|def|1
|
|-heal|p2a: Snorlax|73/100|[from] item: Leftovers
|-damage|p2a: Snorlax|61/100|[from] Leech Seed|[of] p1a: Rillaboom
|-heal|p1a: Rillaboom|100/100 tox|[silent]
|-damage|p1a: Rillaboom|88/100 tox|[from] psn
|upkeep
|turn|11
|
|t:|1641826430
|switch|p1a: Blissey|Blissey, F|100/100
|-activate|p1a: Blissey|move: Sticky Web
|-unboost|p1a: Blissey|spe|1
|move|p2a: Snorlax|Earthquake|p1a: Blissey
|-damage|p1a: Blissey|45/100
|
|-heal|p1a: Blissey|51/100|[from] item: Leftovers
|-heal|p2a: Snorlax|67/100|[from] item: Leftovers
|-damage|p2a: Snorlax|54/100|[from] Leech Seed|[of] p1a: Blissey
|-heal|p1a: Blissey|59/100|[silent]
|upkeep
|turn|12
|
|t:|1641826444
|move|p1a: Blissey|Toxic|p2a: Snorlax
|-status|p2a: Snorlax|tox
|move|p2a: Snorlax|Earthquake|p1a: Blissey
|-damage|p1a: Blissey|0 fnt
|faint|p1a: Blissey
|
|-heal|p2a: Snorlax|60/100 tox|[from] item: Leftovers
|-damage|p2a: Snorlax|54/100 tox|[from] psn
|upkeep
|
|t:|1641826456
|switch|p1a: Urshifu|Urshifu-Rapid-Strike, M|100/100
|-activate|p1a: Urshifu|move: Sticky Web
|-unboost|p1a: Urshifu|spe|1
|turn|13
|
|t:|1641826463
|switch|p2a: Zapdos|Zapdos, shiny|76/100
|move|p1a: Urshifu|Surging Strikes|p2a: Zapdos
|-crit|p2a: Zapdos
|-damage|p2a: Zapdos|51/100
|-crit|p2a: Zapdos
|-damage|p2a: Zapdos|25/100
|-crit|p2a: Zapdos
|-damage|p2a: Zapdos|0 fnt
|faint|p2a: Zapdos
|-hitcount|p2: Zapdos|3
|
|upkeep
|
|t:|1641826481
|switch|p2a: Ferrothorn|Ferrothorn, M, shiny|100/100
|turn|14
|
|t:|1641826488
|move|p1a: Urshifu|Close Combat|p2a: Ferrothorn
|-supereffective|p2a: Ferrothorn
|-damage|p2a: Ferrothorn|5/100
|-unboost|p1a: Urshifu|def|1
|-unboost|p1a: Urshifu|spd|1
|-damage|p1a: Urshifu|88/100|[from] ability: Iron Barbs|[of] p2a: Ferrothorn
|-damage|p1a: Urshifu|72/100|[from] item: Rocky Helmet|[of] p2a: Ferrothorn
|move|p2a: Ferrothorn|Leech Seed|p1a: Urshifu
|-start|p1a: Urshifu|move: Leech Seed
|
|-damage|p1a: Urshifu|59/100|[from] Leech Seed|[of] p2a: Ferrothorn
|-heal|p2a: Ferrothorn|20/100|[silent]
|upkeep
|turn|15
|
|t:|1641826503
|switch|p2a: Landorus|Landorus-Therian, M, shiny|100/100
|-ability|p2a: Landorus|Intimidate|boost
|-unboost|p1a: Urshifu|atk|1
|move|p1a: Urshifu|Close Combat|p2a: Landorus
|-resisted|p2a: Landorus
|-damage|p2a: Landorus|69/100
|-unboost|p1a: Urshifu|def|1
|-unboost|p1a: Urshifu|spd|1
|
|-damage|p1a: Urshifu|47/100|[from] Leech Seed|[of] p2a: Landorus
|-heal|p2a: Landorus|82/100|[silent]
|upkeep
|turn|16
|
|t:|1641826515
|move|p2a: Landorus|Knock Off|p1a: Urshifu
|-resisted|p1a: Urshifu
|-damage|p1a: Urshifu|0 fnt
|-enditem|p1a: Urshifu|Metronome|[from] move: Knock Off|[of] p2a: Landorus
|faint|p1a: Urshifu
|
|upkeep
|
|t:|1641826523
|switch|p1a: Blacephalon|Blacephalon|100/100
|-activate|p1a: Blacephalon|move: Sticky Web
|-unboost|p1a: Blacephalon|spe|1
|turn|17
|
|t:|1641826528
|switch|p1a: Rillaboom|Rillaboom, F|88/100 tox
|-activate|p1a: Rillaboom|move: Sticky Web
|-unboost|p1a: Rillaboom|spe|1
|-fieldstart|move: Grassy Terrain|[from] ability: Grassy Surge|[of] p1a: Rillaboom
|move|p2a: Landorus|Knock Off|p1a: Rillaboom
|-damage|p1a: Rillaboom|47/100 tox
|-enditem|p1a: Rillaboom|Occa Berry|[from] move: Knock Off|[of] p2a: Landorus
|
|-heal|p1a: Rillaboom|53/100 tox|[from] Grassy Terrain
|-damage|p1a: Rillaboom|47/100 tox|[from] psn
|upkeep
|turn|18
|
|t:|1641826540
|move|p1a: Rillaboom|Grassy Glide|p2a: Landorus
|-damage|p2a: Landorus|38/100
|move|p2a: Landorus|Knock Off|p1a: Rillaboom
|-damage|p1a: Rillaboom|20/100 tox
|
|-heal|p1a: Rillaboom|26/100 tox|[from] Grassy Terrain
|-damage|p1a: Rillaboom|14/100 tox|[from] psn
|upkeep
|turn|19
|
|t:|1641826551
|switch|p2a: Ferrothorn|Ferrothorn, M, shiny|20/100
|move|p1a: Rillaboom|Grassy Glide|p2a: Ferrothorn
|-resisted|p2a: Ferrothorn
|-damage|p2a: Ferrothorn|13/100
|-damage|p1a: Rillaboom|2/100 tox|[from] ability: Iron Barbs|[of] p2a: Ferrothorn
|-damage|p1a: Rillaboom|0 fnt|[from] item: Rocky Helmet|[of] p2a: Ferrothorn
|faint|p1a: Rillaboom
|
|-heal|p2a: Ferrothorn|19/100|[from] Grassy Terrain
|upkeep
|
|t:|1641826557
|switch|p1a: Mimikyu|Mimikyu, F|100/100
|-activate|p1a: Mimikyu|move: Sticky Web
|-unboost|p1a: Mimikyu|spe|1
|turn|20
|
|t:|1641826568
|move|p1a: Mimikyu|Swords Dance|p1a: Mimikyu
|-boost|p1a: Mimikyu|atk|2
|move|p2a: Ferrothorn|Leech Seed|p1a: Mimikyu|[miss]
|-miss|p2a: Ferrothorn|p1a: Mimikyu
|
|-heal|p2a: Ferrothorn|25/100|[from] Grassy Terrain
|upkeep
|turn|21
|
|t:|1641826577
|move|p1a: Mimikyu|Drain Punch|p2a: Ferrothorn
|-supereffective|p2a: Ferrothorn
|-damage|p2a: Ferrothorn|0 fnt
|-damage|p1a: Mimikyu|88/100|[from] ability: Iron Barbs|[of] p2a: Ferrothorn
|-damage|p1a: Mimikyu|72/100|[from] item: Rocky Helmet|[of] p2a: Ferrothorn
|faint|p2a: Ferrothorn
|
|-heal|p1a: Mimikyu|78/100|[from] Grassy Terrain
|-fieldend|move: Grassy Terrain
|upkeep
|
|t:|1641826589
|switch|p2a: Landorus|Landorus-Therian, M, shiny|38/100
|-ability|p2a: Landorus|Intimidate|boost
|-unboost|p1a: Mimikyu|atk|1
|turn|22
|
|t:|1641826595
|move|p2a: Landorus|Knock Off|p1a: Mimikyu
|-activate|p1a: Mimikyu|ability: Disguise
|-damage|p1a: Mimikyu|78/100
|-enditem|p1a: Mimikyu|Expert Belt|[from] move: Knock Off|[of] p2a: Landorus
|detailschange|p1a: Mimikyu|Mimikyu-Busted, F
|-damage|p1a: Mimikyu|65/100|[from] pokemon: Mimikyu-Busted
|move|p1a: Mimikyu|Play Rough|p2a: Landorus
|-damage|p2a: Landorus|0 fnt
|faint|p2a: Landorus
|
|upkeep
|
|t:|1641826606
|switch|p2a: Snorlax|Snorlax, M, shiny|54/100 tox
|turn|23
|
|t:|1641826612
|move|p1a: Mimikyu|Drain Punch|p2a: Snorlax
|-supereffective|p2a: Snorlax
|-damage|p2a: Snorlax|5/100 tox
|-heal|p1a: Mimikyu|100/100|[from] drain|[of] p2a: Snorlax
|move|p2a: Snorlax|Earthquake|p1a: Mimikyu
|-damage|p1a: Mimikyu|40/100
|
|-heal|p2a: Snorlax|11/100 tox|[from] item: Leftovers
|-damage|p2a: Snorlax|5/100 tox|[from] psn
|upkeep
|turn|24
|-message|TooStonedTrooper forfeited.
|
|win|IamMewtuber
|raw|IamMewtuber's rating: 1109 &rarr; <strong>1133</strong><br />(+24 for winning)
|raw|TooStonedTrooper's rating: 1098 &rarr; <strong>1074</strong><br />(-24 for losing)
|l|☆TooStonedTrooper
