|j|☆I Hate Interviews
|j|☆Rainbow Ghirahim
|t:|1641878767
|gametype|singles
|player|p1|I Hate Interviews|swimmer-gen4|1075
|player|p2|Rainbow Ghirahim|richboy-gen4|1104
|teamsize|p1|6
|teamsize|p2|6
|gen|8
|tier|[Gen 8] OU
|rated|
|rule|Sleep Clause Mod: Limit one foe put to sleep
|rule|Species Clause: Limit one of each Pokémon
|rule|OHKO Clause: OHKO moves are banned
|rule|Evasion Moves Clause: Evasion moves are banned
|rule|Endless Battle Clause: Forcing endless battles is banned
|rule|HP Percentage Mod: HP is shown in percentages
|rule|Dynamax Clause: You cannot dynamax
|clearpoke
|poke|p1|Slowbro, M|
|poke|p1|Corviknight, M|
|poke|p1|Clefable, F|
|poke|p1|Liepard, M|
|poke|p1|Buzzwole|
|poke|p1|Dragapult, M|
|poke|p2|Sigilyph, M|
|poke|p2|Eiscue, M|
|poke|p2|Ferrothorn, M|
|poke|p2|Toxapex, M|
|poke|p2|Landorus-Therian, M|
|poke|p2|Zoroark, F|
|teampreview
|
|t:|1641878785
|start
|switch|p1a: Fast Bro|Slowbro, M|100/100
|switch|p2a: Landorus|Landorus-Therian, M|100/100
|-ability|p2a: Landorus|Intimidate|boost
|-unboost|p1a: Fast Bro|atk|1
|turn|1
|
|t:|1641878804
|move|p2a: Landorus|Stealth Rock|p1a: Fast Bro
|-sidestart|p1: I Hate Interviews|move: Stealth Rock
|move|p1a: Fast Bro|Ice Beam|p2a: Landorus
|-supereffective|p2a: Landorus
|-enditem|p2a: Landorus|Focus Sash
|-damage|p2a: Landorus|1/100
|
|upkeep
|turn|2
|
|t:|1641878815
|move|p2a: Landorus|Earthquake|p1a: Fast Bro
|-damage|p1a: Fast Bro|51/100
|move|p1a: Fast Bro|Ice Beam|p2a: Landorus
|-supereffective|p2a: Landorus
|-damage|p2a: Landorus|0 fnt
|faint|p2a: Landorus
|
|-heal|p1a: Fast Bro|57/100|[from] item: Leftovers
|upkeep
|
|t:|1641878827
|switch|p2a: Eiscue|Eiscue, M|100/100
|turn|3
|
|t:|1641878831
|move|p2a: Eiscue|Night Daze|p1a: Fast Bro
|-supereffective|p1a: Fast Bro
|-damage|p1a: Fast Bro|0 fnt
|faint|p1a: Fast Bro
|
|upkeep
|
|t:|1641878839
|switch|p1a: Clefable|Clefable, F|100/100
|turn|4
|
|t:|1641878845
|move|p2a: Eiscue|Burning Jealousy|p1a: Clefable
|-damage|p1a: Clefable|79/100
|move|p1a: Clefable|Cosmic Power|p1a: Clefable
|-boost|p1a: Clefable|def|1
|-boost|p1a: Clefable|spd|1
|
|-heal|p1a: Clefable|85/100|[from] item: Leftovers
|upkeep
|turn|5
|
|t:|1641878852
|move|p2a: Eiscue|Nasty Plot|p2a: Eiscue
|-boost|p2a: Eiscue|spa|2
|move|p1a: Clefable|Cosmic Power|p1a: Clefable
|-boost|p1a: Clefable|def|1
|-boost|p1a: Clefable|spd|1
|
|-heal|p1a: Clefable|91/100|[from] item: Leftovers
|upkeep
|turn|6
|
|t:|1641878862
|move|p2a: Eiscue|Nasty Plot|p2a: Eiscue
|-boost|p2a: Eiscue|spa|2
|move|p1a: Clefable|Wish|p1a: Clefable
|
|-heal|p1a: Clefable|97/100|[from] item: Leftovers
|upkeep
|turn|7
|
|t:|1641878871
|switch|p1a: Buzzwole|Buzzwole|100/100
|-damage|p1a: Buzzwole|88/100|[from] Stealth Rock
|move|p2a: Eiscue|Night Daze|p1a: Buzzwole
|-resisted|p1a: Buzzwole
|-damage|p1a: Buzzwole|42/100
|-unboost|p1a: Buzzwole|accuracy|1
|
|-heal|p1a: Buzzwole|97/100|[from] move: Wish|[wisher] Clefable
|upkeep
|turn|8
|
|t:|1641878905
|switch|p1a: Leftogres|Liepard, M, shiny|100/100
|-damage|p1a: Leftogres|88/100|[from] Stealth Rock
|move|p2a: Eiscue|Burning Jealousy|p1a: Leftogres
|-damage|p1a: Leftogres|0 fnt
|faint|p1a: Leftogres
|
|upkeep
|
|t:|1641878912
|switch|p1a: Dragapult|Dragapult, M|100/100
|-damage|p1a: Dragapult|88/100|[from] Stealth Rock
|turn|9
|
|t:|1641878918
|move|p1a: Dragapult|Dragon Darts|p2a: Eiscue
|-damage|p2a: Eiscue|39/100
|replace|p2a: Zoroark|Zoroark, F
|-end|p2a: Zoroark|Illusion
|-anim|p1a: Dragapult|Dragon Darts|p2a: Zoroark
|-damage|p2a: Zoroark|0 fnt
|faint|p2a: Zoroark
|-damage|p1a: Dragapult|78/100|[from] item: Life Orb
|
|upkeep
|
|t:|1641878929
|switch|p2a: Toxapex|Toxapex, M|100/100
|turn|10
|
|t:|1641878940
|switch|p1a: Clefable|Clefable, F|97/100
|move|p2a: Toxapex|Toxic|p1a: Clefable
|-status|p1a: Clefable|tox
|
|-heal|p1a: Clefable|100/100 tox|[from] item: Leftovers
|upkeep
|turn|11
|
|t:|1641878947
|move|p2a: Toxapex|Baneful Bunker|p2a: Toxapex
|-singleturn|p2a: Toxapex|move: Protect
|move|p1a: Clefable|Cosmic Power|p1a: Clefable
|-boost|p1a: Clefable|def|1
|-boost|p1a: Clefable|spd|1
|
|upkeep
|turn|12
|
|t:|1641878955
|move|p1a: Clefable|Cosmic Power|p1a: Clefable
|-boost|p1a: Clefable|def|1
|-boost|p1a: Clefable|spd|1
|move|p2a: Toxapex|Haze|p2a: Toxapex
|-clearallboost
|
|upkeep
|turn|13
|
|t:|1641878961
|move|p1a: Clefable|Wish|p1a: Clefable
|move|p2a: Toxapex|Knock Off|p1a: Clefable
|-resisted|p1a: Clefable
|-damage|p1a: Clefable|94/100 tox
|-enditem|p1a: Clefable|Leftovers|[from] move: Knock Off|[of] p2a: Toxapex
|
|upkeep
|turn|14
|
|t:|1641878977
|switch|p1a: Dragapult|Dragapult, M|78/100
|-damage|p1a: Dragapult|66/100|[from] Stealth Rock
|move|p2a: Toxapex|Toxic|p1a: Dragapult
|-status|p1a: Dragapult|tox
|
|-heal|p1a: Dragapult|100/100 tox|[from] move: Wish|[wisher] Clefable
|-damage|p1a: Dragapult|95/100 tox|[from] psn
|upkeep
|turn|15
|
|t:|1641878987
|move|p1a: Dragapult|Phantom Force||[still]
|-prepare|p1a: Dragapult|Phantom Force
|move|p2a: Toxapex|Knock Off|p1a: Dragapult|[miss]
|-miss|p2a: Toxapex|p1a: Dragapult
|
|-damage|p1a: Dragapult|83/100 tox|[from] psn
|upkeep
|turn|16
|
|t:|1641878992
|move|p2a: Toxapex|Baneful Bunker|p2a: Toxapex
|-singleturn|p2a: Toxapex|move: Protect
|move|p1a: Dragapult|Phantom Force|p2a: Toxapex|[from]lockedmove
|-activate|p2a: Toxapex|move: Phantom Force|[broken]
|-damage|p2a: Toxapex|69/100
|-damage|p1a: Dragapult|73/100 tox|[from] item: Life Orb
|
|-heal|p2a: Toxapex|75/100|[from] item: Black Sludge
|-damage|p1a: Dragapult|55/100 tox|[from] psn
|upkeep
|turn|17
|
|t:|1641879016
|switch|p1a: Buzzwole|Buzzwole|97/100
|-damage|p1a: Buzzwole|85/100|[from] Stealth Rock
|move|p2a: Toxapex|Knock Off|p1a: Buzzwole
|-resisted|p1a: Buzzwole
|-damage|p1a: Buzzwole|79/100
|-enditem|p1a: Buzzwole|Assault Vest|[from] move: Knock Off|[of] p2a: Toxapex
|
|-heal|p2a: Toxapex|81/100|[from] item: Black Sludge
|upkeep
|turn|18
|
|t:|1641879023
|move|p1a: Buzzwole|High Horsepower|p2a: Toxapex
|-supereffective|p2a: Toxapex
|-damage|p2a: Toxapex|38/100
|move|p2a: Toxapex|Toxic|p1a: Buzzwole
|-status|p1a: Buzzwole|tox
|
|-heal|p2a: Toxapex|45/100|[from] item: Black Sludge
|-damage|p1a: Buzzwole|73/100 tox|[from] psn
|upkeep
|turn|19
|
|t:|1641879041
|switch|p1a: Corviknight|Corviknight, M|100/100
|-damage|p1a: Corviknight|88/100|[from] Stealth Rock
|-ability|p1a: Corviknight|Pressure
|move|p2a: Toxapex|Baneful Bunker||[still]
|-fail|p2a: Toxapex
|
|-heal|p1a: Corviknight|94/100|[from] item: Leftovers
|-heal|p2a: Toxapex|51/100|[from] item: Black Sludge
|upkeep
|turn|20
|
|t:|1641879048
|move|p1a: Corviknight|Brave Bird|p2a: Toxapex
|-damage|p2a: Toxapex|30/100
|-damage|p1a: Corviknight|89/100|[from] Recoil
|move|p2a: Toxapex|Knock Off|p1a: Corviknight
|-damage|p1a: Corviknight|76/100
|-enditem|p1a: Corviknight|Leftovers|[from] move: Knock Off|[of] p2a: Toxapex
|
|-heal|p2a: Toxapex|36/100|[from] item: Black Sludge
|upkeep
|turn|21
|
|t:|1641879058
|move|p2a: Toxapex|Baneful Bunker|p2a: Toxapex
|-singleturn|p2a: Toxapex|move: Protect
|move|p1a: Corviknight|Brave Bird|p2a: Toxapex
|-activate|p2a: Toxapex|move: Protect
|
|-heal|p2a: Toxapex|42/100|[from] item: Black Sludge
|upkeep
|turn|22
|
|t:|1641879068
|switch|p2a: Ferrothorn|Ferrothorn, M|100/100
|move|p1a: Corviknight|Brave Bird|p2a: Ferrothorn
|-damage|p2a: Ferrothorn|69/100
|-damage|p1a: Corviknight|64/100|[from] ability: Iron Barbs|[of] p2a: Ferrothorn
|-damage|p1a: Corviknight|47/100|[from] item: Rocky Helmet|[of] p2a: Ferrothorn
|-damage|p1a: Corviknight|38/100|[from] Recoil
|
|upkeep
|turn|23
|
|t:|1641879079
|move|p1a: Corviknight|Iron Defense|p1a: Corviknight
|-boost|p1a: Corviknight|def|2
|move|p2a: Ferrothorn|Iron Defense|p2a: Ferrothorn
|-boost|p2a: Ferrothorn|def|2
|
|upkeep
|turn|24
|
|t:|1641879084
|move|p1a: Corviknight|Iron Defense|p1a: Corviknight
|-boost|p1a: Corviknight|def|2
|move|p2a: Ferrothorn|Iron Defense|p2a: Ferrothorn
|-boost|p2a: Ferrothorn|def|2
|
|upkeep
|turn|25
|
|t:|1641879090
|move|p1a: Corviknight|Iron Defense|p1a: Corviknight
|-boost|p1a: Corviknight|def|2
|move|p2a: Ferrothorn|Leech Seed|p1a: Corviknight
|-start|p1a: Corviknight|move: Leech Seed
|
|-damage|p1a: Corviknight|26/100|[from] Leech Seed|[of] p2a: Ferrothorn
|-heal|p2a: Ferrothorn|83/100|[silent]
|upkeep
|turn|26
|
|t:|1641879100
|move|p1a: Corviknight|Roost|p1a: Corviknight
|-heal|p1a: Corviknight|76/100
|-singleturn|p1a: Corviknight|move: Roost
|move|p2a: Ferrothorn|Iron Defense|p2a: Ferrothorn
|-boost|p2a: Ferrothorn|def|2
|
|-damage|p1a: Corviknight|64/100|[from] Leech Seed|[of] p2a: Ferrothorn
|-heal|p2a: Ferrothorn|97/100|[silent]
|upkeep
|turn|27
|
|t:|1641879107
|move|p1a: Corviknight|Body Press|p2a: Ferrothorn
|-supereffective|p2a: Ferrothorn
|-crit|p2a: Ferrothorn
|-damage|p2a: Ferrothorn|0 fnt
|-damage|p1a: Corviknight|52/100|[from] ability: Iron Barbs|[of] p2a: Ferrothorn
|-damage|p1a: Corviknight|35/100|[from] item: Rocky Helmet|[of] p2a: Ferrothorn
|faint|p2a: Ferrothorn
|
|upkeep
|
|t:|1641879116
|switch|p2a: Toxapex|Toxapex, M|75/100
|turn|28
|
|t:|1641879121
|move|p2a: Toxapex|Baneful Bunker|p2a: Toxapex
|-singleturn|p2a: Toxapex|move: Protect
|move|p1a: Corviknight|Body Press|p2a: Toxapex
|-activate|p2a: Toxapex|move: Protect
|
|-heal|p2a: Toxapex|82/100|[from] item: Black Sludge
|-damage|p1a: Corviknight|23/100|[from] Leech Seed|[of] p2a: Toxapex
|-heal|p2a: Toxapex|98/100|[silent]
|upkeep
|turn|29
|
|t:|1641879131
|move|p1a: Corviknight|Body Press|p2a: Toxapex
|-resisted|p2a: Toxapex
|-damage|p2a: Toxapex|76/100
|move|p2a: Toxapex|Knock Off|p1a: Corviknight
|-damage|p1a: Corviknight|20/100
|
|-heal|p2a: Toxapex|82/100|[from] item: Black Sludge
|-damage|p1a: Corviknight|8/100|[from] Leech Seed|[of] p2a: Toxapex
|-heal|p2a: Toxapex|99/100|[silent]
|upkeep
|turn|30
|
|t:|1641879140
|move|p2a: Toxapex|Baneful Bunker|p2a: Toxapex
|-singleturn|p2a: Toxapex|move: Protect
|move|p1a: Corviknight|Roost|p1a: Corviknight
|-heal|p1a: Corviknight|58/100
|-singleturn|p1a: Corviknight|move: Roost
|
|-heal|p2a: Toxapex|100/100|[from] item: Black Sludge
|-damage|p1a: Corviknight|46/100|[from] Leech Seed|[of] p2a: Toxapex
|upkeep
|turn|31
|
|t:|1641879158
|move|p1a: Corviknight|Roost|p1a: Corviknight
|-heal|p1a: Corviknight|96/100
|-singleturn|p1a: Corviknight|move: Roost
|move|p2a: Toxapex|Knock Off|p1a: Corviknight
|-damage|p1a: Corviknight|93/100
|
|-damage|p1a: Corviknight|81/100|[from] Leech Seed|[of] p2a: Toxapex
|upkeep
|turn|32
|inactive|Battle timer is ON: inactive players will automatically lose when time's up. (requested by I Hate Interviews)
|
|t:|1641879175
|switch|p2a: Eiscue|Eiscue, M|100/100
|move|p1a: Corviknight|Brave Bird|p2a: Eiscue
|-activate|p2a: Eiscue|ability: Ice Face
|-damage|p2a: Eiscue|100/100
|detailschange|p2a: Eiscue|Eiscue-Noice, M
|
|-damage|p1a: Corviknight|69/100|[from] Leech Seed|[of] p2a: Eiscue
|upkeep
|turn|33
|
|t:|1641879184
|move|p2a: Eiscue|Hail|p2a: Eiscue
|-weather|Hail
|-activate|p2a: Eiscue|ability: Ice Face
|detailschange|p2a: Eiscue|Eiscue, M
|move|p1a: Corviknight|Body Press|p2a: Eiscue
|-activate|p2a: Eiscue|ability: Ice Face
|-damage|p2a: Eiscue|100/100
|detailschange|p2a: Eiscue|Eiscue-Noice, M
|
|-weather|Hail|[upkeep]
|-damage|p1a: Corviknight|63/100|[from] Hail
|-damage|p1a: Corviknight|51/100|[from] Leech Seed|[of] p2a: Eiscue
|upkeep
|turn|34
|
|t:|1641879194
|move|p2a: Eiscue|Icicle Spear|p1a: Corviknight
|-damage|p1a: Corviknight|48/100
|-damage|p1a: Corviknight|46/100
|-damage|p1a: Corviknight|43/100
|-damage|p1a: Corviknight|41/100
|-hitcount|p1a: Corviknight|4
|move|p1a: Corviknight|Body Press|p2a: Eiscue
|-supereffective|p2a: Eiscue
|-damage|p2a: Eiscue|0 fnt
|faint|p2a: Eiscue
|
|-weather|Hail|[upkeep]
|-damage|p1a: Corviknight|35/100|[from] Hail
|upkeep
|
|t:|1641879206
|switch|p2a: Sigilyph|Sigilyph, M, shiny|100/100
|turn|35
|
|t:|1641879213
|move|p2a: Sigilyph|Cosmic Power|p2a: Sigilyph
|-boost|p2a: Sigilyph|def|1
|-boost|p2a: Sigilyph|spd|1
|move|p1a: Corviknight|Roost|p1a: Corviknight
|-heal|p1a: Corviknight|85/100
|-singleturn|p1a: Corviknight|move: Roost
|
|-weather|Hail|[upkeep]
|-damage|p1a: Corviknight|79/100|[from] Hail
|-damage|p1a: Corviknight|66/100|[from] Leech Seed|[of] p2a: Sigilyph
|upkeep
|turn|36
|
|t:|1641879224
|switch|p1a: Dragapult|Dragapult, M|55/100 tox
|-damage|p1a: Dragapult|42/100 tox|[from] Stealth Rock
|move|p2a: Sigilyph|Cosmic Power|p2a: Sigilyph
|-boost|p2a: Sigilyph|def|1
|-boost|p2a: Sigilyph|spd|1
|
|-weather|Hail|[upkeep]
|-damage|p1a: Dragapult|36/100 tox|[from] Hail
|-damage|p1a: Dragapult|30/100 tox|[from] psn
|upkeep
|turn|37
|
|t:|1641879229
|move|p1a: Dragapult|Phantom Force||[still]
|-prepare|p1a: Dragapult|Phantom Force
|move|p2a: Sigilyph|Stored Power|p1a: Dragapult|[miss]
|-miss|p2a: Sigilyph|p1a: Dragapult
|
|-weather|none
|-damage|p1a: Dragapult|18/100 tox|[from] psn
|upkeep
|turn|38
|
|t:|1641879236
|move|p1a: Dragapult|Phantom Force|p2a: Sigilyph|[from]lockedmove
|-supereffective|p2a: Sigilyph
|-damage|p2a: Sigilyph|41/100
|-enditem|p2a: Sigilyph|Weakness Policy
|-boost|p2a: Sigilyph|atk|2|[from] item: Weakness Policy
|-boost|p2a: Sigilyph|spa|2|[from] item: Weakness Policy
|-damage|p1a: Dragapult|9/100 tox|[from] item: Life Orb
|move|p2a: Sigilyph|Stored Power|p1a: Dragapult
|-damage|p1a: Dragapult|0 fnt
|faint|p1a: Dragapult
|
|upkeep
|
|t:|1641879249
|switch|p1a: Clefable|Clefable, F|94/100 tox
|turn|39
|
|t:|1641879254
|move|p2a: Sigilyph|Roost|p2a: Sigilyph
|-heal|p2a: Sigilyph|91/100
|-singleturn|p2a: Sigilyph|move: Roost
|move|p1a: Clefable|Wish|p1a: Clefable
|
|upkeep
|turn|40
|
|t:|1641879259
|move|p2a: Sigilyph|Stored Power|p1a: Clefable
|-damage|p1a: Clefable|0 fnt
|faint|p1a: Clefable
|
|upkeep
|
|t:|1641879264
|switch|p1a: Corviknight|Corviknight, M|66/100
|-damage|p1a: Corviknight|54/100|[from] Stealth Rock
|-ability|p1a: Corviknight|Pressure
|turn|41
|
|t:|1641879270
|move|p2a: Sigilyph|Stored Power|p1a: Corviknight
|-resisted|p1a: Corviknight
|-damage|p1a: Corviknight|2/100
|move|p1a: Corviknight|Brave Bird|p2a: Sigilyph
|-damage|p2a: Sigilyph|69/100
|-damage|p1a: Corviknight|0 fnt|[from] Recoil
|faint|p1a: Corviknight
|
|upkeep
|-message|I Hate Interviews forfeited.
|
|win|Rainbow Ghirahim
|raw|I Hate Interviews's rating: 1075 &rarr; <strong>1056</strong><br />(-19 for losing)
|raw|Rainbow Ghirahim's rating: 1104 &rarr; <strong>1127</strong><br />(+23 for winning)
|l|☆I Hate Interviews
