|j|☆TheJestofJesters
|j|☆86thesweetpotato
|t:|1641707471
|gametype|singles
|player|p1|TheJestofJesters|lucas|1269
|player|p2|86thesweetpotato|1|1293
|teamsize|p1|6
|teamsize|p2|6
|gen|8
|tier|[Gen 8] OU
|rated|
|rule|Sleep Clause Mod: Limit one foe put to sleep
|rule|Species Clause: Limit one of each Pokémon
|rule|OHKO Clause: OHKO moves are banned
|rule|Evasion Moves Clause: Evasion moves are banned
|rule|Endless Battle Clause: Forcing endless battles is banned
|rule|HP Percentage Mod: HP is shown in percentages
|rule|Dynamax Clause: You cannot dynamax
|clearpoke
|poke|p1|Glastrier|
|poke|p1|Stakataka|
|poke|p1|Reuniclus, F|
|poke|p1|Mimikyu, M|
|poke|p1|Hatterene, F|
|poke|p1|Marowak-Alola, M|
|poke|p2|Reuniclus, M|
|poke|p2|Bronzong|
|poke|p2|Comfey, F|
|poke|p2|Volcarona, M|
|poke|p2|Toxapex, M|
|poke|p2|Runerigus, M|
|teampreview
|
|t:|1641707502
|start
|switch|p1a: Hatterene|Hatterene, F|100/100
|switch|p2a: Toxaflex|Toxapex, M, shiny|100/100
|turn|1
|
|t:|1641707510
|move|p2a: Toxaflex|Gunk Shot|p1a: Hatterene
|-supereffective|p1a: Hatterene
|-crit|p1a: Hatterene
|-enditem|p1a: Hatterene|Focus Sash
|-damage|p1a: Hatterene|1/100
|move|p1a: Hatterene|Trick Room|p1a: Hatterene
|-fieldstart|move: Trick Room|[of] p1a: Hatterene
|
|upkeep
|turn|2
|
|t:|1641707523
|switch|p1a: Stakataka|Stakataka|100/100
|-item|p1a: Stakataka|Air Balloon
|switch|p2a: Crunchwrap|Bronzong|100/100
|
|upkeep
|turn|3
|
|t:|1641707540
|move|p1a: Stakataka|Heat Crash|p2a: Crunchwrap
|-supereffective|p2a: Crunchwrap
|-damage|p2a: Crunchwrap|60/100
|move|p2a: Crunchwrap|Trick Room|p2a: Crunchwrap
|-fieldend|move: Trick Room
|
|upkeep
|turn|4
|
|t:|1641707548
|move|p2a: Crunchwrap|Gyro Ball|p1a: Stakataka
|-damage|p1a: Stakataka|97/100
|-enditem|p1a: Stakataka|Air Balloon
|move|p1a: Stakataka|Trick Room|p1a: Stakataka
|-fieldstart|move: Trick Room|[of] p1a: Stakataka
|
|upkeep
|turn|5
|
|t:|1641707558
|switch|p1a: Hatterene|Hatterene, F|1/100
|switch|p2a: the GOOD China|Runerigus, M|100/100
|
|upkeep
|turn|6
|
|t:|1641707566
|switch|p2a: Slay|Comfey, F, shiny|100/100
|move|p1a: Hatterene|Draining Kiss|p2a: Slay
|-damage|p2a: Slay|72/100
|-heal|p1a: Hatterene|18/100|[from] drain|[of] p2a: Slay
|
|upkeep
|turn|7
|
|t:|1641707585
|switch|p1a: Mimikyu|Mimikyu, M|100/100
|move|p2a: Slay|Draining Kiss|p1a: Mimikyu
|-activate|p1a: Mimikyu|ability: Disguise
|-damage|p1a: Mimikyu|100/100
|detailschange|p1a: Mimikyu|Mimikyu-Busted, M
|-damage|p1a: Mimikyu|88/100|[from] pokemon: Mimikyu-Busted
|
|upkeep
|turn|8
|
|t:|1641707602
|move|p1a: Mimikyu|Swords Dance|p1a: Mimikyu
|-boost|p1a: Mimikyu|atk|2
|move|p2a: Slay|Calm Mind|p2a: Slay
|-boost|p2a: Slay|spa|1
|-boost|p2a: Slay|spd|1
|
|-fieldend|move: Trick Room
|upkeep
|turn|9
|
|t:|1641707610
|move|p2a: Slay|Draining Kiss|p1a: Mimikyu
|-damage|p1a: Mimikyu|56/100
|-heal|p2a: Slay|100/100|[from] drain|[of] p1a: Mimikyu
|move|p1a: Mimikyu|Shadow Claw|p2a: Slay
|-damage|p2a: Slay|0 fnt
|faint|p2a: Slay
|-damage|p1a: Mimikyu|47/100|[from] item: Life Orb
|
|upkeep
|
|t:|1641707633
|switch|p2a: Toxaflex|Toxapex, M, shiny|100/100
|turn|10
|inactive|Battle timer is ON: inactive players will automatically lose when time's up. (requested by 86thesweetpotato)
|
|t:|1641707687
|switch|p1a: Stakataka|Stakataka|97/100
|move|p2a: Toxaflex|Knock Off|p1a: Stakataka
|-damage|p1a: Stakataka|81/100
|
|upkeep
|turn|11
|
|t:|1641707698
|switch|p2a: the GOOD China|Runerigus, M|100/100
|move|p1a: Stakataka|Trick Room|p1a: Stakataka
|-fieldstart|move: Trick Room|[of] p1a: Stakataka
|
|upkeep
|turn|12
|
|t:|1641707716
|switch|p1a: Glastrier|Glastrier|100/100
|move|p2a: the GOOD China|Earthquake|p1a: Glastrier
|-damage|p1a: Glastrier|77/100
|
|upkeep
|turn|13
|
|t:|1641707726
|move|p1a: Glastrier|High Horsepower|p2a: the GOOD China
|-damage|p2a: the GOOD China|70/100
|-activate|p2a: the GOOD China|ability: Wandering Spirit|Chilling Neigh|Wandering Spirit|[of] p1a: Glastrier
|-damage|p1a: Glastrier|67/100|[from] item: Life Orb
|move|p2a: the GOOD China|Trick Room|p2a: the GOOD China
|-fieldend|move: Trick Room
|
|upkeep
|turn|14
|
|t:|1641707735
|move|p2a: the GOOD China|Earthquake|p1a: Glastrier
|-damage|p1a: Glastrier|47/100
|move|p1a: Glastrier|Icicle Crash|p2a: the GOOD China
|-supereffective|p2a: the GOOD China
|-damage|p2a: the GOOD China|0 fnt
|faint|p2a: the GOOD China
|-damage|p1a: Glastrier|37/100|[from] item: Life Orb
|
|upkeep
|
|t:|1641707742
|switch|p2a: Sacred|Volcarona, M|100/100
|turn|15
|
|t:|1641707762
|move|p2a: Sacred|Fiery Dance|p1a: Glastrier
|-supereffective|p1a: Glastrier
|-damage|p1a: Glastrier|0 fnt
|faint|p1a: Glastrier
|
|upkeep
|
|t:|1641707776
|switch|p1a: Marowak|Marowak-Alola, M|100/100
|turn|16
|
|t:|1641707792
|switch|p2a: Toxaflex|Toxapex, M, shiny|100/100
|move|p1a: Marowak|Poltergeist|p2a: Toxaflex
|-activate|p2a: Toxaflex|move: Poltergeist|Choice Band
|-damage|p2a: Toxaflex|15/100
|
|upkeep
|turn|17
|
|t:|1641707805
|switch|p1a: Reuniclus|Reuniclus, F|100/100
|move|p2a: Toxaflex|Liquidation|p1a: Reuniclus
|-damage|p1a: Reuniclus|55/100
|
|upkeep
|turn|18
|
|t:|1641707815
|switch|p2a: Sacred|Volcarona, M|100/100
|move|p1a: Reuniclus|Trick Room|p1a: Reuniclus
|-fieldstart|move: Trick Room|[of] p1a: Reuniclus
|
|upkeep
|turn|19
|
|t:|1641707825
|move|p1a: Reuniclus|Psychic|p2a: Sacred
|-damage|p2a: Sacred|28/100
|-damage|p1a: Reuniclus|45/100|[from] item: Life Orb
|move|p2a: Sacred|Bug Buzz|p1a: Reuniclus
|-supereffective|p1a: Reuniclus
|-damage|p1a: Reuniclus|0 fnt
|faint|p1a: Reuniclus
|
|upkeep
|inactive|TheJestofJesters has 120 seconds left.
|
|t:|1641707858
|switch|p1a: Stakataka|Stakataka|81/100
|turn|20
|inactive|TheJestofJesters has 120 seconds left.
|inactive|86thesweetpotato has 120 seconds left.
|
|t:|1641707902
|move|p1a: Stakataka|Gyro Ball|p2a: Sacred
|-resisted|p2a: Sacred
|-crit|p2a: Sacred
|-damage|p2a: Sacred|0 fnt
|faint|p2a: Sacred
|-ability|p1a: Stakataka|Beast Boost|boost
|-boost|p1a: Stakataka|atk|1
|
|upkeep
|
|t:|1641707922
|switch|p2a: Toxaflex|Toxapex, M, shiny|48/100
|turn|21
|
|t:|1641707926
|switch|p2a: Crunchwrap|Bronzong|60/100
|move|p1a: Stakataka|Earthquake|p2a: Crunchwrap
|-supereffective|p2a: Crunchwrap
|-damage|p2a: Crunchwrap|0 fnt
|faint|p2a: Crunchwrap
|-ability|p1a: Stakataka|Beast Boost|boost
|-boost|p1a: Stakataka|atk|1
|
|upkeep
|
|t:|1641707930
|switch|p2a: Plasma|Reuniclus, M, shiny|100/100
|turn|22
|c|☆TheJestofJesters|Levitate?
|c|☆86thesweetpotato|heatproof
|c|☆TheJestofJesters|ah ok
|inactive|TheJestofJesters has 120 seconds left.
|inactive|TheJestofJesters has 90 seconds left.
|c|☆TheJestofJesters|just thought of this: heat proof + air baloon bronzong
|c|☆TheJestofJesters|3 immunities
|
|t:|1641708005
|move|p1a: Stakataka|Earthquake|p2a: Plasma
|-damage|p2a: Plasma|44/100
|move|p2a: Plasma|Acid Armor|p2a: Plasma
|-boost|p2a: Plasma|def|2
|
|-fieldend|move: Trick Room
|upkeep
|turn|23
|c|☆86thesweetpotato|I considered it but then its obvious that its not levitate
|c|☆86thesweetpotato|most people dont realize
|c|☆TheJestofJesters|ah ok
|inactive|86thesweetpotato has 120 seconds left.
|c|☆TheJestofJesters|ah ok
|
|t:|1641708022
|move|p2a: Plasma|Recover|p2a: Plasma
|-heal|p2a: Plasma|94/100
|move|p1a: Stakataka|Heat Crash|p2a: Plasma
|-damage|p2a: Plasma|60/100
|
|upkeep
|turn|24
|
|t:|1641708030
|move|p2a: Plasma|Acid Armor|p2a: Plasma
|-boost|p2a: Plasma|def|2
|move|p1a: Stakataka|Trick Room|p1a: Stakataka
|-fieldstart|move: Trick Room|[of] p1a: Stakataka
|
|upkeep
|turn|25
|
|t:|1641708035
|switch|p1a: Marowak|Marowak-Alola, M|100/100
|move|p2a: Plasma|Recover|p2a: Plasma
|-heal|p2a: Plasma|100/100
|
|upkeep
|turn|26
|inactive|TheJestofJesters has 90 seconds left.
|
|t:|1641708040
|move|p1a: Marowak|Poltergeist|p2a: Plasma
|-activate|p2a: Plasma|move: Poltergeist|Weakness Policy
|-supereffective|p2a: Plasma
|-damage|p2a: Plasma|54/100
|-enditem|p2a: Plasma|Weakness Policy
|-boost|p2a: Plasma|atk|2|[from] item: Weakness Policy
|-boost|p2a: Plasma|spa|2|[from] item: Weakness Policy
|move|p2a: Plasma|Stored Power|p1a: Marowak
|-crit|p1a: Marowak
|-damage|p1a: Marowak|0 fnt
|faint|p1a: Marowak
|
|upkeep
|inactive|TheJestofJesters has 90 seconds left.
|
|t:|1641708052
|switch|p1a: Mimikyu|Mimikyu-Busted, M|47/100
|turn|27
|
|t:|1641708058
|move|p2a: Plasma|Stored Power|p1a: Mimikyu
|-damage|p1a: Mimikyu|0 fnt
|faint|p1a: Mimikyu
|
|upkeep
|c|☆TheJestofJesters|f
|c|☆TheJestofJesters|well gg
|c|☆86thesweetpotato|gg fren
|inactive|TheJestofJesters has 90 seconds left.
|c|☆TheJestofJesters|also
|c|☆TheJestofJesters|can I have the pokepaste of your team?
|c|☆TheJestofJesters|very interesting tr
|-message|TheJestofJesters forfeited.
|
|win|86thesweetpotato
|raw|TheJestofJesters's rating: 1269 &rarr; <strong>1246</strong><br />(-23 for losing)
|raw|86thesweetpotato's rating: 1293 &rarr; <strong>1316</strong><br />(+23 for winning)
|c|☆86thesweetpotato|Its still in the testing stage
|c|☆86thesweetpotato|but I appreciate ya
|c|☆TheJestofJesters|ok
|c|☆TheJestofJesters|ill send you mine
|c|☆TheJestofJesters|a team trade?
