|j|☆d19l
|j|☆from you
|t:|1641699573
|gametype|singles
|player|p1|d19l|#mimikyustardust|1775
|player|p2|from you|170|1778
|teamsize|p1|6
|teamsize|p2|6
|gen|8
|tier|[Gen 8] OU
|rated|
|rule|Sleep Clause Mod: Limit one foe put to sleep
|rule|Species Clause: Limit one of each Pokémon
|rule|OHKO Clause: OHKO moves are banned
|rule|Evasion Moves Clause: Evasion moves are banned
|rule|Endless Battle Clause: Forcing endless battles is banned
|rule|HP Percentage Mod: HP is shown in percentages
|rule|Dynamax Clause: You cannot dynamax
|clearpoke
|poke|p1|Pelipper, F|
|poke|p1|Barraskewda, M|
|poke|p1|Regieleki|
|poke|p1|Tapu Lele|
|poke|p1|Landorus-Therian, M|
|poke|p1|Ferrothorn, M|
|poke|p2|Volcarona, F|
|poke|p2|Blissey, F|
|poke|p2|Clefable, F|
|poke|p2|Hippowdon, F|
|poke|p2|Corviknight, F|
|poke|p2|Tapu Fini|
|teampreview
|inactive|Battle timer is ON: inactive players will automatically lose when time's up. (requested by from you)
|
|t:|1641699592
|start
|switch|p1a: Lando Calrissian|Landorus-Therian, M|100/100
|switch|p2a: Tapu Fini|Tapu Fini, shiny|100/100
|-fieldstart|move: Misty Terrain|[from] ability: Misty Surge|[of] p2a: Tapu Fini
|-ability|p1a: Lando Calrissian|Intimidate|boost
|-unboost|p2a: Tapu Fini|atk|1
|turn|1
|
|t:|1641699601
|move|p2a: Tapu Fini|Trick|p1a: Lando Calrissian
|-activate|p2a: Tapu Fini|move: Trick|[of] p1a: Lando Calrissian
|-item|p1a: Lando Calrissian|Choice Scarf|[from] move: Trick
|-item|p2a: Tapu Fini|Leftovers|[from] move: Trick
|move|p1a: Lando Calrissian|Stealth Rock|p2a: Tapu Fini
|-sidestart|p2: from you|move: Stealth Rock
|
|upkeep
|turn|2
|
|t:|1641699611
|switch|p1a: Tapu Lele Pons|Tapu Lele|100/100
|-fieldstart|move: Psychic Terrain|[from] ability: Psychic Surge|[of] p1a: Tapu Lele Pons
|move|p2a: Tapu Fini|Surf|p1a: Tapu Lele Pons
|-damage|p1a: Tapu Lele Pons|69/100
|
|upkeep
|turn|3
|
|t:|1641699639
|switch|p2a: Corviknight|Corviknight, F, shiny|100/100
|-damage|p2a: Corviknight|88/100|[from] Stealth Rock
|-ability|p2a: Corviknight|Pressure
|move|p1a: Tapu Lele Pons|Psychic|p2a: Corviknight
|-resisted|p2a: Corviknight
|-damage|p2a: Corviknight|58/100
|
|upkeep
|turn|4
|
|t:|1641699651
|switch|p1a: Pelipprime|Pelipper, F|100/100
|-weather|RainDance|[from] ability: Drizzle|[of] p1a: Pelipprime
|move|p2a: Corviknight|Defog|p1a: Pelipprime
|-unboost|p1a: Pelipprime|evasion|1
|-sideend|p2: from you|Stealth Rock|[from] move: Defog|[of] p2a: Corviknight
|-fieldend|move: Psychic Terrain
|
|-weather|RainDance|[upkeep]
|upkeep
|turn|5
|j| Dogerunner
|
|t:|1641699661
|switch|p2a: Blissey|Blissey, F, shiny|100/100
|move|p1a: Pelipprime|Surf|p2a: Blissey
|-damage|p2a: Blissey|69/100
|
|-weather|RainDance|[upkeep]
|upkeep
|turn|6
|
|t:|1641699681
|switch|p1a: Lando Calrissian|Landorus-Therian, M|100/100
|-ability|p1a: Lando Calrissian|Intimidate|boost
|-unboost|p2a: Blissey|atk|1
|switch|p2a: Corviknight|Corviknight, F, shiny|58/100
|-ability|p2a: Corviknight|Pressure
|
|-weather|RainDance|[upkeep]
|upkeep
|turn|7
|
|t:|1641699686
|move|p1a: Lando Calrissian|Knock Off|p2a: Corviknight
|-damage|p2a: Corviknight|41/100
|-damage|p1a: Lando Calrissian|84/100|[from] item: Rocky Helmet|[of] p2a: Corviknight
|-enditem|p2a: Corviknight|Rocky Helmet|[from] move: Knock Off|[of] p1a: Lando Calrissian
|move|p2a: Corviknight|Roost|p2a: Corviknight
|-heal|p2a: Corviknight|91/100
|-singleturn|p2a: Corviknight|move: Roost
|
|-weather|RainDance|[upkeep]
|upkeep
|turn|8
|inactive|d19l has 120 seconds left.
|inactive|d19l has 90 seconds left.
|
|t:|1641699737
|switch|p1a: Ferro Thornberry|Ferrothorn, M|100/100
|move|p2a: Corviknight|Brave Bird|p1a: Ferro Thornberry
|-damage|p1a: Ferro Thornberry|72/100
|-damage|p2a: Corviknight|78/100|[from] ability: Iron Barbs|[of] p1a: Ferro Thornberry
|-damage|p2a: Corviknight|70/100|[from] Recoil
|
|-weather|none
|-heal|p1a: Ferro Thornberry|78/100|[from] item: Leftovers
|upkeep
|turn|9
|
|t:|1641699746
|switch|p2a: Volcarona|Volcarona, F, shiny|100/100
|move|p1a: Ferro Thornberry|Leech Seed|p2a: Volcarona
|-start|p2a: Volcarona|move: Leech Seed
|
|-heal|p1a: Ferro Thornberry|85/100|[from] item: Leftovers
|-damage|p2a: Volcarona|88/100|[from] Leech Seed|[of] p1a: Ferro Thornberry
|-heal|p1a: Ferro Thornberry|96/100|[silent]
|upkeep
|turn|10
|j| HykaNemu
|
|t:|1641699760
|switch|p2a: Hippowdon|Hippowdon, F, shiny|100/100
|-weather|Sandstorm|[from] ability: Sand Stream|[of] p2a: Hippowdon
|switch|p1a: Pelipprime|Pelipper, F|100/100
|-weather|RainDance|[from] ability: Drizzle|[of] p1a: Pelipprime
|
|-weather|RainDance|[upkeep]
|upkeep
|turn|11
|
|t:|1641699766
|switch|p2a: Blissey|Blissey, F, shiny|69/100
|move|p1a: Pelipprime|Surf|p2a: Blissey
|-damage|p2a: Blissey|33/100
|
|-weather|RainDance|[upkeep]
|upkeep
|turn|12
|
|t:|1641699769
|move|p1a: Pelipprime|Surf|p2a: Blissey
|-damage|p2a: Blissey|0 fnt
|faint|p2a: Blissey
|
|-weather|RainDance|[upkeep]
|upkeep
|
|t:|1641699774
|switch|p2a: Tapu Fini|Tapu Fini, shiny|100/100
|-fieldstart|move: Misty Terrain|[from] ability: Misty Surge|[of] p2a: Tapu Fini
|turn|13
|
|t:|1641699778
|switch|p1a: Ferro Thornberry|Ferrothorn, M|96/100
|move|p2a: Tapu Fini|Calm Mind|p2a: Tapu Fini
|-boost|p2a: Tapu Fini|spa|1
|-boost|p2a: Tapu Fini|spd|1
|
|-weather|RainDance|[upkeep]
|-heal|p1a: Ferro Thornberry|100/100|[from] item: Leftovers
|upkeep
|turn|14
|
|t:|1641699789
|move|p2a: Tapu Fini|Surf|p1a: Ferro Thornberry
|-resisted|p1a: Ferro Thornberry
|-damage|p1a: Ferro Thornberry|81/100
|move|p1a: Ferro Thornberry|Leech Seed|p2a: Tapu Fini
|-start|p2a: Tapu Fini|move: Leech Seed
|
|-weather|none
|-heal|p1a: Ferro Thornberry|87/100|[from] item: Leftovers
|-damage|p2a: Tapu Fini|88/100|[from] Leech Seed|[of] p1a: Ferro Thornberry
|-heal|p1a: Ferro Thornberry|99/100|[silent]
|upkeep
|turn|15
|
|t:|1641699793
|switch|p2a: Volcarona|Volcarona, F, shiny|88/100
|move|p1a: Ferro Thornberry|Spikes|p2a: Volcarona
|-sidestart|p2: from you|Spikes
|
|-heal|p1a: Ferro Thornberry|100/100|[from] item: Leftovers
|upkeep
|turn|16
|
|t:|1641699801
|switch|p1a: Pelipprime|Pelipper, F|100/100
|-weather|RainDance|[from] ability: Drizzle|[of] p1a: Pelipprime
|move|p2a: Volcarona|Quiver Dance|p2a: Volcarona
|-boost|p2a: Volcarona|spa|1
|-boost|p2a: Volcarona|spd|1
|-boost|p2a: Volcarona|spe|1
|
|-weather|RainDance|[upkeep]
|upkeep
|turn|17
|
|t:|1641699810
|move|p2a: Volcarona|Giga Drain|p1a: Pelipprime
|-damage|p1a: Pelipprime|25/100
|-heal|p2a: Volcarona|100/100|[from] drain|[of] p1a: Pelipprime
|move|p1a: Pelipprime|Surf|p2a: Volcarona
|-supereffective|p2a: Volcarona
|-damage|p2a: Volcarona|0 fnt
|faint|p2a: Volcarona
|
|-weather|RainDance|[upkeep]
|-fieldend|Misty Terrain
|upkeep
|
|t:|1641699818
|switch|p2a: Tapu Fini|Tapu Fini, shiny|88/100
|-damage|p2a: Tapu Fini|76/100|[from] Spikes
|-fieldstart|move: Misty Terrain|[from] ability: Misty Surge|[of] p2a: Tapu Fini
|turn|18
|
|t:|1641699823
|switch|p1a: Tapu Lele Pons|Tapu Lele|69/100
|-fieldstart|move: Psychic Terrain|[from] ability: Psychic Surge|[of] p1a: Tapu Lele Pons
|move|p2a: Tapu Fini|Draining Kiss|p1a: Tapu Lele Pons
|-damage|p1a: Tapu Lele Pons|52/100
|-heal|p2a: Tapu Fini|87/100|[from] drain|[of] p1a: Tapu Lele Pons
|
|-weather|RainDance|[upkeep]
|-heal|p2a: Tapu Fini|93/100|[from] item: Leftovers
|upkeep
|turn|19
|
|t:|1641699827
|move|p1a: Tapu Lele Pons|Thunder|p2a: Tapu Fini
|-supereffective|p2a: Tapu Fini
|-damage|p2a: Tapu Fini|28/100
|move|p2a: Tapu Fini|Calm Mind|p2a: Tapu Fini
|-boost|p2a: Tapu Fini|spa|1
|-boost|p2a: Tapu Fini|spd|1
|
|-weather|RainDance|[upkeep]
|-heal|p2a: Tapu Fini|34/100|[from] item: Leftovers
|upkeep
|turn|20
|
|t:|1641699831
|move|p1a: Tapu Lele Pons|Thunder|p2a: Tapu Fini
|-supereffective|p2a: Tapu Fini
|-damage|p2a: Tapu Fini|0 fnt
|faint|p2a: Tapu Fini
|
|-weather|none
|upkeep
|
|t:|1641699834
|switch|p2a: Hippowdon|Hippowdon, F, shiny|100/100
|-damage|p2a: Hippowdon|88/100|[from] Spikes
|-weather|Sandstorm|[from] ability: Sand Stream|[of] p2a: Hippowdon
|turn|21
|c|☆d19l|a
|
|t:|1641699851
|switch|p1a: Pelipprime|Pelipper, F|25/100
|-weather|RainDance|[from] ability: Drizzle|[of] p1a: Pelipprime
|move|p2a: Hippowdon|Stealth Rock|p1a: Pelipprime
|-sidestart|p1: d19l|move: Stealth Rock
|
|-weather|RainDance|[upkeep]
|-heal|p2a: Hippowdon|94/100|[from] item: Leftovers
|upkeep
|turn|22
|l| HykaNemu
|c|☆from you|good team
|
|t:|1641699864
|switch|p2a: Corviknight|Corviknight, F, shiny|70/100
|-ability|p2a: Corviknight|Pressure
|move|p1a: Pelipprime|Surf|p2a: Corviknight
|-damage|p2a: Corviknight|0 fnt
|faint|p2a: Corviknight
|
|-weather|RainDance|[upkeep]
|-fieldend|move: Psychic Terrain
|upkeep
|
|t:|1641699867
|switch|p2a: Clefable|Clefable, F, shiny|100/100
|-damage|p2a: Clefable|88/100|[from] Spikes
|turn|23
|
|t:|1641699872
|move|p1a: Pelipprime|Surf|p2a: Clefable
|-damage|p2a: Clefable|0 fnt
|faint|p2a: Clefable
|
|-weather|RainDance|[upkeep]
|upkeep
|c|☆d19l|gg
|
|t:|1641699876
|switch|p2a: Hippowdon|Hippowdon, F, shiny|94/100
|-damage|p2a: Hippowdon|82/100|[from] Spikes
|-weather|Sandstorm|[from] ability: Sand Stream|[of] p2a: Hippowdon
|turn|24
|
|t:|1641699878
|move|p1a: Pelipprime|Surf|p2a: Hippowdon
|-supereffective|p2a: Hippowdon
|-damage|p2a: Hippowdon|0 fnt
|faint|p2a: Hippowdon
|
|win|d19l
|raw|d19l's rating: 1797 &rarr; <strong>1816</strong><br />(+19 for winning)
|raw|from you's rating: 1778 &rarr; <strong>1759</strong><br />(-19 for losing)
|l|☆d19l
|c|☆from you|gg
|l|☆from you
