|j|☆hiapiapia
|j|☆hanserzsh2001
|t:|1641726293
|gametype|singles
|player|p1|hiapiapia|battlegirl-gen4|1346
|player|p2|hanserzsh2001|dawn|1360
|teamsize|p1|6
|teamsize|p2|6
|gen|8
|tier|[Gen 8] OU
|rated|
|rule|Sleep Clause Mod: Limit one foe put to sleep
|rule|Species Clause: Limit one of each Pokémon
|rule|OHKO Clause: OHKO moves are banned
|rule|Evasion Moves Clause: Evasion moves are banned
|rule|Endless Battle Clause: Forcing endless battles is banned
|rule|HP Percentage Mod: HP is shown in percentages
|rule|Dynamax Clause: You cannot dynamax
|clearpoke
|poke|p1|Kartana|
|poke|p1|Volcarona, F|
|poke|p1|Garchomp, M|
|poke|p1|Toxapex, F|
|poke|p1|Moltres-Galar|
|poke|p1|Tapu Koko|
|poke|p2|Pelipper, M|
|poke|p2|Volcanion|
|poke|p2|Thundurus-Therian, M|
|poke|p2|Ferrothorn, M|
|poke|p2|Barraskewda, M|
|poke|p2|Blastoise, M|
|teampreview
|inactive|Battle timer is ON: inactive players will automatically lose when time's up. (requested by hanserzsh2001)
|
|t:|1641726317
|start
|switch|p1a: Tapu Koko|Tapu Koko|100/100
|switch|p2a: Thundurus|Thundurus-Therian, M|100/100
|-fieldstart|move: Electric Terrain|[from] ability: Electric Surge|[of] p1a: Tapu Koko
|turn|1
|
|t:|1641726327
|move|p1a: Tapu Koko|Dazzling Gleam|p2a: Thundurus
|-damage|p2a: Thundurus|34/100
|move|p2a: Thundurus|Thunder|p1a: Tapu Koko
|-resisted|p1a: Tapu Koko
|-damage|p1a: Tapu Koko|52/100
|
|upkeep
|turn|2
|
|t:|1641726334
|switch|p2a: Ferrothorn|Ferrothorn, M|100/100
|move|p1a: Tapu Koko|Dazzling Gleam|p2a: Ferrothorn
|-resisted|p2a: Ferrothorn
|-damage|p2a: Ferrothorn|84/100
|
|-heal|p2a: Ferrothorn|90/100|[from] item: Leftovers
|upkeep
|turn|3
|
|t:|1641726344
|switch|p1a: Toxapex|Toxapex, F|100/100
|move|p2a: Ferrothorn|Stealth Rock|p1a: Toxapex
|-sidestart|p1: hiapiapia|move: Stealth Rock
|
|-heal|p2a: Ferrothorn|97/100|[from] item: Leftovers
|upkeep
|turn|4
|
|t:|1641726352
|move|p1a: Toxapex|Scald|p2a: Ferrothorn
|-resisted|p2a: Ferrothorn
|-damage|p2a: Ferrothorn|91/100
|move|p2a: Ferrothorn|Knock Off|p1a: Toxapex
|-damage|p1a: Toxapex|85/100
|-enditem|p1a: Toxapex|Black Sludge|[from] move: Knock Off|[of] p2a: Ferrothorn
|
|-heal|p2a: Ferrothorn|98/100|[from] item: Leftovers
|upkeep
|turn|5
|
|t:|1641726362
|switch|p2a: Pelipper|Pelipper, M|100/100
|-weather|RainDance|[from] ability: Drizzle|[of] p2a: Pelipper
|move|p1a: Toxapex|Scald|p2a: Pelipper
|-resisted|p2a: Pelipper
|-damage|p2a: Pelipper|84/100
|
|-weather|RainDance|[upkeep]
|-fieldend|move: Electric Terrain
|upkeep
|turn|6
|
|t:|1641726373
|switch|p1a: Moltres|Moltres-Galar|100/100
|-damage|p1a: Moltres|75/100|[from] Stealth Rock
|move|p2a: Pelipper|U-turn|p1a: Moltres
|-damage|p1a: Moltres|67/100
|
|t:|1641726382
|switch|p2a: Thundurus|Thundurus-Therian, M|34/100|[from]move: U-turn
|
|-weather|RainDance|[upkeep]
|upkeep
|turn|7
|
|t:|1641726390
|move|p2a: Thundurus|Weather Ball|p1a: Moltres
|-damage|p1a: Moltres|23/100
|-enditem|p1a: Moltres|Salac Berry|[eat]
|-boost|p1a: Moltres|spe|1|[from] item: Salac Berry
|-ability|p1a: Moltres|Berserk|boost
|-boost|p1a: Moltres|spa|1
|move|p1a: Moltres|Fiery Wrath|p2a: Thundurus
|-damage|p2a: Thundurus|0 fnt
|faint|p2a: Thundurus
|
|-weather|RainDance|[upkeep]
|upkeep
|
|t:|1641726398
|switch|p2a: Barraskewda|Barraskewda, M|100/100
|turn|8
|
|t:|1641726406
|switch|p1a: Toxapex|Toxapex, F|100/100
|-damage|p1a: Toxapex|88/100|[from] Stealth Rock
|move|p2a: Barraskewda|Flip Turn|p1a: Toxapex
|-resisted|p1a: Toxapex
|-damage|p1a: Toxapex|71/100
|
|t:|1641726417
|switch|p2a: Blastoise|Blastoise, M|100/100|[from]move: Flip Turn
|
|-weather|RainDance|[upkeep]
|upkeep
|turn|9
|
|t:|1641726428
|switch|p1a: Moltres|Moltres-Galar|23/100
|-damage|p1a: Moltres|0 fnt|[from] Stealth Rock
|faint|p1a: Moltres
|move|p2a: Blastoise|Shell Smash|p2a: Blastoise
|-unboost|p2a: Blastoise|def|1
|-unboost|p2a: Blastoise|spd|1
|-boost|p2a: Blastoise|atk|2
|-boost|p2a: Blastoise|spa|2
|-boost|p2a: Blastoise|spe|2
|-enditem|p2a: Blastoise|White Herb
|-clearnegativeboost|p2a: Blastoise|[silent]
|
|-weather|RainDance|[upkeep]
|upkeep
|
|t:|1641726445
|switch|p1a: Kartana|Kartana|100/100
|-damage|p1a: Kartana|94/100|[from] Stealth Rock
|turn|10
|
|t:|1641726452
|move|p2a: Blastoise|Surf|p1a: Kartana
|-resisted|p1a: Kartana
|-damage|p1a: Kartana|0 fnt
|faint|p1a: Kartana
|
|-weather|RainDance|[upkeep]
|upkeep
|
|t:|1641726462
|switch|p1a: Tapu Koko|Tapu Koko|52/100
|-damage|p1a: Tapu Koko|40/100|[from] Stealth Rock
|-fieldstart|move: Electric Terrain|[from] ability: Electric Surge|[of] p1a: Tapu Koko
|turn|11
|
|t:|1641726470
|move|p2a: Blastoise|Surf|p1a: Tapu Koko
|-damage|p1a: Tapu Koko|0 fnt
|faint|p1a: Tapu Koko
|
|-weather|RainDance|[upkeep]
|upkeep
|-message|hiapiapia forfeited.
|
|win|hanserzsh2001
|raw|hiapiapia's rating: 1346 &rarr; <strong>1327</strong><br />(-19 for losing)
|raw|hanserzsh2001's rating: 1360 &rarr; <strong>1379</strong><br />(+19 for winning)
|l|☆hiapiapia
