|j|☆tittertatterbitter
|j|☆G3n0YT
|t:|1641803148
|gametype|singles
|player|p1|tittertatterbitter|102|1065
|player|p2|G3n0YT|wallace|1040
|teamsize|p1|6
|teamsize|p2|6
|gen|8
|tier|[Gen 8] OU
|rated|
|rule|Sleep Clause Mod: Limit one foe put to sleep
|rule|Species Clause: Limit one of each Pokémon
|rule|OHKO Clause: OHKO moves are banned
|rule|Evasion Moves Clause: Evasion moves are banned
|rule|Endless Battle Clause: Forcing endless battles is banned
|rule|HP Percentage Mod: HP is shown in percentages
|rule|Dynamax Clause: You cannot dynamax
|clearpoke
|poke|p1|Malamar, M|
|poke|p1|Cofagrigus, F|
|poke|p1|Togedemaru, L1, F|
|poke|p1|Cloyster, F|
|poke|p1|Ninetales-Alola, F|
|poke|p1|Barraskewda, F|
|poke|p2|Zygarde-10%|
|poke|p2|Inteleon, F|
|poke|p2|Ninetales-Alola, M|
|poke|p2|Weezing-Galar, M|
|poke|p2|Cloyster, F|
|poke|p2|Victini|
|teampreview
|inactive|Battle timer is ON: inactive players will automatically lose when time's up. (requested by G3n0YT)
|
|t:|1641803152
|start
|switch|p1a: Ninetales|Ninetales-Alola, F|100/100
|switch|p2a: uno reverse card|Ninetales-Alola, M, shiny|100/100
|-weather|Hail|[from] ability: Snow Warning|[of] p2a: uno reverse card
|turn|1
|c|☆tittertatterbitter|lol
|
|t:|1641803162
|move|p2a: uno reverse card|Aurora Veil|p2a: uno reverse card
|-sidestart|p2: G3n0YT|move: Aurora Veil
|move|p1a: Ninetales|Aurora Veil|p1a: Ninetales
|-sidestart|p1: tittertatterbitter|move: Aurora Veil
|
|-weather|Hail|[upkeep]
|upkeep
|turn|2
|c|☆tittertatterbitter|lol
|c|☆G3n0YT|are you shitting me
|
|t:|1641803179
|switch|p2a: ur mom|Cloyster, F, shiny|100/100
|switch|p1a: Cloyster|Cloyster, F|100/100
|
|-weather|Hail|[upkeep]
|upkeep
|turn|3
|c|☆tittertatterbitter|lo
|c|☆tittertatterbitter|lmao
|c|☆G3n0YT|WTF
|c|☆G3n0YT|BRO
|c|☆G3n0YT|XD
|c|☆tittertatterbitter|we are so same
|inactive|G3n0YT has 120 seconds left.
|inactive|tittertatterbitter has 120 seconds left.
|c|☆G3n0YT|what the chances we use the same move
|c|☆tittertatterbitter|1 in 1000000000000
|inactive|G3n0YT has 90 seconds left.
|
|t:|1641803237
|move|p1a: Cloyster|Shell Smash|p1a: Cloyster
|-unboost|p1a: Cloyster|def|1
|-unboost|p1a: Cloyster|spd|1
|-boost|p1a: Cloyster|atk|2
|-boost|p1a: Cloyster|spa|2
|-boost|p1a: Cloyster|spe|2
|move|p2a: ur mom|Shell Smash|p2a: ur mom
|-unboost|p2a: ur mom|def|1
|-unboost|p2a: ur mom|spd|1
|-boost|p2a: ur mom|atk|2
|-boost|p2a: ur mom|spa|2
|-boost|p2a: ur mom|spe|2
|
|-weather|Hail|[upkeep]
|upkeep
|turn|4
|c|☆tittertatterbitter|loo
|inactive|tittertatterbitter has 120 seconds left.
|c|☆G3n0YT|fuck
|c|☆tittertatterbitter|lmao
|inactive|G3n0YT has 90 seconds left.
|c|☆tittertatterbitter|wtf
|c|☆G3n0YT|i know what youll use next
|
|t:|1641803258
|move|p1a: Cloyster|Rock Blast|p2a: ur mom
|-supereffective|p2a: ur mom
|-damage|p2a: ur mom|84/100
|-supereffective|p2a: ur mom
|-damage|p2a: ur mom|66/100
|-supereffective|p2a: ur mom
|-damage|p2a: ur mom|47/100
|-supereffective|p2a: ur mom
|-damage|p2a: ur mom|28/100
|-supereffective|p2a: ur mom
|-damage|p2a: ur mom|11/100
|-enditem|p2a: ur mom|Figy Berry|[eat]
|-heal|p2a: ur mom|44/100|[from] item: Figy Berry
|-hitcount|p2a: ur mom|5
|move|p2a: ur mom|Rock Blast|p1a: Cloyster
|-supereffective|p1a: Cloyster
|-damage|p1a: Cloyster|82/100
|-supereffective|p1a: Cloyster
|-crit|p1a: Cloyster
|-damage|p1a: Cloyster|26/100
|-supereffective|p1a: Cloyster
|-damage|p1a: Cloyster|10/100
|-supereffective|p1a: Cloyster
|-damage|p1a: Cloyster|0 fnt
|faint|p1a: Cloyster
|-hitcount|p1: Cloyster|4
|
|-weather|Hail|[upkeep]
|upkeep
|c|☆G3n0YT|lel
|c|☆tittertatterbitter|fu
|c|☆tittertatterbitter|crit
|
|t:|1641803288
|switch|p1a: Malamar|Malamar, M|100/100
|turn|5
|inactive|G3n0YT has 90 seconds left.
|
|t:|1641803293
|move|p2a: ur mom|Icicle Spear|p1a: Malamar
|-damage|p1a: Malamar|92/100
|-damage|p1a: Malamar|83/100
|-damage|p1a: Malamar|74/100
|-damage|p1a: Malamar|63/100
|-damage|p1a: Malamar|53/100
|-hitcount|p1a: Malamar|5
|move|p1a: Malamar|Superpower|p2a: ur mom
|-supereffective|p2a: ur mom
|-damage|p2a: ur mom|10/100
|-boost|p1a: Malamar|atk|1
|-boost|p1a: Malamar|def|1
|
|-weather|none
|-heal|p1a: Malamar|60/100|[from] item: Leftovers
|upkeep
|turn|6
|inactive|G3n0YT has 90 seconds left.
|
|t:|1641803312
|move|p2a: ur mom|Rock Blast|p1a: Malamar
|-damage|p1a: Malamar|56/100
|-damage|p1a: Malamar|52/100
|-damage|p1a: Malamar|47/100
|-damage|p1a: Malamar|43/100
|-damage|p1a: Malamar|39/100
|-hitcount|p1a: Malamar|5
|move|p1a: Malamar|Superpower|p2a: ur mom
|-supereffective|p2a: ur mom
|-damage|p2a: ur mom|0 fnt
|-boost|p1a: Malamar|atk|1
|-boost|p1a: Malamar|def|1
|faint|p2a: ur mom
|
|-heal|p1a: Malamar|45/100|[from] item: Leftovers
|upkeep
|c|☆G3n0YT|ouchie mama
|
|t:|1641803329
|switch|p2a: Zygarde|Zygarde-10%, shiny|100/100
|-ability|p2a: Zygarde|Aura Break
|turn|7
|c|☆tittertatterbitter|lol
|
|t:|1641803338
|move|p2a: Zygarde|Thousand Waves|p1a: Malamar
|-crit|p1a: Malamar
|-damage|p1a: Malamar|4/100
|-activate|p1a: Malamar|trapped
|move|p1a: Malamar|Trick Room|p1a: Malamar
|-fieldstart|move: Trick Room|[of] p1a: Malamar
|
|-heal|p1a: Malamar|10/100|[from] item: Leftovers
|upkeep
|turn|8
|inactive|tittertatterbitter has 120 seconds left.
|
|t:|1641803347
|move|p1a: Malamar|Superpower|p2a: Zygarde
|-damage|p2a: Zygarde|67/100
|-boost|p1a: Malamar|atk|1
|-boost|p1a: Malamar|def|1
|move|p2a: Zygarde|Coil|p2a: Zygarde
|-boost|p2a: Zygarde|atk|1
|-boost|p2a: Zygarde|def|1
|-boost|p2a: Zygarde|accuracy|1
|
|-heal|p1a: Malamar|16/100|[from] item: Leftovers
|-sideend|p1: tittertatterbitter|move: Aurora Veil
|-sideend|p2: G3n0YT|move: Aurora Veil
|upkeep
|turn|9
|inactive|G3n0YT has 90 seconds left.
|inactive|tittertatterbitter has 120 seconds left.
|
|t:|1641803357
|switch|p2a: uno reverse card|Ninetales-Alola, M, shiny|100/100
|-weather|Hail|[from] ability: Snow Warning|[of] p2a: uno reverse card
|move|p1a: Malamar|Topsy-Turvy||[still]
|-fail|p1a: Malamar
|
|-weather|Hail|[upkeep]
|-damage|p1a: Malamar|10/100|[from] Hail
|-heal|p1a: Malamar|16/100|[from] item: Leftovers
|upkeep
|turn|10
|
|t:|1641803367
|move|p1a: Malamar|Superpower|p2a: uno reverse card
|-damage|p2a: uno reverse card|24/100
|-boost|p1a: Malamar|atk|1
|-boost|p1a: Malamar|def|1
|move|p2a: uno reverse card|Aurora Veil|p2a: uno reverse card
|-sidestart|p2: G3n0YT|move: Aurora Veil
|
|-weather|Hail|[upkeep]
|-damage|p1a: Malamar|10/100|[from] Hail
|-heal|p1a: Malamar|16/100|[from] item: Leftovers
|upkeep
|turn|11
|inactive|G3n0YT has 90 seconds left.
|
|t:|1641803389
|switch|p2a: *wheeze*|Weezing-Galar, M, shiny|100/100
|-fieldstart|move: Misty Terrain|[from] ability: Misty Surge|[of] p2a: *wheeze*
|move|p1a: Malamar|Superpower|p2a: *wheeze*
|-resisted|p2a: *wheeze*
|-damage|p2a: *wheeze*|92/100
|-boost|p1a: Malamar|atk|1
|-boost|p1a: Malamar|def|1
|
|-weather|Hail|[upkeep]
|-damage|p1a: Malamar|10/100|[from] Hail
|-damage|p2a: *wheeze*|86/100|[from] Hail
|-heal|p1a: Malamar|16/100|[from] item: Leftovers
|-fieldend|move: Trick Room
|upkeep
|turn|12
|c|☆tittertatterbitter|you have victini with choice scarf
|inactive|G3n0YT has 90 seconds left.
|
|t:|1641803408
|move|p2a: *wheeze*|Taunt|p1a: Malamar
|-start|p1a: Malamar|move: Taunt
|cant|p1a: Malamar|move: Taunt|Trick Room
|
|-weather|Hail|[upkeep]
|-damage|p2a: *wheeze*|80/100|[from] Hail
|-damage|p1a: Malamar|10/100|[from] Hail
|-heal|p1a: Malamar|16/100|[from] item: Leftovers
|upkeep
|turn|13
|inactive|G3n0YT has 90 seconds left.
|
|t:|1641803420
|move|p2a: *wheeze*|Misty Explosion|p1a: Malamar
|-supereffective|p1a: Malamar
|-damage|p1a: Malamar|0 fnt
|faint|p2a: *wheeze*
|faint|p1a: Malamar
|
|-weather|none
|upkeep
|c|☆tittertatterbitter|wtf
|c|☆tittertatterbitter|it goes boom
|
|t:|1641803434
|switch|p2a: Inteleon|Inteleon, F, shiny|100/100
|switch|p1a: Ninetales|Ninetales-Alola, F|100/100
|-weather|Hail|[from] ability: Snow Warning|[of] p1a: Ninetales
|turn|14
|c|☆G3n0YT|ikr
|
|t:|1641803439
|move|p2a: Inteleon|Focus Energy|p2a: Inteleon
|-start|p2a: Inteleon|move: Focus Energy
|move|p1a: Ninetales|Aurora Veil|p1a: Ninetales
|-sidestart|p1: tittertatterbitter|move: Aurora Veil
|
|-weather|Hail|[upkeep]
|-damage|p2a: Inteleon|94/100|[from] Hail
|upkeep
|turn|15
|
|t:|1641803455
|move|p2a: Inteleon|Snipe Shot|p1a: Ninetales
|-crit|p1a: Ninetales
|-damage|p1a: Ninetales|0 fnt
|faint|p1a: Ninetales
|
|-weather|Hail|[upkeep]
|-damage|p2a: Inteleon|88/100|[from] Hail
|upkeep
|
|t:|1641803466
|switch|p1a: Barraskewda|Barraskewda, F|100/100
|turn|16
|inactive|G3n0YT has 120 seconds left.
|c|☆G3n0YT|nice one, chucklenuts
|
|t:|1641803480
|move|p1a: Barraskewda|Close Combat|p2a: Inteleon
|-damage|p2a: Inteleon|38/100
|-unboost|p1a: Barraskewda|def|1
|-unboost|p1a: Barraskewda|spd|1
|move|p2a: Inteleon|Snipe Shot|p1a: Barraskewda
|-resisted|p1a: Barraskewda
|-crit|p1a: Barraskewda
|-damage|p1a: Barraskewda|0 fnt
|faint|p1a: Barraskewda
|
|-weather|Hail|[upkeep]
|-damage|p2a: Inteleon|31/100|[from] Hail
|upkeep
|
|t:|1641803491
|switch|p1a: Cofagrigus|Cofagrigus, F|100/100
|turn|17
|
|t:|1641803498
|move|p2a: Inteleon|Snipe Shot|p1a: Cofagrigus
|-crit|p1a: Cofagrigus
|-damage|p1a: Cofagrigus|19/100
|move|p1a: Cofagrigus|Iron Defense|p1a: Cofagrigus
|-boost|p1a: Cofagrigus|def|2
|
|-weather|Hail|[upkeep]
|-damage|p2a: Inteleon|25/100|[from] Hail
|-damage|p1a: Cofagrigus|13/100|[from] Hail
|-heal|p1a: Cofagrigus|19/100|[from] item: Leftovers
|-sideend|p2: G3n0YT|move: Aurora Veil
|upkeep
|turn|18
|c|☆G3n0YT|wow
|
|t:|1641803507
|move|p2a: Inteleon|Snipe Shot|p1a: Cofagrigus
|-crit|p1a: Cofagrigus
|-damage|p1a: Cofagrigus|0 fnt
|faint|p1a: Cofagrigus
|
|-weather|none
|-fieldend|Misty Terrain
|upkeep
|
|t:|1641803513
|switch|p1a: Togedemaru|Togedemaru, L1, F|100/100
|turn|19
|c|☆tittertatterbitter|lol
|c|☆G3n0YT|im fucking dead
|inactive|G3n0YT has 120 seconds left.
|
|t:|1641803545
|switch|p2a: Zygarde|Zygarde-10%, shiny|67/100
|-ability|p2a: Zygarde|Aura Break
|move|p1a: Togedemaru|Endeavor|p2a: Zygarde
|-damage|p2a: Zygarde|5/100
|
|upkeep
|turn|20
|
|t:|1641803554
|move|p1a: Togedemaru|Spiky Shield|p1a: Togedemaru
|-singleturn|p1a: Togedemaru|move: Protect
|move|p2a: Zygarde|Rest|p2a: Zygarde
|-status|p2a: Zygarde|slp|[from] move: Rest
|-heal|p2a: Zygarde|100/100 slp|[silent]
|-enditem|p2a: Zygarde|Chesto Berry|[eat]
|-curestatus|p2a: Zygarde|slp|[msg]
|
|upkeep
|turn|21
|
|t:|1641803563
|move|p2a: Zygarde|Coil|p2a: Zygarde
|-boost|p2a: Zygarde|atk|1
|-boost|p2a: Zygarde|def|1
|-boost|p2a: Zygarde|accuracy|1
|move|p1a: Togedemaru|Endeavor|p2a: Zygarde
|-damage|p2a: Zygarde|5/100
|
|-sideend|p1: tittertatterbitter|move: Aurora Veil
|upkeep
|turn|22
|
|t:|1641803572
|move|p1a: Togedemaru|Spiky Shield|p1a: Togedemaru
|-singleturn|p1a: Togedemaru|move: Protect
|move|p2a: Zygarde|Rest|p2a: Zygarde
|-status|p2a: Zygarde|slp|[from] move: Rest
|-heal|p2a: Zygarde|100/100 slp|[silent]
|
|upkeep
|turn|23
|
|t:|1641803580
|cant|p2a: Zygarde|slp
|move|p1a: Togedemaru|Endeavor|p2a: Zygarde
|-damage|p2a: Zygarde|5/100 slp
|
|upkeep
|turn|24
|
|t:|1641803587
|cant|p2a: Zygarde|slp
|move|p1a: Togedemaru|Nuzzle|p2a: Zygarde
|-immune|p2a: Zygarde
|
|upkeep
|turn|25
|c|☆G3n0YT|nice one, chucklenuts
|
|t:|1641803604
|-curestatus|p2a: Zygarde|slp|[msg]
|move|p2a: Zygarde|Rest|p2a: Zygarde
|-status|p2a: Zygarde|slp|[from] move: Rest
|-heal|p2a: Zygarde|100/100 slp|[silent]
|move|p1a: Togedemaru|Encore|p2a: Zygarde
|-start|p2a: Zygarde|Encore
|
|upkeep
|turn|26
|
|t:|1641803611
|cant|p2a: Zygarde|slp
|move|p1a: Togedemaru|Endeavor|p2a: Zygarde
|-damage|p2a: Zygarde|5/100 slp
|
|upkeep
|turn|27
|
|t:|1641803619
|move|p1a: Togedemaru|Spiky Shield|p1a: Togedemaru
|-singleturn|p1a: Togedemaru|move: Protect
|cant|p2a: Zygarde|slp
|
|upkeep
|turn|28
|inactive|tittertatterbitter has 120 seconds left.
|inactive|tittertatterbitter has 90 seconds left.
|
|t:|1641803683
|move|p1a: Togedemaru|Spiky Shield||[still]
|-fail|p1a: Togedemaru
|-curestatus|p2a: Zygarde|slp|[msg]
|move|p2a: Zygarde|Rest|p2a: Zygarde
|-status|p2a: Zygarde|slp|[from] move: Rest
|-heal|p2a: Zygarde|100/100 slp|[silent]
|
|-end|p2a: Zygarde|Encore
|upkeep
|turn|29
|c|☆G3n0YT|tihi
|c|☆tittertatterbitter|bruh
|inactive|tittertatterbitter has 90 seconds left.
|
|t:|1641803697
|cant|p2a: Zygarde|slp
|move|p1a: Togedemaru|Endeavor|p2a: Zygarde
|-damage|p2a: Zygarde|5/100 slp
|
|upkeep
|turn|30
|
|t:|1641803704
|move|p1a: Togedemaru|Spiky Shield|p1a: Togedemaru
|-singleturn|p1a: Togedemaru|move: Protect
|cant|p2a: Zygarde|slp
|
|upkeep
|turn|31
|
|t:|1641803709
|-curestatus|p2a: Zygarde|slp|[msg]
|move|p2a: Zygarde|Rest|p2a: Zygarde
|-status|p2a: Zygarde|slp|[from] move: Rest
|-heal|p2a: Zygarde|100/100 slp|[silent]
|move|p1a: Togedemaru|Encore|p2a: Zygarde
|-start|p2a: Zygarde|Encore
|
|upkeep
|turn|32
|
|t:|1641803718
|cant|p2a: Zygarde|slp
|move|p1a: Togedemaru|Endeavor|p2a: Zygarde
|-damage|p2a: Zygarde|5/100 slp
|
|upkeep
|turn|33
|c|☆tittertatterbitter|okay bye
|c|☆G3n0YT|bye
|inactive|tittertatterbitter has 90 seconds left.
|-message|tittertatterbitter forfeited.
|
|win|G3n0YT
|raw|tittertatterbitter's rating: 1090 &rarr; <strong>1063</strong><br />(-27 for losing)
|raw|G3n0YT's rating: 1040 &rarr; <strong>1079</strong><br />(+39 for winning)
|l|☆tittertatterbitter
