|j|☆ChicoAmaro
|j|☆8jaggery
|t:|1641841730
|gametype|singles
|player|p1|ChicoAmaro|gambler|1202
|player|p2|8jaggery|2|1182
|teamsize|p1|6
|teamsize|p2|6
|gen|8
|tier|[Gen 8] OU
|rated|
|rule|Sleep Clause Mod: Limit one foe put to sleep
|rule|Species Clause: Limit one of each Pokémon
|rule|OHKO Clause: OHKO moves are banned
|rule|Evasion Moves Clause: Evasion moves are banned
|rule|Endless Battle Clause: Forcing endless battles is banned
|rule|HP Percentage Mod: HP is shown in percentages
|rule|Dynamax Clause: You cannot dynamax
|clearpoke
|poke|p1|Slowking-Galar, F|
|poke|p1|Weavile, F|
|poke|p1|Magnezone|
|poke|p1|Garchomp, F|
|poke|p1|Corviknight, F|
|poke|p1|Urshifu-*, M|
|poke|p2|Hawlucha, M|
|poke|p2|Rillaboom, M|
|poke|p2|Heatran, F|
|poke|p2|Dragapult, F|
|poke|p2|Clefable, M|
|poke|p2|Blastoise, M|
|teampreview
|inactive|Battle timer is ON: inactive players will automatically lose when time's up. (requested by ChicoAmaro)
|
|t:|1641841745
|start
|switch|p1a: Urshifu|Urshifu-Rapid-Strike, M|100/100
|switch|p2a: Heatran|Heatran, F|100/100
|-item|p2a: Heatran|Air Balloon
|turn|1
|
|t:|1641841753
|switch|p2a: Rillaboom|Rillaboom, M|100/100
|-fieldstart|move: Grassy Terrain|[from] ability: Grassy Surge|[of] p2a: Rillaboom
|move|p1a: Urshifu|Surging Strikes|p2a: Rillaboom
|-resisted|p2a: Rillaboom
|-crit|p2a: Rillaboom
|-damage|p2a: Rillaboom|89/100
|-resisted|p2a: Rillaboom
|-crit|p2a: Rillaboom
|-damage|p2a: Rillaboom|77/100
|-resisted|p2a: Rillaboom
|-crit|p2a: Rillaboom
|-damage|p2a: Rillaboom|66/100
|-hitcount|p2a: Rillaboom|3
|
|-heal|p2a: Rillaboom|72/100|[from] Grassy Terrain
|upkeep
|turn|2
|
|t:|1641841767
|switch|p1a: Corviknight|Corviknight, F, shiny|100/100
|-ability|p1a: Corviknight|Pressure
|move|p2a: Rillaboom|Grassy Glide|p1a: Corviknight
|-resisted|p1a: Corviknight
|-damage|p1a: Corviknight|93/100
|-damage|p2a: Rillaboom|56/100|[from] item: Rocky Helmet|[of] p1a: Corviknight
|
|-heal|p2a: Rillaboom|62/100|[from] Grassy Terrain
|upkeep
|turn|3
|
|t:|1641841787
|switch|p2a: Heatran|Heatran, F|100/100
|-item|p2a: Heatran|Air Balloon
|move|p1a: Corviknight|Brave Bird|p2a: Heatran
|-resisted|p2a: Heatran
|-damage|p2a: Heatran|85/100
|-enditem|p2a: Heatran|Air Balloon
|-damage|p1a: Corviknight|88/100|[from] Recoil
|
|-heal|p2a: Heatran|91/100|[from] Grassy Terrain
|upkeep
|turn|4
|
|t:|1641841798
|switch|p1a: Urshifu|Urshifu-Rapid-Strike, M|100/100
|move|p2a: Heatran|Stealth Rock|p1a: Urshifu
|-sidestart|p1: ChicoAmaro|move: Stealth Rock
|
|-heal|p2a: Heatran|97/100|[from] Grassy Terrain
|upkeep
|turn|5
|
|t:|1641841812
|switch|p2a: Clefable|Clefable, M|100/100
|move|p1a: Urshifu|U-turn|p2a: Clefable
|-resisted|p2a: Clefable
|-damage|p2a: Clefable|80/100
|
|t:|1641841817
|switch|p1a: Magnezone|Magnezone|100/100|[from]move: U-turn
|-damage|p1a: Magnezone|94/100|[from] Stealth Rock
|
|-heal|p1a: Magnezone|100/100|[from] Grassy Terrain
|-heal|p2a: Clefable|86/100|[from] Grassy Terrain
|-heal|p2a: Clefable|92/100|[from] item: Leftovers
|-fieldend|move: Grassy Terrain
|upkeep
|turn|6
|inactive|8jaggery has 120 seconds left.
|
|t:|1641841848
|switch|p2a: Heatran|Heatran, F|97/100
|move|p1a: Magnezone|Flash Cannon|p2a: Heatran
|-resisted|p2a: Heatran
|-damage|p2a: Heatran|85/100
|
|upkeep
|turn|7
|
|t:|1641841866
|switch|p1a: Urshifu|Urshifu-Rapid-Strike, M|100/100
|-damage|p1a: Urshifu|94/100|[from] Stealth Rock
|move|p2a: Heatran|Flamethrower|p1a: Urshifu
|-resisted|p1a: Urshifu
|-damage|p1a: Urshifu|59/100
|
|upkeep
|turn|8
|
|t:|1641841876
|switch|p2a: Rillaboom|Rillaboom, M|62/100
|-fieldstart|move: Grassy Terrain|[from] ability: Grassy Surge|[of] p2a: Rillaboom
|move|p1a: Urshifu|Close Combat|p2a: Rillaboom
|-damage|p2a: Rillaboom|0 fnt
|-unboost|p1a: Urshifu|def|1
|-unboost|p1a: Urshifu|spd|1
|faint|p2a: Rillaboom
|
|-heal|p1a: Urshifu|65/100|[from] Grassy Terrain
|upkeep
|inactive|8jaggery has 120 seconds left.
|
|t:|1641841901
|switch|p2a: Hawlucha|Hawlucha, M|100/100
|-enditem|p2a: Hawlucha|Grassy Seed
|-boost|p2a: Hawlucha|def|1|[from] item: Grassy Seed
|turn|9
|
|t:|1641841907
|switch|p1a: Corviknight|Corviknight, F, shiny|88/100
|-damage|p1a: Corviknight|76/100|[from] Stealth Rock
|-ability|p1a: Corviknight|Pressure
|move|p2a: Hawlucha|Brave Bird|p1a: Corviknight
|-resisted|p1a: Corviknight
|-damage|p1a: Corviknight|59/100
|-damage|p2a: Hawlucha|84/100|[from] item: Rocky Helmet|[of] p1a: Corviknight
|-damage|p2a: Hawlucha|77/100|[from] Recoil
|
|upkeep
|turn|10
|inactive|8jaggery has 120 seconds left.
|
|t:|1641841919
|switch|p2a: Heatran|Heatran, F|85/100
|move|p1a: Corviknight|Roost|p1a: Corviknight
|-heal|p1a: Corviknight|100/100
|-singleturn|p1a: Corviknight|move: Roost
|
|-heal|p2a: Heatran|91/100|[from] Grassy Terrain
|upkeep
|turn|11
|
|t:|1641841929
|switch|p1a: Urshifu|Urshifu-Rapid-Strike, M|65/100
|-damage|p1a: Urshifu|59/100|[from] Stealth Rock
|move|p2a: Heatran|Flamethrower|p1a: Urshifu
|-resisted|p1a: Urshifu
|-damage|p1a: Urshifu|21/100
|
|-heal|p1a: Urshifu|27/100|[from] Grassy Terrain
|-heal|p2a: Heatran|97/100|[from] Grassy Terrain
|upkeep
|turn|12
|
|t:|1641841944
|switch|p2a: Blastoise|Blastoise, M|100/100
|move|p1a: Urshifu|Surging Strikes|p2a: Blastoise
|-resisted|p2a: Blastoise
|-crit|p2a: Blastoise
|-damage|p2a: Blastoise|84/100
|-resisted|p2a: Blastoise
|-crit|p2a: Blastoise
|-damage|p2a: Blastoise|68/100
|-resisted|p2a: Blastoise
|-crit|p2a: Blastoise
|-damage|p2a: Blastoise|52/100
|-hitcount|p2a: Blastoise|3
|
|-heal|p1a: Urshifu|33/100|[from] Grassy Terrain
|-heal|p2a: Blastoise|58/100|[from] Grassy Terrain
|-fieldend|move: Grassy Terrain
|upkeep
|turn|13
|
|t:|1641841957
|move|p1a: Urshifu|Surging Strikes|p2a: Blastoise
|-resisted|p2a: Blastoise
|-crit|p2a: Blastoise
|-damage|p2a: Blastoise|40/100
|-resisted|p2a: Blastoise
|-crit|p2a: Blastoise
|-damage|p2a: Blastoise|23/100
|-resisted|p2a: Blastoise
|-crit|p2a: Blastoise
|-damage|p2a: Blastoise|8/100
|-hitcount|p2a: Blastoise|3
|move|p2a: Blastoise|Shell Smash|p2a: Blastoise
|-unboost|p2a: Blastoise|def|1
|-unboost|p2a: Blastoise|spd|1
|-boost|p2a: Blastoise|atk|2
|-boost|p2a: Blastoise|spa|2
|-boost|p2a: Blastoise|spe|2
|-enditem|p2a: Blastoise|White Herb
|-clearnegativeboost|p2a: Blastoise|[silent]
|
|upkeep
|turn|14
|inactive|8jaggery has 120 seconds left.
|
|t:|1641841975
|move|p2a: Blastoise|Aura Sphere|p1a: Urshifu
|-damage|p1a: Urshifu|0 fnt
|faint|p1a: Urshifu
|
|upkeep
|
|t:|1641841979
|switch|p1a: Weavile|Weavile, F|100/100
|-ability|p1a: Weavile|Pressure
|turn|15
|inactive|8jaggery has 120 seconds left.
|
|t:|1641841995
|move|p1a: Weavile|Ice Shard|p2a: Blastoise
|-resisted|p2a: Blastoise
|-damage|p2a: Blastoise|0 fnt
|faint|p2a: Blastoise
|
|upkeep
|inactive|8jaggery has 120 seconds left.
|c|☆8jaggery|how did it outspeed?
|c|☆8jaggery|just curious
|
|t:|1641842012
|switch|p2a: Hawlucha|Hawlucha, M|77/100
|turn|16
|c|☆ChicoAmaro|ice shard is a priority move
|c|☆8jaggery|ohh
|c|☆8jaggery|thanks
|
|t:|1641842026
|move|p1a: Weavile|Ice Shard|p2a: Hawlucha
|-supereffective|p2a: Hawlucha
|-damage|p2a: Hawlucha|16/100
|move|p2a: Hawlucha|Close Combat|p1a: Weavile
|-supereffective|p1a: Weavile
|-damage|p1a: Weavile|0 fnt
|-unboost|p2a: Hawlucha|def|1
|-unboost|p2a: Hawlucha|spd|1
|faint|p1a: Weavile
|
|upkeep
|c|☆ChicoAmaro|and i just used it again
|
|t:|1641842034
|switch|p1a: Corviknight|Corviknight, F, shiny|100/100
|-damage|p1a: Corviknight|88/100|[from] Stealth Rock
|-ability|p1a: Corviknight|Pressure
|turn|17
|inactive|8jaggery has 120 seconds left.
|
|t:|1641842041
|switch|p2a: Heatran|Heatran, F|97/100
|move|p1a: Corviknight|Roost|p1a: Corviknight
|-heal|p1a: Corviknight|100/100
|-singleturn|p1a: Corviknight|move: Roost
|
|upkeep
|turn|18
|
|t:|1641842052
|switch|p1a: Garchomp|Garchomp, F, shiny|100/100
|-damage|p1a: Garchomp|94/100|[from] Stealth Rock
|move|p2a: Heatran|Flamethrower|p1a: Garchomp
|-resisted|p1a: Garchomp
|-damage|p1a: Garchomp|74/100
|
|-heal|p1a: Garchomp|80/100|[from] item: Leftovers
|upkeep
|turn|19
|inactive|8jaggery has 120 seconds left.
|
|t:|1641842069
|switch|p2a: Clefable|Clefable, M|92/100
|move|p1a: Garchomp|Earthquake|p2a: Clefable
|-damage|p2a: Clefable|42/100
|
|-heal|p1a: Garchomp|87/100|[from] item: Leftovers
|-heal|p2a: Clefable|48/100|[from] item: Leftovers
|upkeep
|turn|20
|inactive|8jaggery has 120 seconds left.
|
|t:|1641842092
|switch|p2a: Dragapult|Dragapult, F|100/100
|move|p1a: Garchomp|Earthquake|p2a: Dragapult
|-damage|p2a: Dragapult|38/100
|
|-heal|p1a: Garchomp|93/100|[from] item: Leftovers
|upkeep
|turn|21
|
|t:|1641842104
|switch|p1a: Slowking|Slowking-Galar, F, shiny|100/100
|-damage|p1a: Slowking|88/100|[from] Stealth Rock
|move|p2a: Dragapult|Draco Meteor|p1a: Slowking
|-damage|p1a: Slowking|48/100
|-unboost|p2a: Dragapult|spa|2
|-damage|p2a: Dragapult|28/100|[from] item: Life Orb
|
|upkeep
|turn|22
|inactive|8jaggery has 120 seconds left.
|
|t:|1641842125
|switch|p2a: Heatran|Heatran, F|97/100
|move|p1a: Slowking|Sludge Bomb|p2a: Heatran
|-immune|p2a: Heatran
|
|upkeep
|turn|23
|
|t:|1641842132
|switch|p1a: Garchomp|Garchomp, F, shiny|93/100
|-damage|p1a: Garchomp|87/100|[from] Stealth Rock
|move|p2a: Heatran|Flamethrower|p1a: Garchomp
|-resisted|p1a: Garchomp
|-damage|p1a: Garchomp|66/100
|
|-heal|p1a: Garchomp|72/100|[from] item: Leftovers
|upkeep
|turn|24
|
|t:|1641842152
|switch|p2a: Hawlucha|Hawlucha, M|16/100
|move|p1a: Garchomp|Stealth Rock|p2a: Hawlucha
|-sidestart|p2: 8jaggery|move: Stealth Rock
|
|-heal|p1a: Garchomp|78/100|[from] item: Leftovers
|upkeep
|turn|25
|
|t:|1641842164
|move|p1a: Garchomp|Protect|p1a: Garchomp
|-singleturn|p1a: Garchomp|Protect
|move|p2a: Hawlucha|Close Combat|p1a: Garchomp
|-activate|p1a: Garchomp|move: Protect
|
|-heal|p1a: Garchomp|84/100|[from] item: Leftovers
|upkeep
|turn|26
|
|t:|1641842175
|move|p2a: Hawlucha|Close Combat|p1a: Garchomp
|-damage|p1a: Garchomp|42/100
|-unboost|p2a: Hawlucha|def|1
|-unboost|p2a: Hawlucha|spd|1
|-damage|p2a: Hawlucha|4/100|[from] ability: Rough Skin|[of] p1a: Garchomp
|move|p1a: Garchomp|Toxic|p2a: Hawlucha
|-status|p2a: Hawlucha|tox
|
|-heal|p1a: Garchomp|48/100|[from] item: Leftovers
|-damage|p2a: Hawlucha|0 fnt|[from] psn
|faint|p2a: Hawlucha
|upkeep
|
|t:|1641842194
|switch|p2a: Dragapult|Dragapult, F|28/100
|-damage|p2a: Dragapult|16/100|[from] Stealth Rock
|turn|27
|
|t:|1641842201
|move|p1a: Garchomp|Protect|p1a: Garchomp
|-singleturn|p1a: Garchomp|Protect
|move|p2a: Dragapult|Draco Meteor|p1a: Garchomp
|-activate|p1a: Garchomp|move: Protect
|
|-heal|p1a: Garchomp|54/100|[from] item: Leftovers
|upkeep
|turn|28
|
|t:|1641842211
|switch|p1a: Slowking|Slowking-Galar, F, shiny|82/100
|-damage|p1a: Slowking|69/100|[from] Stealth Rock
|move|p2a: Dragapult|Draco Meteor|p1a: Slowking
|-damage|p1a: Slowking|33/100
|-unboost|p2a: Dragapult|spa|2
|-damage|p2a: Dragapult|6/100|[from] item: Life Orb
|
|upkeep
|turn|29
|inactive|8jaggery has 90 seconds left.
|
|t:|1641842236
|switch|p1a: Corviknight|Corviknight, F, shiny|100/100
|-damage|p1a: Corviknight|88/100|[from] Stealth Rock
|-ability|p1a: Corviknight|Pressure
|move|p2a: Dragapult|Draco Meteor|p1a: Corviknight
|-resisted|p1a: Corviknight
|-damage|p1a: Corviknight|70/100
|-unboost|p2a: Dragapult|spa|2
|-damage|p2a: Dragapult|0 fnt|[from] item: Life Orb
|faint|p2a: Dragapult
|
|upkeep
|inactive|8jaggery has 90 seconds left.
|
|t:|1641842247
|switch|p2a: Heatran|Heatran, F|97/100
|-damage|p2a: Heatran|85/100|[from] Stealth Rock
|turn|30
|inactive|8jaggery has 90 seconds left.
|
|t:|1641842257
|switch|p1a: Garchomp|Garchomp, F, shiny|54/100
|-damage|p1a: Garchomp|48/100|[from] Stealth Rock
|move|p2a: Heatran|Flamethrower|p1a: Garchomp
|-resisted|p1a: Garchomp
|-damage|p1a: Garchomp|28/100
|
|-heal|p1a: Garchomp|34/100|[from] item: Leftovers
|upkeep
|turn|31
|inactive|8jaggery has 90 seconds left.
|
|t:|1641842268
|switch|p2a: Clefable|Clefable, M|48/100
|-damage|p2a: Clefable|36/100|[from] Stealth Rock
|move|p1a: Garchomp|Earthquake|p2a: Clefable
|-damage|p2a: Clefable|0 fnt
|faint|p2a: Clefable
|
|-heal|p1a: Garchomp|40/100|[from] item: Leftovers
|upkeep
|inactive|8jaggery has 90 seconds left.
|
|t:|1641842276
|switch|p2a: Heatran|Heatran, F|85/100
|-damage|p2a: Heatran|72/100|[from] Stealth Rock
|turn|32
|
|t:|1641842283
|move|p1a: Garchomp|Protect|p1a: Garchomp
|-singleturn|p1a: Garchomp|Protect
|move|p2a: Heatran|Earth Power|p1a: Garchomp
|-activate|p1a: Garchomp|move: Protect
|
|-heal|p1a: Garchomp|47/100|[from] item: Leftovers
|upkeep
|turn|33
|
|t:|1641842291
|move|p1a: Garchomp|Earthquake|p2a: Heatran
|-supereffective|p2a: Heatran
|-damage|p2a: Heatran|0 fnt
|faint|p2a: Heatran
|
|win|ChicoAmaro
|raw|ChicoAmaro's rating: 1202 &rarr; <strong>1226</strong><br />(+24 for winning)
|raw|8jaggery's rating: 1182 &rarr; <strong>1158</strong><br />(-24 for losing)
