|j|☆Snailccino
|j|☆8jaggery
|t:|1641725309
|gametype|singles
|player|p1|Snailccino|n|1195
|player|p2|8jaggery|102|1217
|teamsize|p1|6
|teamsize|p2|6
|gen|8
|tier|[Gen 8] OU
|rated|
|rule|Sleep Clause Mod: Limit one foe put to sleep
|rule|Species Clause: Limit one of each Pokémon
|rule|OHKO Clause: OHKO moves are banned
|rule|Evasion Moves Clause: Evasion moves are banned
|rule|Endless Battle Clause: Forcing endless battles is banned
|rule|HP Percentage Mod: HP is shown in percentages
|rule|Dynamax Clause: You cannot dynamax
|clearpoke
|poke|p1|Gastrodon, F|
|poke|p1|Gengar, F|
|poke|p1|Hydreigon, F|
|poke|p1|Zeraora|
|poke|p1|Ferrothorn, F|
|poke|p1|Corviknight, M|
|poke|p2|Hawlucha, F|
|poke|p2|Rillaboom, M|
|poke|p2|Heatran, F|
|poke|p2|Dragapult, M|
|poke|p2|Clefable, F|
|poke|p2|Blastoise, F|
|teampreview
|inactive|Battle timer is ON: inactive players will automatically lose when time's up. (requested by Snailccino)
|
|t:|1641725317
|start
|switch|p1a: Ferrothorn|Ferrothorn, F|100/100
|switch|p2a: Rillaboom|Rillaboom, M|100/100
|-fieldstart|move: Grassy Terrain|[from] ability: Grassy Surge|[of] p2a: Rillaboom
|turn|1
|
|t:|1641725326
|move|p2a: Rillaboom|Taunt|p1a: Ferrothorn
|-start|p1a: Ferrothorn|move: Taunt
|cant|p1a: Ferrothorn|move: Taunt|Stealth Rock
|
|upkeep
|turn|2
|
|t:|1641725332
|move|p2a: Rillaboom|High Horsepower|p1a: Ferrothorn
|-damage|p1a: Ferrothorn|79/100
|-damage|p2a: Rillaboom|88/100|[from] ability: Iron Barbs|[of] p1a: Ferrothorn
|-damage|p2a: Rillaboom|71/100|[from] item: Rocky Helmet|[of] p1a: Ferrothorn
|move|p1a: Ferrothorn|Gyro Ball|p2a: Rillaboom
|-damage|p2a: Rillaboom|41/100
|
|-heal|p2a: Rillaboom|47/100|[from] Grassy Terrain
|-heal|p1a: Ferrothorn|86/100|[from] Grassy Terrain
|upkeep
|turn|3
|
|t:|1641725343
|switch|p2a: Heatran|Heatran, F|100/100
|-item|p2a: Heatran|Air Balloon
|move|p1a: Ferrothorn|Gyro Ball|p2a: Heatran
|-resisted|p2a: Heatran
|-damage|p2a: Heatran|94/100
|-enditem|p2a: Heatran|Air Balloon
|
|-heal|p2a: Heatran|99/100|[from] Grassy Terrain
|-heal|p1a: Ferrothorn|92/100|[from] Grassy Terrain
|-end|p1a: Ferrothorn|move: Taunt
|upkeep
|turn|4
|
|t:|1641725355
|switch|p1a: Gastrodon|Gastrodon, F|100/100
|move|p2a: Heatran|Flamethrower|p1a: Gastrodon
|-resisted|p1a: Gastrodon
|-damage|p1a: Gastrodon|84/100
|
|-heal|p2a: Heatran|100/100|[from] Grassy Terrain
|-heal|p1a: Gastrodon|90/100|[from] Grassy Terrain
|-heal|p1a: Gastrodon|96/100|[from] item: Leftovers
|upkeep
|turn|5
|
|t:|1641725371
|switch|p2a: Rillaboom|Rillaboom, M|47/100
|move|p1a: Gastrodon|Earth Power|p2a: Rillaboom
|-resisted|p2a: Rillaboom
|-damage|p2a: Rillaboom|31/100
|
|-heal|p2a: Rillaboom|37/100|[from] Grassy Terrain
|-heal|p1a: Gastrodon|100/100|[from] Grassy Terrain
|-fieldend|move: Grassy Terrain
|upkeep
|turn|6
|
|t:|1641725381
|switch|p1a: Ferrothorn|Ferrothorn, F|92/100
|move|p2a: Rillaboom|Grassy Glide|p1a: Ferrothorn
|-resisted|p1a: Ferrothorn
|-damage|p1a: Ferrothorn|85/100
|-damage|p2a: Rillaboom|25/100|[from] ability: Iron Barbs|[of] p1a: Ferrothorn
|-damage|p2a: Rillaboom|8/100|[from] item: Rocky Helmet|[of] p1a: Ferrothorn
|
|upkeep
|turn|7
|
|t:|1641725392
|switch|p2a: Heatran|Heatran, F|100/100
|move|p1a: Ferrothorn|Stealth Rock|p2a: Heatran
|-sidestart|p2: 8jaggery|move: Stealth Rock
|
|upkeep
|turn|8
|
|t:|1641725397
|switch|p1a: Gastrodon|Gastrodon, F|100/100
|move|p2a: Heatran|Stealth Rock|p1a: Gastrodon
|-sidestart|p1: Snailccino|move: Stealth Rock
|
|upkeep
|turn|9
|
|t:|1641725409
|switch|p2a: Hawlucha|Hawlucha, F|100/100
|-damage|p2a: Hawlucha|88/100|[from] Stealth Rock
|move|p1a: Gastrodon|Earth Power|p2a: Hawlucha
|-immune|p2a: Hawlucha
|
|upkeep
|turn|10
|
|t:|1641725417
|move|p2a: Hawlucha|Swords Dance|p2a: Hawlucha
|-boost|p2a: Hawlucha|atk|2
|move|p1a: Gastrodon|Surf|p2a: Hawlucha
|-damage|p2a: Hawlucha|40/100
|
|upkeep
|turn|11
|
|t:|1641725433
|move|p2a: Hawlucha|Close Combat|p1a: Gastrodon
|-damage|p1a: Gastrodon|0 fnt
|-unboost|p2a: Hawlucha|def|1
|-unboost|p2a: Hawlucha|spd|1
|faint|p1a: Gastrodon
|
|upkeep
|
|t:|1641725444
|switch|p1a: Zeraora|Zeraora|100/100
|-damage|p1a: Zeraora|88/100|[from] Stealth Rock
|turn|12
|
|t:|1641725464
|switch|p2a: Rillaboom|Rillaboom, M|8/100
|-damage|p2a: Rillaboom|0 fnt|[from] Stealth Rock
|faint|p2a: Rillaboom
|move|p1a: Zeraora|Plasma Fists|p2: Rillaboom|[notarget]
|-fail|p1a: Zeraora
|
|-heal|p1a: Zeraora|94/100|[from] item: Leftovers
|upkeep
|
|t:|1641725479
|switch|p2a: Heatran|Heatran, F|100/100
|-damage|p2a: Heatran|88/100|[from] Stealth Rock
|turn|13
|
|t:|1641725505
|switch|p1a: Hydreigon|Hydreigon, F|100/100
|-damage|p1a: Hydreigon|88/100|[from] Stealth Rock
|move|p2a: Heatran|Earth Power|p1a: Hydreigon
|-immune|p1a: Hydreigon|[from] ability: Levitate
|
|upkeep
|turn|14
|inactive|Snailccino has 120 seconds left.
|
|t:|1641725529
|switch|p2a: Clefable|Clefable, F|100/100
|-damage|p2a: Clefable|88/100|[from] Stealth Rock
|move|p1a: Hydreigon|Dark Pulse|p2a: Clefable
|-resisted|p2a: Clefable
|-damage|p2a: Clefable|72/100
|
|-heal|p2a: Clefable|78/100|[from] item: Leftovers
|upkeep
|turn|15
|inactive|Snailccino has 120 seconds left.
|inactive|8jaggery has 120 seconds left.
|
|t:|1641725554
|switch|p1a: Gengar|Gengar, F|100/100
|-damage|p1a: Gengar|88/100|[from] Stealth Rock
|move|p2a: Clefable|Moonblast|p1a: Gengar
|-resisted|p1a: Gengar
|-damage|p1a: Gengar|61/100
|
|-heal|p1a: Gengar|67/100|[from] item: Leftovers
|-heal|p2a: Clefable|84/100|[from] item: Leftovers
|upkeep
|turn|16
|inactive|Snailccino has 120 seconds left.
|inactive|8jaggery has 120 seconds left.
|
|t:|1641725574
|move|p1a: Gengar|Sludge Bomb|p2a: Clefable
|-supereffective|p2a: Clefable
|-damage|p2a: Clefable|20/100
|move|p2a: Clefable|Psychic|p1a: Gengar
|-supereffective|p1a: Gengar
|-damage|p1a: Gengar|5/100
|
|-heal|p1a: Gengar|11/100|[from] item: Leftovers
|-heal|p2a: Clefable|26/100|[from] item: Leftovers
|upkeep
|turn|17
|inactive|8jaggery has 120 seconds left.
|
|t:|1641725586
|switch|p2a: Heatran|Heatran, F|88/100
|-damage|p2a: Heatran|76/100|[from] Stealth Rock
|move|p1a: Gengar|Sludge Bomb|p2a: Heatran
|-immune|p2a: Heatran
|
|-heal|p1a: Gengar|17/100|[from] item: Leftovers
|upkeep
|turn|18
|inactive|8jaggery has 120 seconds left.
|
|t:|1641725600
|switch|p1a: Hydreigon|Hydreigon, F|88/100
|-damage|p1a: Hydreigon|76/100|[from] Stealth Rock
|move|p2a: Heatran|Flamethrower|p1a: Hydreigon
|-resisted|p1a: Hydreigon
|-damage|p1a: Hydreigon|53/100
|
|upkeep
|turn|19
|inactive|8jaggery has 120 seconds left.
|
|t:|1641725626
|switch|p2a: Blastoise|Blastoise, F|100/100
|-damage|p2a: Blastoise|88/100|[from] Stealth Rock
|move|p1a: Hydreigon|Dark Pulse|p2a: Blastoise
|-damage|p2a: Blastoise|42/100
|
|upkeep
|turn|20
|
|t:|1641725634
|move|p1a: Hydreigon|Dark Pulse|p2a: Blastoise
|-damage|p2a: Blastoise|0 fnt
|faint|p2a: Blastoise
|
|upkeep
|
|t:|1641725640
|switch|p2a: Dragapult|Dragapult, M|100/100
|-damage|p2a: Dragapult|88/100|[from] Stealth Rock
|turn|21
|
|t:|1641725651
|switch|p1a: Ferrothorn|Ferrothorn, F|85/100
|-damage|p1a: Ferrothorn|79/100|[from] Stealth Rock
|move|p2a: Dragapult|U-turn|p1a: Ferrothorn
|-damage|p1a: Ferrothorn|65/100
|-damage|p2a: Dragapult|76/100|[from] ability: Iron Barbs|[of] p1a: Ferrothorn
|-damage|p2a: Dragapult|59/100|[from] item: Rocky Helmet|[of] p1a: Ferrothorn
|-damage|p2a: Dragapult|50/100|[from] item: Life Orb
|
|t:|1641725663
|switch|p2a: Heatran|Heatran, F|76/100|[from]move: U-turn
|-damage|p2a: Heatran|63/100|[from] Stealth Rock
|
|upkeep
|turn|22
|
|t:|1641725672
|switch|p1a: Hydreigon|Hydreigon, F|53/100
|-damage|p1a: Hydreigon|41/100|[from] Stealth Rock
|move|p2a: Heatran|Flash Cannon|p1a: Hydreigon
|-damage|p1a: Hydreigon|0 fnt
|faint|p1a: Hydreigon
|
|upkeep
|
|t:|1641725685
|switch|p1a: Gengar|Gengar, F|17/100
|-damage|p1a: Gengar|5/100|[from] Stealth Rock
|turn|23
|
|t:|1641725694
|move|p1a: Gengar|Shadow Ball|p2a: Heatran
|-damage|p2a: Heatran|28/100
|move|p2a: Heatran|Flamethrower|p1a: Gengar
|-damage|p1a: Gengar|0 fnt
|faint|p1a: Gengar
|
|upkeep
|
|t:|1641725698
|switch|p1a: Zeraora|Zeraora|94/100
|-damage|p1a: Zeraora|82/100|[from] Stealth Rock
|turn|24
|inactive|8jaggery has 120 seconds left.
|
|t:|1641725718
|switch|p2a: Clefable|Clefable, F|26/100
|-damage|p2a: Clefable|13/100|[from] Stealth Rock
|move|p1a: Zeraora|Close Combat|p2a: Clefable
|-resisted|p2a: Clefable
|-damage|p2a: Clefable|0 fnt
|-unboost|p1a: Zeraora|def|1
|-unboost|p1a: Zeraora|spd|1
|faint|p2a: Clefable
|
|-heal|p1a: Zeraora|88/100|[from] item: Leftovers
|upkeep
|
|t:|1641725729
|switch|p2a: Hawlucha|Hawlucha, F|40/100
|-damage|p2a: Hawlucha|27/100|[from] Stealth Rock
|turn|25
|c|☆Snailccino|!dt unburden
|raw|<ul class="utilichart"><li class="result"><span class="col namecol"><a href="https://dex.pokemonshowdown.com/abilities/unburden">Unburden</a></span> <span class="col abilitydesccol">Speed is doubled on held item loss; boost is lost if it switches, gets new item/Ability.</span> </li><li style="clear:both"></li></ul>
|raw|<font size="1"><font color="#686868">Gen:</font> 4</font>

|inactive|Snailccino has 120 seconds left.
|
|t:|1641725775
|switch|p1a: Corviknight|Corviknight, M|100/100
|-damage|p1a: Corviknight|88/100|[from] Stealth Rock
|move|p2a: Hawlucha|Close Combat|p1a: Corviknight
|-damage|p1a: Corviknight|54/100
|-unboost|p2a: Hawlucha|def|1
|-unboost|p2a: Hawlucha|spd|1
|
|-heal|p1a: Corviknight|60/100|[from] item: Leftovers
|upkeep
|turn|26
|
|t:|1641725788
|switch|p2a: Heatran|Heatran, F|28/100
|-damage|p2a: Heatran|16/100|[from] Stealth Rock
|move|p1a: Corviknight|Body Press|p2a: Heatran
|-supereffective|p2a: Heatran
|-damage|p2a: Heatran|0 fnt
|faint|p2a: Heatran
|
|-heal|p1a: Corviknight|66/100|[from] item: Leftovers
|upkeep
|inactive|8jaggery has 90 seconds left.
|
|t:|1641725811
|switch|p2a: Dragapult|Dragapult, M|50/100
|-damage|p2a: Dragapult|37/100|[from] Stealth Rock
|turn|27
|inactive|8jaggery has 90 seconds left.
|
|t:|1641725817
|move|p2a: Dragapult|Scald|p1a: Corviknight
|-damage|p1a: Corviknight|37/100
|-status|p1a: Corviknight|brn
|-damage|p2a: Dragapult|28/100|[from] item: Life Orb
|move|p1a: Corviknight|Drill Peck|p2a: Dragapult
|-damage|p2a: Dragapult|8/100
|
|-heal|p1a: Corviknight|44/100 brn|[from] item: Leftovers
|-damage|p1a: Corviknight|37/100 brn|[from] brn
|upkeep
|turn|28
|inactive|Snailccino has 120 seconds left.
|inactive|8jaggery has 90 seconds left.
|
|t:|1641725828
|move|p2a: Dragapult|Scald|p1a: Corviknight
|-damage|p1a: Corviknight|8/100 brn
|-damage|p2a: Dragapult|0 fnt|[from] item: Life Orb
|faint|p2a: Dragapult
|move|p1a: Corviknight|Drill Peck|p2: Dragapult|[notarget]
|-fail|p1a: Corviknight
|
|-heal|p1a: Corviknight|15/100 brn|[from] item: Leftovers
|-damage|p1a: Corviknight|8/100 brn|[from] brn
|upkeep
|inactive|8jaggery has 90 seconds left.
|
|t:|1641725838
|switch|p2a: Hawlucha|Hawlucha, F|27/100
|-damage|p2a: Hawlucha|15/100|[from] Stealth Rock
|turn|29
|inactive|8jaggery has 90 seconds left.
|
|t:|1641725849
|move|p2a: Hawlucha|Throat Chop|p1a: Corviknight
|-damage|p1a: Corviknight|0 fnt
|faint|p1a: Corviknight
|
|upkeep
|
|t:|1641725854
|switch|p1a: Ferrothorn|Ferrothorn, F|65/100
|-damage|p1a: Ferrothorn|58/100|[from] Stealth Rock
|turn|30
|
|t:|1641725866
|move|p2a: Hawlucha|Close Combat|p1a: Ferrothorn
|-supereffective|p1a: Ferrothorn
|-damage|p1a: Ferrothorn|0 fnt
|-unboost|p2a: Hawlucha|def|1
|-unboost|p2a: Hawlucha|spd|1
|-damage|p2a: Hawlucha|2/100|[from] ability: Iron Barbs|[of] p1a: Ferrothorn
|-damage|p2a: Hawlucha|0 fnt|[from] item: Rocky Helmet|[of] p1a: Ferrothorn
|faint|p1a: Ferrothorn
|faint|p2a: Hawlucha
|
|win|Snailccino
|raw|Snailccino's rating: 1195 &rarr; <strong>1222</strong><br />(+27 for winning)
|raw|8jaggery's rating: 1217 &rarr; <strong>1190</strong><br />(-27 for losing)
