|j|☆shade hare
|j|☆Gastly 2022
|t:|1641870562
|gametype|singles
|player|p1|shade hare|schoolkid|1155
|player|p2|Gastly 2022|roxie|1211
|teamsize|p1|6
|teamsize|p2|6
|gen|8
|tier|[Gen 8] OU
|rated|
|rule|Sleep Clause Mod: Limit one foe put to sleep
|rule|Species Clause: Limit one of each Pokémon
|rule|OHKO Clause: OHKO moves are banned
|rule|Evasion Moves Clause: Evasion moves are banned
|rule|Endless Battle Clause: Forcing endless battles is banned
|rule|HP Percentage Mod: HP is shown in percentages
|rule|Dynamax Clause: You cannot dynamax
|clearpoke
|poke|p1|Persian-Alola, F|
|poke|p1|Raikou|
|poke|p1|Mienshao, F|
|poke|p1|Mew|
|poke|p1|Jigglypuff, M|
|poke|p1|Ditto|
|poke|p2|Landorus-Therian, M|
|poke|p2|Tapu Lele|
|poke|p2|Alakazam, M|
|poke|p2|Ferrothorn, M|
|poke|p2|Moltres-Galar|
|poke|p2|Toxapex, M|
|teampreview
|
|t:|1641870596
|start
|switch|p1a: furball|Jigglypuff, M|100/100
|switch|p2a: Tapu Lele|Tapu Lele|100/100
|-fieldstart|move: Psychic Terrain|[from] ability: Psychic Surge|[of] p2a: Tapu Lele
|turn|1
|
|t:|1641870612
|move|p2a: Tapu Lele|Psychic|p1a: furball
|-enditem|p1a: furball|Focus Sash
|-damage|p1a: furball|1/100
|move|p1a: furball|Stealth Rock|p2a: Tapu Lele
|-sidestart|p2: Gastly 2022|move: Stealth Rock
|
|upkeep
|turn|2
|
|t:|1641870617
|move|p2a: Tapu Lele|Psychic|p1a: furball
|-damage|p1a: furball|0 fnt
|faint|p1a: furball
|
|upkeep
|
|t:|1641870620
|switch|p1a: microwaved cat|Ditto|100/100
|-transform|p1a: microwaved cat|p2a: Tapu Lele|[from] ability: Imposter
|turn|3
|
|t:|1641870647
|switch|p2a: Alakazam|Alakazam, M|100/100
|move|p1a: microwaved cat|Moonblast|p2a: Alakazam
|-damage|p2a: Alakazam|28/100
|-unboost|p2a: Alakazam|spa|1
|
|upkeep
|turn|4
|
|t:|1641870678
|move|p1a: microwaved cat|Moonblast|p2a: Alakazam
|-damage|p2a: Alakazam|0 fnt
|faint|p2a: Alakazam
|
|upkeep
|
|t:|1641870685
|switch|p2a: Ferrothorn|Ferrothorn, M|100/100
|-damage|p2a: Ferrothorn|94/100|[from] Stealth Rock
|turn|5
|
|t:|1641870703
|switch|p1a: purrrr|Mienshao, F|100/100
|move|p2a: Ferrothorn|Power Whip|p1a: purrrr
|-damage|p1a: purrrr|22/100
|
|-heal|p2a: Ferrothorn|100/100|[from] item: Leftovers
|-fieldend|move: Psychic Terrain
|upkeep
|turn|6
|
|t:|1641870721
|switch|p2a: Landorus|Landorus-Therian, M|100/100
|-damage|p2a: Landorus|88/100|[from] Stealth Rock
|-ability|p2a: Landorus|Intimidate|boost
|-unboost|p1a: purrrr|atk|1
|move|p1a: purrrr|Drain Punch|p2a: Landorus
|-resisted|p2a: Landorus
|-damage|p2a: Landorus|79/100
|-heal|p1a: purrrr|28/100|[from] drain|[of] p2a: Landorus
|
|-heal|p2a: Landorus|85/100|[from] item: Leftovers
|upkeep
|turn|7
|
|t:|1641870734
|move|p1a: purrrr|U-turn|p2a: Landorus
|-resisted|p2a: Landorus
|-damage|p2a: Landorus|79/100
|
|t:|1641870737
|switch|p1a: microwaved cat|Ditto|100/100|[from]move: U-turn
|-transform|p1a: microwaved cat|p2a: Landorus|[from] ability: Imposter
|-ability|p1a: microwaved cat|Intimidate|boost
|-unboost|p2a: Landorus|atk|1
|move|p2a: Landorus|Toxic|p1a: microwaved cat
|-status|p1a: microwaved cat|tox
|
|-heal|p2a: Landorus|85/100|[from] item: Leftovers
|-damage|p1a: microwaved cat|94/100 tox|[from] psn
|upkeep
|turn|8
|
|t:|1641870750
|move|p1a: microwaved cat|U-turn|p2a: Landorus
|-resisted|p2a: Landorus
|-damage|p2a: Landorus|76/100
|
|t:|1641870757
|switch|p1a: purrrr|Mienshao, F|61/100|[from]move: U-turn
|move|p2a: Landorus|Stealth Rock|p1a: purrrr
|-sidestart|p1: shade hare|move: Stealth Rock
|
|-heal|p2a: Landorus|82/100|[from] item: Leftovers
|upkeep
|turn|9
|
|t:|1641870763
|move|p1a: purrrr|Fake Out|p2a: Landorus
|-damage|p2a: Landorus|73/100
|cant|p2a: Landorus|flinch
|
|-heal|p2a: Landorus|79/100|[from] item: Leftovers
|upkeep
|turn|10
|
|t:|1641870767
|move|p1a: purrrr|U-turn|p2a: Landorus
|-resisted|p2a: Landorus
|-damage|p2a: Landorus|70/100
|
|t:|1641870773
|switch|p1a: fancy feast|Mew|100/100|[from]move: U-turn
|-damage|p1a: fancy feast|88/100|[from] Stealth Rock
|move|p2a: Landorus|Toxic|p1a: fancy feast
|-status|p1a: fancy feast|tox
|-activate|p1a: fancy feast|ability: Synchronize
|-status|p2a: Landorus|tox
|
|-heal|p2a: Landorus|76/100 tox|[from] item: Leftovers
|-damage|p2a: Landorus|70/100 tox|[from] psn
|-damage|p1a: fancy feast|82/100 tox|[from] psn
|upkeep
|turn|11
|
|t:|1641870785
|move|p2a: Landorus|U-turn|p1a: fancy feast
|-supereffective|p1a: fancy feast
|-damage|p1a: fancy feast|63/100 tox
|-damage|p2a: Landorus|54/100 tox|[from] item: Rocky Helmet|[of] p1a: fancy feast
|
|t:|1641870790
|switch|p2a: Ferrothorn|Ferrothorn, M|100/100|[from]move: U-turn
|-damage|p2a: Ferrothorn|94/100|[from] Stealth Rock
|move|p1a: fancy feast|Defog|p2a: Ferrothorn
|-unboost|p2a: Ferrothorn|evasion|1
|-sideend|p2: Gastly 2022|Stealth Rock|[from] move: Defog|[of] p1a: fancy feast
|-sideend|p1: shade hare|Stealth Rock|[from] move: Defog|[of] p1a: fancy feast
|
|-heal|p2a: Ferrothorn|100/100|[from] item: Leftovers
|-damage|p1a: fancy feast|51/100 tox|[from] psn
|upkeep
|turn|12
|
|t:|1641870794
|move|p1a: fancy feast|Will-O-Wisp|p2a: Ferrothorn
|-status|p2a: Ferrothorn|brn
|move|p2a: Ferrothorn|Knock Off|p1a: fancy feast
|-supereffective|p1a: fancy feast
|-damage|p1a: fancy feast|37/100 tox
|-damage|p2a: Ferrothorn|84/100 brn|[from] item: Rocky Helmet|[of] p1a: fancy feast
|-enditem|p1a: fancy feast|Rocky Helmet|[from] move: Knock Off|[of] p2a: Ferrothorn
|
|-heal|p2a: Ferrothorn|90/100 brn|[from] item: Leftovers
|-damage|p1a: fancy feast|19/100 tox|[from] psn
|-damage|p2a: Ferrothorn|84/100 brn|[from] brn
|upkeep
|turn|13
|
|t:|1641870802
|move|p1a: fancy feast|Roost|p1a: fancy feast
|-heal|p1a: fancy feast|69/100 tox
|-singleturn|p1a: fancy feast|move: Roost
|move|p2a: Ferrothorn|Leech Seed|p1a: fancy feast|[miss]
|-miss|p2a: Ferrothorn|p1a: fancy feast
|
|-heal|p2a: Ferrothorn|90/100 brn|[from] item: Leftovers
|-damage|p1a: fancy feast|44/100 tox|[from] psn
|-damage|p2a: Ferrothorn|84/100 brn|[from] brn
|upkeep
|turn|14
|
|t:|1641870807
|switch|p1a: microwaved cat|Ditto|94/100 tox
|-transform|p1a: microwaved cat|p2a: Ferrothorn|[from] ability: Imposter
|move|p2a: Ferrothorn|Power Whip|p1a: microwaved cat
|-resisted|p1a: microwaved cat
|-damage|p1a: microwaved cat|91/100 tox
|-damage|p2a: Ferrothorn|72/100 brn|[from] ability: Iron Barbs|[of] p1a: microwaved cat
|
|-heal|p2a: Ferrothorn|78/100 brn|[from] item: Leftovers
|-damage|p1a: microwaved cat|85/100 tox|[from] psn
|-damage|p2a: Ferrothorn|72/100 brn|[from] brn
|upkeep
|turn|15
|
|t:|1641870818
|switch|p1a: purrrr|Mienshao, F|95/100
|move|p2a: Ferrothorn|Knock Off|p1a: purrrr
|-resisted|p1a: purrrr
|-damage|p1a: purrrr|84/100
|-enditem|p1a: purrrr|Focus Sash|[from] move: Knock Off|[of] p2a: Ferrothorn
|
|-heal|p2a: Ferrothorn|78/100 brn|[from] item: Leftovers
|-damage|p2a: Ferrothorn|72/100 brn|[from] brn
|upkeep
|turn|16
|
|t:|1641870828
|switch|p2a: Landorus|Landorus-Therian, M|54/100 tox
|-ability|p2a: Landorus|Intimidate|boost
|-unboost|p1a: purrrr|atk|1
|move|p1a: purrrr|Drain Punch|p2a: Landorus
|-resisted|p2a: Landorus
|-damage|p2a: Landorus|43/100 tox
|-heal|p1a: purrrr|91/100|[from] drain|[of] p2a: Landorus
|
|-heal|p2a: Landorus|49/100 tox|[from] item: Leftovers
|-damage|p2a: Landorus|43/100 tox|[from] psn
|upkeep
|turn|17
|
|t:|1641870839
|move|p1a: purrrr|U-turn|p2a: Landorus
|-resisted|p2a: Landorus
|-damage|p2a: Landorus|37/100 tox
|
|t:|1641870843
|switch|p1a: fancy feast|Mew|44/100 tox|[from]move: U-turn
|move|p2a: Landorus|U-turn|p1a: fancy feast
|-supereffective|p1a: fancy feast
|-damage|p1a: fancy feast|18/100 tox
|
|t:|1641870848
|switch|p2a: Moltres|Moltres-Galar|100/100|[from]move: U-turn
|
|-damage|p1a: fancy feast|12/100 tox|[from] psn
|upkeep
|turn|18
|
|t:|1641870856
|move|p2a: Moltres|Agility|p2a: Moltres
|-boost|p2a: Moltres|spe|2
|move|p1a: fancy feast|Will-O-Wisp|p2a: Moltres
|-status|p2a: Moltres|brn
|
|-damage|p1a: fancy feast|0 fnt|[from] psn
|faint|p1a: fancy feast
|-damage|p2a: Moltres|94/100 brn|[from] brn
|upkeep
|
|t:|1641870858
|switch|p1a: pspspsps|Raikou|100/100
|turn|19
|
|t:|1641870909
|switch|p2a: Landorus|Landorus-Therian, M|37/100 tox
|-ability|p2a: Landorus|Intimidate|boost
|-fail|p1a: pspspsps|unboost|Attack|[from] ability: Inner Focus|[of] p1a: pspspsps
|move|p1a: pspspsps|Discharge|p2a: Landorus
|-immune|p2a: Landorus
|
|-heal|p2a: Landorus|43/100 tox|[from] item: Leftovers
|-damage|p2a: Landorus|37/100 tox|[from] psn
|upkeep
|turn|20
|
|t:|1641870919
|move|p1a: pspspsps|Scald|p2a: Landorus
|-supereffective|p2a: Landorus
|-damage|p2a: Landorus|0 fnt
|faint|p2a: Landorus
|
|upkeep
|
|t:|1641870927
|switch|p2a: Tapu Lele|Tapu Lele|100/100
|-fieldstart|move: Psychic Terrain|[from] ability: Psychic Surge|[of] p2a: Tapu Lele
|turn|21
|
|t:|1641870936
|move|p1a: pspspsps|Volt Switch|p2a: Tapu Lele
|-damage|p2a: Tapu Lele|67/100
|
|t:|1641870944
|switch|p1a: mrow|Persian-Alola, F|100/100|[from]move: Volt Switch
|move|p2a: Tapu Lele|Psyshock|p1a: mrow
|-immune|p1a: mrow
|
|upkeep
|turn|22
|
|t:|1641870954
|switch|p2a: Moltres|Moltres-Galar|94/100 brn
|move|p1a: mrow|Substitute|p1a: mrow
|-start|p1a: mrow|Substitute
|-damage|p1a: mrow|76/100
|
|-heal|p1a: mrow|82/100|[from] item: Leftovers
|-damage|p2a: Moltres|88/100 brn|[from] brn
|upkeep
|turn|23
|
|t:|1641870958
|move|p1a: mrow|Knock Off|p2a: Moltres
|-resisted|p2a: Moltres
|-crit|p2a: Moltres
|-damage|p2a: Moltres|69/100 brn
|-enditem|p2a: Moltres|Weakness Policy|[from] move: Knock Off|[of] p1a: mrow
|move|p2a: Moltres|Agility|p2a: Moltres
|-boost|p2a: Moltres|spe|2
|
|-heal|p1a: mrow|88/100|[from] item: Leftovers
|-damage|p2a: Moltres|63/100 brn|[from] brn
|upkeep
|turn|24
|
|t:|1641870970
|move|p2a: Moltres|Nasty Plot|p2a: Moltres
|-boost|p2a: Moltres|spa|2
|move|p1a: mrow|Parting Shot|p2a: Moltres
|-unboost|p2a: Moltres|atk|1
|-unboost|p2a: Moltres|spa|1
|
|t:|1641870978
|switch|p1a: pspspsps|Raikou|100/100|[from]move: Parting Shot
|
|-damage|p2a: Moltres|57/100 brn|[from] brn
|upkeep
|turn|25
|
|t:|1641870984
|move|p2a: Moltres|Fiery Wrath|p1a: pspspsps
|-damage|p1a: pspspsps|55/100
|move|p1a: pspspsps|Discharge|p2a: Moltres
|-supereffective|p2a: Moltres
|-damage|p2a: Moltres|0 fnt
|faint|p2a: Moltres
|
|-fieldend|move: Psychic Terrain
|upkeep
|
|t:|1641870989
|switch|p2a: Tapu Lele|Tapu Lele|67/100
|-fieldstart|move: Psychic Terrain|[from] ability: Psychic Surge|[of] p2a: Tapu Lele
|turn|26
|
|t:|1641871002
|move|p1a: pspspsps|Discharge|p2a: Tapu Lele
|-damage|p2a: Tapu Lele|26/100
|move|p2a: Tapu Lele|Moonblast|p1a: pspspsps
|-damage|p1a: pspspsps|0 fnt
|faint|p1a: pspspsps
|
|upkeep
|
|t:|1641871007
|switch|p1a: microwaved cat|Ditto|85/100 tox
|-transform|p1a: microwaved cat|p2a: Tapu Lele|[from] ability: Imposter
|turn|27
|
|t:|1641871012
|switch|p2a: Ferrothorn|Ferrothorn, M|72/100 brn
|move|p1a: microwaved cat|Psychic|p2a: Ferrothorn
|-resisted|p2a: Ferrothorn
|-damage|p2a: Ferrothorn|44/100 brn
|
|-heal|p2a: Ferrothorn|50/100 brn|[from] item: Leftovers
|-damage|p1a: microwaved cat|79/100 tox|[from] psn
|-damage|p2a: Ferrothorn|44/100 brn|[from] brn
|upkeep
|turn|28
|
|t:|1641871020
|move|p1a: microwaved cat|Psychic|p2a: Ferrothorn
|-resisted|p2a: Ferrothorn
|-damage|p2a: Ferrothorn|17/100 brn
|move|p2a: Ferrothorn|Knock Off|p1a: microwaved cat
|-crit|p1a: microwaved cat
|-damage|p1a: microwaved cat|57/100 tox
|-enditem|p1a: microwaved cat|Choice Scarf|[from] move: Knock Off|[of] p2a: Ferrothorn
|
|-heal|p2a: Ferrothorn|23/100 brn|[from] item: Leftovers
|-damage|p1a: microwaved cat|45/100 tox|[from] psn
|-damage|p2a: Ferrothorn|17/100 brn|[from] brn
|upkeep
|turn|29
|
|t:|1641871031
|move|p1a: microwaved cat|Psychic|p2a: Ferrothorn
|-resisted|p2a: Ferrothorn
|-damage|p2a: Ferrothorn|0 fnt
|faint|p2a: Ferrothorn
|
|-damage|p1a: microwaved cat|27/100 tox|[from] psn
|upkeep
|
|t:|1641871038
|switch|p2a: Toxapex|Toxapex, M|100/100
|turn|30
|
|t:|1641871043
|switch|p1a: mrow|Persian-Alola, F|88/100
|move|p2a: Toxapex|Recover||[still]
|-fail|p2a: Toxapex|heal
|
|-heal|p1a: mrow|94/100|[from] item: Leftovers
|-fieldend|move: Psychic Terrain
|upkeep
|turn|31
|
|t:|1641871049
|move|p1a: mrow|Substitute|p1a: mrow
|-start|p1a: mrow|Substitute
|-damage|p1a: mrow|69/100
|move|p2a: Toxapex|Scald|p1a: mrow
|-end|p1a: mrow|Substitute
|
|-heal|p1a: mrow|75/100|[from] item: Leftovers
|upkeep
|turn|32
|
|t:|1641871054
|move|p1a: mrow|Parting Shot|p2a: Toxapex
|-unboost|p2a: Toxapex|atk|1
|-unboost|p2a: Toxapex|spa|1
|
|t:|1641871056
|switch|p1a: microwaved cat|Ditto|27/100 tox|[from]move: Parting Shot
|-transform|p1a: microwaved cat|p2a: Toxapex|[from] ability: Imposter
|move|p2a: Toxapex|Scald|p1a: microwaved cat
|-resisted|p1a: microwaved cat
|-damage|p1a: microwaved cat|23/100 tox
|
|-damage|p1a: microwaved cat|17/100 tox|[from] psn
|upkeep
|turn|33
|
|t:|1641871067
|switch|p2a: Tapu Lele|Tapu Lele|26/100
|-fieldstart|move: Psychic Terrain|[from] ability: Psychic Surge|[of] p2a: Tapu Lele
|move|p1a: microwaved cat|Recover|p1a: microwaved cat
|-heal|p1a: microwaved cat|67/100 tox
|
|-damage|p1a: microwaved cat|55/100 tox|[from] psn
|upkeep
|turn|34
|
|t:|1641871082
|switch|p1a: mrow|Persian-Alola, F|75/100
|move|p2a: Tapu Lele|Moonblast|p1a: mrow
|-supereffective|p1a: mrow
|-damage|p1a: mrow|0 fnt
|faint|p1a: mrow
|
|upkeep
|
|t:|1641871085
|switch|p1a: purrrr|Mienshao, F|100/100
|turn|35
|
|t:|1641871090
|move|p1a: purrrr|Poison Jab|p2a: Tapu Lele
|-supereffective|p2a: Tapu Lele
|-damage|p2a: Tapu Lele|0 fnt
|faint|p2a: Tapu Lele
|
|upkeep
|
|t:|1641871093
|switch|p2a: Toxapex|Toxapex, M|100/100
|turn|36
|
|t:|1641871098
|move|p1a: purrrr|U-turn|p2a: Toxapex
|-resisted|p2a: Toxapex
|-damage|p2a: Toxapex|94/100
|
|t:|1641871101
|switch|p1a: microwaved cat|Ditto|88/100 tox|[from]move: U-turn
|-transform|p1a: microwaved cat|p2a: Toxapex|[from] ability: Imposter
|move|p2a: Toxapex|Scald|p1a: microwaved cat
|-resisted|p1a: microwaved cat
|-damage|p1a: microwaved cat|81/100 tox
|
|-heal|p2a: Toxapex|99/100|[from] item: Black Sludge
|-damage|p1a: microwaved cat|75/100 tox|[from] psn
|upkeep
|turn|37
|
|t:|1641871112
|move|p2a: Toxapex|Scald|p1a: microwaved cat
|-resisted|p1a: microwaved cat
|-damage|p1a: microwaved cat|68/100 tox
|move|p1a: microwaved cat|Scald|p2a: Toxapex
|-resisted|p2a: Toxapex
|-damage|p2a: Toxapex|94/100
|
|-heal|p2a: Toxapex|99/100|[from] item: Black Sludge
|-damage|p1a: microwaved cat|56/100 tox|[from] psn
|-fieldend|move: Psychic Terrain
|upkeep
|turn|38
|
|t:|1641871125
|move|p1a: microwaved cat|Scald|p2a: Toxapex
|-resisted|p2a: Toxapex
|-damage|p2a: Toxapex|93/100
|move|p2a: Toxapex|Toxic Spikes|p1a: microwaved cat
|-sidestart|p1: shade hare|move: Toxic Spikes
|
|-heal|p2a: Toxapex|99/100|[from] item: Black Sludge
|-damage|p1a: microwaved cat|38/100 tox|[from] psn
|upkeep
|turn|39
|
|t:|1641871136
|switch|p1a: purrrr|Mienshao, F|100/100
|-status|p1a: purrrr|psn
|move|p2a: Toxapex|Toxic Spikes|p1a: purrrr
|-sidestart|p1: shade hare|move: Toxic Spikes
|
|-heal|p2a: Toxapex|100/100|[from] item: Black Sludge
|-damage|p1a: purrrr|88/100 psn|[from] psn
|upkeep
|turn|40
|
|t:|1641871143
|move|p1a: purrrr|U-turn|p2a: Toxapex
|-resisted|p2a: Toxapex
|-damage|p2a: Toxapex|93/100
|
|t:|1641871146
|switch|p1a: microwaved cat|Ditto|71/100 tox|[from]move: U-turn
|-transform|p1a: microwaved cat|p2a: Toxapex|[from] ability: Imposter
|move|p2a: Toxapex|Scald|p1a: microwaved cat
|-resisted|p1a: microwaved cat
|-damage|p1a: microwaved cat|64/100 tox
|
|-heal|p2a: Toxapex|99/100|[from] item: Black Sludge
|-damage|p1a: microwaved cat|58/100 tox|[from] psn
|upkeep
|turn|41
|
|t:|1641871153
|move|p1a: microwaved cat|Scald|p2a: Toxapex
|-resisted|p2a: Toxapex
|-damage|p2a: Toxapex|92/100
|-status|p2a: Toxapex|brn
|move|p2a: Toxapex|Toxic Spikes||[still]
|-fail|p2a: Toxapex
|
|-heal|p2a: Toxapex|98/100 brn|[from] item: Black Sludge
|-damage|p1a: microwaved cat|46/100 tox|[from] psn
|-damage|p2a: Toxapex|92/100 brn|[from] brn
|upkeep
|turn|42
|
|t:|1641871160
|switch|p1a: purrrr|Mienshao, F|100/100 psn
|move|p2a: Toxapex|Recover|p2a: Toxapex
|-heal|p2a: Toxapex|100/100 brn
|
|-damage|p1a: purrrr|88/100 psn|[from] psn
|-damage|p2a: Toxapex|94/100 brn|[from] brn
|upkeep
|turn|43
|
|t:|1641871167
|move|p1a: purrrr|U-turn|p2a: Toxapex
|-resisted|p2a: Toxapex
|-damage|p2a: Toxapex|88/100 brn
|
|t:|1641871169
|switch|p1a: microwaved cat|Ditto|79/100 tox|[from]move: U-turn
|-transform|p1a: microwaved cat|p2a: Toxapex|[from] ability: Imposter
|move|p2a: Toxapex|Toxic Spikes||[still]
|-fail|p2a: Toxapex
|
|-heal|p2a: Toxapex|94/100 brn|[from] item: Black Sludge
|-damage|p1a: microwaved cat|73/100 tox|[from] psn
|-damage|p2a: Toxapex|88/100 brn|[from] brn
|upkeep
|turn|44
|
|t:|1641871184
|switch|p1a: purrrr|Mienshao, F|100/100 psn
|move|p2a: Toxapex|Recover|p2a: Toxapex
|-heal|p2a: Toxapex|100/100 brn
|
|-damage|p1a: purrrr|88/100 psn|[from] psn
|-damage|p2a: Toxapex|94/100 brn|[from] brn
|upkeep
|turn|45
|
|t:|1641871189
|switch|p1a: microwaved cat|Ditto|100/100 tox
|-transform|p1a: microwaved cat|p2a: Toxapex|[from] ability: Imposter
|move|p2a: Toxapex|Toxic Spikes||[still]
|-fail|p2a: Toxapex
|
|-heal|p2a: Toxapex|100/100 brn|[from] item: Black Sludge
|-damage|p1a: microwaved cat|94/100 tox|[from] psn
|-damage|p2a: Toxapex|94/100 brn|[from] brn
|upkeep
|turn|46
|
|t:|1641871202
|move|p2a: Toxapex|Scald|p1a: microwaved cat
|-resisted|p1a: microwaved cat
|-damage|p1a: microwaved cat|87/100 tox
|move|p1a: microwaved cat|Recover|p1a: microwaved cat
|-heal|p1a: microwaved cat|100/100 tox
|
|-heal|p2a: Toxapex|100/100 brn|[from] item: Black Sludge
|-damage|p1a: microwaved cat|88/100 tox|[from] psn
|-damage|p2a: Toxapex|94/100 brn|[from] brn
|upkeep
|turn|47
|
|t:|1641871209
|move|p1a: microwaved cat|Scald|p2a: Toxapex
|-resisted|p2a: Toxapex
|-damage|p2a: Toxapex|87/100 brn
|move|p2a: Toxapex|Scald|p1a: microwaved cat
|-resisted|p1a: microwaved cat
|-damage|p1a: microwaved cat|82/100 tox
|
|-heal|p2a: Toxapex|94/100 brn|[from] item: Black Sludge
|-damage|p1a: microwaved cat|64/100 tox|[from] psn
|-damage|p2a: Toxapex|87/100 brn|[from] brn
|upkeep
|turn|48
|
|t:|1641871224
|move|p1a: microwaved cat|Recover|p1a: microwaved cat
|-heal|p1a: microwaved cat|100/100 tox
|move|p2a: Toxapex|Haze|p2a: Toxapex
|-clearallboost
|
|-heal|p2a: Toxapex|94/100 brn|[from] item: Black Sludge
|-damage|p1a: microwaved cat|76/100 tox|[from] psn
|-damage|p2a: Toxapex|87/100 brn|[from] brn
|upkeep
|turn|49
|
|t:|1641871232
|switch|p1a: purrrr|Mienshao, F|100/100 psn
|move|p2a: Toxapex|Haze|p2a: Toxapex
|-clearallboost
|
|-heal|p2a: Toxapex|94/100 brn|[from] item: Black Sludge
|-damage|p1a: purrrr|88/100 psn|[from] psn
|-damage|p2a: Toxapex|87/100 brn|[from] brn
|upkeep
|turn|50
|
|t:|1641871242
|switch|p1a: microwaved cat|Ditto|100/100 tox
|-transform|p1a: microwaved cat|p2a: Toxapex|[from] ability: Imposter
|move|p2a: Toxapex|Toxic Spikes||[still]
|-fail|p2a: Toxapex
|
|-heal|p2a: Toxapex|94/100 brn|[from] item: Black Sludge
|-damage|p1a: microwaved cat|94/100 tox|[from] psn
|-damage|p2a: Toxapex|87/100 brn|[from] brn
|upkeep
|turn|51
|
|t:|1641871253
|move|p2a: Toxapex|Toxic Spikes||[still]
|-fail|p2a: Toxapex
|move|p1a: microwaved cat|Scald|p2a: Toxapex
|-resisted|p2a: Toxapex
|-damage|p2a: Toxapex|81/100 brn
|
|-heal|p2a: Toxapex|87/100 brn|[from] item: Black Sludge
|-damage|p1a: microwaved cat|82/100 tox|[from] psn
|-damage|p2a: Toxapex|81/100 brn|[from] brn
|upkeep
|turn|52
|
|t:|1641871264
|move|p1a: microwaved cat|Scald|p2a: Toxapex
|-resisted|p2a: Toxapex
|-damage|p2a: Toxapex|74/100 brn
|move|p2a: Toxapex|Toxic Spikes||[still]
|-fail|p2a: Toxapex
|
|-heal|p2a: Toxapex|80/100 brn|[from] item: Black Sludge
|-damage|p1a: microwaved cat|64/100 tox|[from] psn
|-damage|p2a: Toxapex|74/100 brn|[from] brn
|upkeep
|turn|53
|
|t:|1641871273
|move|p2a: Toxapex|Toxic Spikes||[still]
|-fail|p2a: Toxapex
|move|p1a: microwaved cat|Recover|p1a: microwaved cat
|-heal|p1a: microwaved cat|100/100 tox
|
|-heal|p2a: Toxapex|80/100 brn|[from] item: Black Sludge
|-damage|p1a: microwaved cat|76/100 tox|[from] psn
|-damage|p2a: Toxapex|74/100 brn|[from] brn
|upkeep
|turn|54
|
|t:|1641871281
|move|p2a: Toxapex|Recover|p2a: Toxapex
|-heal|p2a: Toxapex|100/100 brn
|move|p1a: microwaved cat|Scald|p2a: Toxapex
|-resisted|p2a: Toxapex
|-damage|p2a: Toxapex|94/100 brn
|
|-heal|p2a: Toxapex|99/100 brn|[from] item: Black Sludge
|-damage|p1a: microwaved cat|46/100 tox|[from] psn
|-damage|p2a: Toxapex|94/100 brn|[from] brn
|upkeep
|turn|55
|
|t:|1641871286
|switch|p1a: purrrr|Mienshao, F|100/100 psn
|move|p2a: Toxapex|Scald|p1a: purrrr
|-damage|p1a: purrrr|67/100 psn
|
|-heal|p2a: Toxapex|99/100 brn|[from] item: Black Sludge
|-damage|p1a: purrrr|55/100 psn|[from] psn
|-damage|p2a: Toxapex|94/100 brn|[from] brn
|upkeep
|turn|56
|
|t:|1641871295
|switch|p1a: microwaved cat|Ditto|79/100 tox
|-transform|p1a: microwaved cat|p2a: Toxapex|[from] ability: Imposter
|move|p2a: Toxapex|Scald|p1a: microwaved cat
|-resisted|p1a: microwaved cat
|-damage|p1a: microwaved cat|73/100 tox
|
|-heal|p2a: Toxapex|99/100 brn|[from] item: Black Sludge
|-damage|p1a: microwaved cat|67/100 tox|[from] psn
|-damage|p2a: Toxapex|94/100 brn|[from] brn
|upkeep
|turn|57
|
|t:|1641871310
|move|p1a: microwaved cat|Recover|p1a: microwaved cat
|-heal|p1a: microwaved cat|100/100 tox
|move|p2a: Toxapex|Haze|p2a: Toxapex
|-clearallboost
|
|-heal|p2a: Toxapex|99/100 brn|[from] item: Black Sludge
|-damage|p1a: microwaved cat|88/100 tox|[from] psn
|-damage|p2a: Toxapex|94/100 brn|[from] brn
|upkeep
|turn|58
|
|t:|1641871319
|move|p1a: microwaved cat|Scald|p2a: Toxapex
|-resisted|p2a: Toxapex
|-damage|p2a: Toxapex|87/100 brn
|move|p2a: Toxapex|Haze|p2a: Toxapex
|-clearallboost
|
|-heal|p2a: Toxapex|93/100 brn|[from] item: Black Sludge
|-damage|p1a: microwaved cat|70/100 tox|[from] psn
|-damage|p2a: Toxapex|87/100 brn|[from] brn
|upkeep
|turn|59
|
|t:|1641871330
|switch|p1a: purrrr|Mienshao, F|88/100 psn
|move|p2a: Toxapex|Haze|p2a: Toxapex
|-clearallboost
|
|-heal|p2a: Toxapex|93/100 brn|[from] item: Black Sludge
|-damage|p1a: purrrr|76/100 psn|[from] psn
|-damage|p2a: Toxapex|87/100 brn|[from] brn
|upkeep
|turn|60
|
|t:|1641871334
|switch|p1a: microwaved cat|Ditto|100/100 tox
|-transform|p1a: microwaved cat|p2a: Toxapex|[from] ability: Imposter
|move|p2a: Toxapex|Scald|p1a: microwaved cat
|-resisted|p1a: microwaved cat
|-damage|p1a: microwaved cat|94/100 tox
|
|-heal|p2a: Toxapex|93/100 brn|[from] item: Black Sludge
|-damage|p1a: microwaved cat|88/100 tox|[from] psn
|-damage|p2a: Toxapex|87/100 brn|[from] brn
|upkeep
|turn|61
|
|t:|1641871348
|switch|p1a: purrrr|Mienshao, F|100/100 psn
|move|p2a: Toxapex|Haze|p2a: Toxapex
|-clearallboost
|
|-heal|p2a: Toxapex|93/100 brn|[from] item: Black Sludge
|-damage|p1a: purrrr|88/100 psn|[from] psn
|-damage|p2a: Toxapex|87/100 brn|[from] brn
|upkeep
|turn|62
|
|t:|1641871353
|switch|p1a: microwaved cat|Ditto|100/100 tox
|-transform|p1a: microwaved cat|p2a: Toxapex|[from] ability: Imposter
|move|p2a: Toxapex|Scald|p1a: microwaved cat
|-resisted|p1a: microwaved cat
|-damage|p1a: microwaved cat|94/100 tox
|
|-heal|p2a: Toxapex|93/100 brn|[from] item: Black Sludge
|-damage|p1a: microwaved cat|88/100 tox|[from] psn
|-damage|p2a: Toxapex|87/100 brn|[from] brn
|upkeep
|turn|63
|
|t:|1641871368
|move|p1a: microwaved cat|Scald|p2a: Toxapex
|-resisted|p2a: Toxapex
|-damage|p2a: Toxapex|80/100 brn
|move|p2a: Toxapex|Toxic Spikes||[still]
|-fail|p2a: Toxapex
|
|-heal|p2a: Toxapex|87/100 brn|[from] item: Black Sludge
|-damage|p1a: microwaved cat|76/100 tox|[from] psn
|-damage|p2a: Toxapex|80/100 brn|[from] brn
|upkeep
|turn|64
|
|t:|1641871377
|move|p1a: microwaved cat|Scald|p2a: Toxapex
|-resisted|p2a: Toxapex
|-damage|p2a: Toxapex|74/100 brn
|move|p2a: Toxapex|Toxic Spikes||[still]
|-fail|p2a: Toxapex
|
|-heal|p2a: Toxapex|80/100 brn|[from] item: Black Sludge
|-damage|p1a: microwaved cat|58/100 tox|[from] psn
|-damage|p2a: Toxapex|74/100 brn|[from] brn
|upkeep
|turn|65
|
|t:|1641871388
|move|p1a: microwaved cat|Recover|p1a: microwaved cat
|-heal|p1a: microwaved cat|100/100 tox
|move|p2a: Toxapex|Toxic Spikes||[still]
|-fail|p2a: Toxapex
|
|-heal|p2a: Toxapex|80/100 brn|[from] item: Black Sludge
|-damage|p1a: microwaved cat|76/100 tox|[from] psn
|-damage|p2a: Toxapex|74/100 brn|[from] brn
|upkeep
|turn|66
|
|t:|1641871397
|switch|p1a: purrrr|Mienshao, F|100/100 psn
|move|p2a: Toxapex|Recover|p2a: Toxapex
|-heal|p2a: Toxapex|100/100 brn
|
|-damage|p1a: purrrr|88/100 psn|[from] psn
|-damage|p2a: Toxapex|94/100 brn|[from] brn
|upkeep
|turn|67
|
|t:|1641871401
|switch|p1a: microwaved cat|Ditto|100/100 tox
|-transform|p1a: microwaved cat|p2a: Toxapex|[from] ability: Imposter
|move|p2a: Toxapex|Scald|p1a: microwaved cat
|-resisted|p1a: microwaved cat
|-damage|p1a: microwaved cat|93/100 tox
|
|-heal|p2a: Toxapex|100/100 brn|[from] item: Black Sludge
|-damage|p1a: microwaved cat|87/100 tox|[from] psn
|-damage|p2a: Toxapex|94/100 brn|[from] brn
|upkeep
|turn|68
|c|☆Gastly 2022|me da win porfavor
|c|☆shade hare|sorry
|c|☆shade hare|i think i win this encounter
|
|t:|1641871447
|switch|p1a: purrrr|Mienshao, F|100/100 psn
|move|p2a: Toxapex|Scald|p1a: purrrr
|-damage|p1a: purrrr|69/100 psn
|
|-heal|p2a: Toxapex|100/100 brn|[from] item: Black Sludge
|-damage|p1a: purrrr|57/100 psn|[from] psn
|-damage|p2a: Toxapex|94/100 brn|[from] brn
|upkeep
|turn|69
|
|t:|1641871459
|switch|p1a: microwaved cat|Ditto|100/100 tox
|-transform|p1a: microwaved cat|p2a: Toxapex|[from] ability: Imposter
|move|p2a: Toxapex|Scald|p1a: microwaved cat
|-resisted|p1a: microwaved cat
|-damage|p1a: microwaved cat|93/100 tox
|
|-heal|p2a: Toxapex|100/100 brn|[from] item: Black Sludge
|-damage|p1a: microwaved cat|87/100 tox|[from] psn
|-damage|p2a: Toxapex|94/100 brn|[from] brn
|upkeep
|turn|70
|
|t:|1641871473
|switch|p1a: purrrr|Mienshao, F|90/100 psn
|move|p2a: Toxapex|Toxic Spikes||[still]
|-fail|p2a: Toxapex
|
|-heal|p2a: Toxapex|100/100 brn|[from] item: Black Sludge
|-damage|p1a: purrrr|78/100 psn|[from] psn
|-damage|p2a: Toxapex|94/100 brn|[from] brn
|upkeep
|turn|71
|
|t:|1641871483
|switch|p1a: microwaved cat|Ditto|100/100 tox
|-transform|p1a: microwaved cat|p2a: Toxapex|[from] ability: Imposter
|move|p2a: Toxapex|Scald|p1a: microwaved cat
|-resisted|p1a: microwaved cat
|-damage|p1a: microwaved cat|94/100 tox
|
|-heal|p2a: Toxapex|100/100 brn|[from] item: Black Sludge
|-damage|p1a: microwaved cat|88/100 tox|[from] psn
|-damage|p2a: Toxapex|94/100 brn|[from] brn
|upkeep
|turn|72
|
|t:|1641871496
|switch|p1a: purrrr|Mienshao, F|100/100 psn
|move|p2a: Toxapex|Scald|p1a: purrrr
|-damage|p1a: purrrr|66/100 psn
|
|-heal|p2a: Toxapex|100/100 brn|[from] item: Black Sludge
|-damage|p1a: purrrr|54/100 psn|[from] psn
|-damage|p2a: Toxapex|94/100 brn|[from] brn
|upkeep
|turn|73
|
|t:|1641871505
|switch|p1a: microwaved cat|Ditto|100/100 tox
|-transform|p1a: microwaved cat|p2a: Toxapex|[from] ability: Imposter
|move|p2a: Toxapex|Scald|p1a: microwaved cat
|-resisted|p1a: microwaved cat
|-damage|p1a: microwaved cat|93/100 tox
|
|-heal|p2a: Toxapex|100/100 brn|[from] item: Black Sludge
|-damage|p1a: microwaved cat|87/100 tox|[from] psn
|-damage|p2a: Toxapex|94/100 brn|[from] brn
|upkeep
|turn|74
|
|t:|1641871519
|switch|p1a: purrrr|Mienshao, F|87/100 psn
|move|p2a: Toxapex|Scald|p1a: purrrr
|-crit|p1a: purrrr
|-damage|p1a: purrrr|44/100 psn
|
|-heal|p2a: Toxapex|100/100 brn|[from] item: Black Sludge
|-damage|p1a: purrrr|31/100 psn|[from] psn
|-damage|p2a: Toxapex|94/100 brn|[from] brn
|upkeep
|turn|75
|
|t:|1641871528
|switch|p1a: microwaved cat|Ditto|100/100 tox
|-transform|p1a: microwaved cat|p2a: Toxapex|[from] ability: Imposter
|move|p2a: Toxapex|Scald|p1a: microwaved cat
|-resisted|p1a: microwaved cat
|-damage|p1a: microwaved cat|93/100 tox
|
|-heal|p2a: Toxapex|100/100 brn|[from] item: Black Sludge
|-damage|p1a: microwaved cat|87/100 tox|[from] psn
|-damage|p2a: Toxapex|94/100 brn|[from] brn
|upkeep
|turn|76
|
|t:|1641871534
|move|p2a: Toxapex|Scald|p1a: microwaved cat
|-resisted|p1a: microwaved cat
|-damage|p1a: microwaved cat|80/100 tox
|move|p1a: microwaved cat|Scald|p2a: Toxapex
|-resisted|p2a: Toxapex
|-damage|p2a: Toxapex|87/100 brn
|
|-heal|p2a: Toxapex|94/100 brn|[from] item: Black Sludge
|-damage|p1a: microwaved cat|68/100 tox|[from] psn
|-damage|p2a: Toxapex|87/100 brn|[from] brn
|upkeep
|turn|77
|
|t:|1641871539
|move|p1a: microwaved cat|Recover|p1a: microwaved cat
|-heal|p1a: microwaved cat|100/100 tox
|move|p2a: Toxapex|Scald|p1a: microwaved cat
|-resisted|p1a: microwaved cat
|-damage|p1a: microwaved cat|93/100 tox
|
|-heal|p2a: Toxapex|94/100 brn|[from] item: Black Sludge
|-damage|p1a: microwaved cat|75/100 tox|[from] psn
|-damage|p2a: Toxapex|87/100 brn|[from] brn
|upkeep
|turn|78
|
|t:|1641871547
|switch|p1a: purrrr|Mienshao, F|65/100 psn
|move|p2a: Toxapex|Haze|p2a: Toxapex
|-clearallboost
|
|-heal|p2a: Toxapex|94/100 brn|[from] item: Black Sludge
|-damage|p1a: purrrr|53/100 psn|[from] psn
|-damage|p2a: Toxapex|87/100 brn|[from] brn
|upkeep
|turn|79
|
|t:|1641871552
|switch|p1a: microwaved cat|Ditto|100/100 tox
|-transform|p1a: microwaved cat|p2a: Toxapex|[from] ability: Imposter
|move|p2a: Toxapex|Scald|p1a: microwaved cat
|-resisted|p1a: microwaved cat
|-damage|p1a: microwaved cat|93/100 tox
|
|-heal|p2a: Toxapex|94/100 brn|[from] item: Black Sludge
|-damage|p1a: microwaved cat|87/100 tox|[from] psn
|-damage|p2a: Toxapex|87/100 brn|[from] brn
|upkeep
|turn|80
|
|t:|1641871559
|move|p1a: microwaved cat|Scald|p2a: Toxapex
|-resisted|p2a: Toxapex
|-damage|p2a: Toxapex|81/100 brn
|move|p2a: Toxapex|Scald|p1a: microwaved cat
|-resisted|p1a: microwaved cat
|-damage|p1a: microwaved cat|81/100 tox
|
|-heal|p2a: Toxapex|87/100 brn|[from] item: Black Sludge
|-damage|p1a: microwaved cat|69/100 tox|[from] psn
|-damage|p2a: Toxapex|81/100 brn|[from] brn
|upkeep
|turn|81
|
|t:|1641871562
|switch|p1a: purrrr|Mienshao, F|86/100 psn
|move|p2a: Toxapex|Scald|p1a: purrrr
|-damage|p1a: purrrr|57/100 psn
|
|-heal|p2a: Toxapex|87/100 brn|[from] item: Black Sludge
|-damage|p1a: purrrr|44/100 psn|[from] psn
|-damage|p2a: Toxapex|81/100 brn|[from] brn
|upkeep
|turn|82
|
|t:|1641871575
|switch|p1a: microwaved cat|Ditto|100/100 tox
|-transform|p1a: microwaved cat|p2a: Toxapex|[from] ability: Imposter
|move|p2a: Toxapex|Toxic Spikes||[still]
|-fail|p2a: Toxapex
|
|-heal|p2a: Toxapex|87/100 brn|[from] item: Black Sludge
|-damage|p1a: microwaved cat|94/100 tox|[from] psn
|-damage|p2a: Toxapex|81/100 brn|[from] brn
|upkeep
|turn|83
|inactive|Battle timer is ON: inactive players will automatically lose when time's up. (requested by shade hare)
|c|☆Gastly 2022|really
|c|☆shade hare|sorry
|
|t:|1641871594
|switch|p1a: purrrr|Mienshao, F|78/100 psn
|move|p2a: Toxapex|Toxic Spikes||[still]
|-fail|p2a: Toxapex
|
|-heal|p2a: Toxapex|87/100 brn|[from] item: Black Sludge
|-damage|p1a: purrrr|65/100 psn|[from] psn
|-damage|p2a: Toxapex|81/100 brn|[from] brn
|upkeep
|turn|84
|
|t:|1641871604
|switch|p1a: microwaved cat|Ditto|100/100 tox
|-transform|p1a: microwaved cat|p2a: Toxapex|[from] ability: Imposter
|move|p2a: Toxapex|Toxic Spikes||[still]
|-fail|p2a: Toxapex
|
|-heal|p2a: Toxapex|87/100 brn|[from] item: Black Sludge
|-damage|p1a: microwaved cat|94/100 tox|[from] psn
|-damage|p2a: Toxapex|81/100 brn|[from] brn
|upkeep
|turn|85
|
|t:|1641871616
|switch|p1a: purrrr|Mienshao, F|99/100 psn
|move|p2a: Toxapex|Toxic Spikes||[still]
|-fail|p2a: Toxapex
|
|-heal|p2a: Toxapex|87/100 brn|[from] item: Black Sludge
|-damage|p1a: purrrr|86/100 psn|[from] psn
|-damage|p2a: Toxapex|81/100 brn|[from] brn
|upkeep
|turn|86
|
|t:|1641871625
|switch|p1a: microwaved cat|Ditto|100/100 tox
|-transform|p1a: microwaved cat|p2a: Toxapex|[from] ability: Imposter
|move|p2a: Toxapex|Recover|p2a: Toxapex
|-heal|p2a: Toxapex|100/100 brn
|
|-damage|p1a: microwaved cat|94/100 tox|[from] psn
|-damage|p2a: Toxapex|94/100 brn|[from] brn
|upkeep
|turn|87
|
|t:|1641871631
|switch|p1a: purrrr|Mienshao, F|100/100 psn
|move|p2a: Toxapex|Toxic Spikes||[still]
|-fail|p2a: Toxapex
|
|-heal|p2a: Toxapex|100/100 brn|[from] item: Black Sludge
|-damage|p1a: purrrr|88/100 psn|[from] psn
|-damage|p2a: Toxapex|94/100 brn|[from] brn
|upkeep
|turn|88
|
|t:|1641871640
|switch|p1a: microwaved cat|Ditto|100/100 tox
|-transform|p1a: microwaved cat|p2a: Toxapex|[from] ability: Imposter
|move|p2a: Toxapex|Haze|p2a: Toxapex
|-clearallboost
|
|-heal|p2a: Toxapex|100/100 brn|[from] item: Black Sludge
|-damage|p1a: microwaved cat|94/100 tox|[from] psn
|-damage|p2a: Toxapex|94/100 brn|[from] brn
|upkeep
|turn|89
|
|t:|1641871646
|switch|p1a: purrrr|Mienshao, F|100/100 psn
|move|p2a: Toxapex|Toxic Spikes||[still]
|-fail|p2a: Toxapex
|
|-heal|p2a: Toxapex|100/100 brn|[from] item: Black Sludge
|-damage|p1a: purrrr|88/100 psn|[from] psn
|-damage|p2a: Toxapex|94/100 brn|[from] brn
|upkeep
|turn|90
|
|t:|1641871655
|switch|p1a: microwaved cat|Ditto|100/100 tox
|-transform|p1a: microwaved cat|p2a: Toxapex|[from] ability: Imposter
|move|p2a: Toxapex|Toxic Spikes||[still]
|-fail|p2a: Toxapex
|
|-heal|p2a: Toxapex|100/100 brn|[from] item: Black Sludge
|-damage|p1a: microwaved cat|94/100 tox|[from] psn
|-damage|p2a: Toxapex|94/100 brn|[from] brn
|upkeep
|turn|91
|
|t:|1641871666
|switch|p1a: purrrr|Mienshao, F|100/100 psn
|move|p2a: Toxapex|Toxic Spikes||[still]
|-fail|p2a: Toxapex
|
|-heal|p2a: Toxapex|100/100 brn|[from] item: Black Sludge
|-damage|p1a: purrrr|88/100 psn|[from] psn
|-damage|p2a: Toxapex|94/100 brn|[from] brn
|upkeep
|turn|92
|
|t:|1641871676
|switch|p1a: microwaved cat|Ditto|100/100 tox
|-transform|p1a: microwaved cat|p2a: Toxapex|[from] ability: Imposter
|move|p2a: Toxapex|Toxic Spikes||[still]
|-fail|p2a: Toxapex
|
|-heal|p2a: Toxapex|100/100 brn|[from] item: Black Sludge
|-damage|p1a: microwaved cat|94/100 tox|[from] psn
|-damage|p2a: Toxapex|94/100 brn|[from] brn
|upkeep
|turn|93
|
|t:|1641871686
|switch|p1a: purrrr|Mienshao, F|100/100 psn
|move|p2a: Toxapex|Toxic Spikes||[still]
|-fail|p2a: Toxapex
|
|-heal|p2a: Toxapex|100/100 brn|[from] item: Black Sludge
|-damage|p1a: purrrr|88/100 psn|[from] psn
|-damage|p2a: Toxapex|94/100 brn|[from] brn
|upkeep
|turn|94
|
|t:|1641871695
|switch|p1a: microwaved cat|Ditto|100/100 tox
|-transform|p1a: microwaved cat|p2a: Toxapex|[from] ability: Imposter
|move|p2a: Toxapex|Toxic Spikes||[still]
|-fail|p2a: Toxapex
|
|-heal|p2a: Toxapex|100/100 brn|[from] item: Black Sludge
|-damage|p1a: microwaved cat|94/100 tox|[from] psn
|-damage|p2a: Toxapex|94/100 brn|[from] brn
|upkeep
|turn|95
|
|t:|1641871699
|switch|p1a: purrrr|Mienshao, F|100/100 psn
|move|p2a: Toxapex|Recover|p2a: Toxapex
|-heal|p2a: Toxapex|100/100 brn
|
|-damage|p1a: purrrr|88/100 psn|[from] psn
|-damage|p2a: Toxapex|94/100 brn|[from] brn
|upkeep
|turn|96
|
|t:|1641871704
|switch|p1a: microwaved cat|Ditto|100/100 tox
|-transform|p1a: microwaved cat|p2a: Toxapex|[from] ability: Imposter
|move|p2a: Toxapex|Toxic Spikes||[still]
|-fail|p2a: Toxapex
|
|-heal|p2a: Toxapex|100/100 brn|[from] item: Black Sludge
|-damage|p1a: microwaved cat|94/100 tox|[from] psn
|-damage|p2a: Toxapex|94/100 brn|[from] brn
|upkeep
|turn|97
|
|t:|1641871715
|switch|p1a: purrrr|Mienshao, F|100/100 psn
|move|p2a: Toxapex|Toxic Spikes||[still]
|-fail|p2a: Toxapex
|
|-heal|p2a: Toxapex|100/100 brn|[from] item: Black Sludge
|-damage|p1a: purrrr|88/100 psn|[from] psn
|-damage|p2a: Toxapex|94/100 brn|[from] brn
|upkeep
|turn|98
|
|t:|1641871725
|switch|p1a: microwaved cat|Ditto|100/100 tox
|-transform|p1a: microwaved cat|p2a: Toxapex|[from] ability: Imposter
|move|p2a: Toxapex|Toxic Spikes||[still]
|-fail|p2a: Toxapex
|
|-heal|p2a: Toxapex|100/100 brn|[from] item: Black Sludge
|-damage|p1a: microwaved cat|94/100 tox|[from] psn
|-damage|p2a: Toxapex|94/100 brn|[from] brn
|upkeep
|turn|99
|
|t:|1641871736
|switch|p1a: purrrr|Mienshao, F|100/100 psn
|move|p2a: Toxapex|Toxic Spikes||[still]
|-fail|p2a: Toxapex
|
|-heal|p2a: Toxapex|100/100 brn|[from] item: Black Sludge
|-damage|p1a: purrrr|88/100 psn|[from] psn
|-damage|p2a: Toxapex|94/100 brn|[from] brn
|upkeep
|turn|100
|
|t:|1641871745
|switch|p1a: microwaved cat|Ditto|100/100 tox
|-transform|p1a: microwaved cat|p2a: Toxapex|[from] ability: Imposter
|move|p2a: Toxapex|Toxic Spikes||[still]
|-fail|p2a: Toxapex
|
|-heal|p2a: Toxapex|100/100 brn|[from] item: Black Sludge
|-damage|p1a: microwaved cat|94/100 tox|[from] psn
|-damage|p2a: Toxapex|94/100 brn|[from] brn
|upkeep
|turn|101
|inactive|Gastly 2022 has 120 seconds left.
|
|t:|1641871756
|switch|p1a: purrrr|Mienshao, F|100/100 psn
|move|p2a: Toxapex|Toxic Spikes||[still]
|-fail|p2a: Toxapex
|
|-heal|p2a: Toxapex|100/100 brn|[from] item: Black Sludge
|-damage|p1a: purrrr|88/100 psn|[from] psn
|-damage|p2a: Toxapex|94/100 brn|[from] brn
|upkeep
|turn|102
|
|t:|1641871759
|switch|p1a: microwaved cat|Ditto|100/100 tox
|-transform|p1a: microwaved cat|p2a: Toxapex|[from] ability: Imposter
|move|p2a: Toxapex|Toxic Spikes||[still]
|-fail|p2a: Toxapex
|
|-heal|p2a: Toxapex|100/100 brn|[from] item: Black Sludge
|-damage|p1a: microwaved cat|94/100 tox|[from] psn
|-damage|p2a: Toxapex|94/100 brn|[from] brn
|upkeep
|turn|103
|
|t:|1641871761
|switch|p1a: purrrr|Mienshao, F|100/100 psn
|move|p2a: Toxapex|Toxic Spikes||[still]
|-fail|p2a: Toxapex
|
|-heal|p2a: Toxapex|100/100 brn|[from] item: Black Sludge
|-damage|p1a: purrrr|88/100 psn|[from] psn
|-damage|p2a: Toxapex|94/100 brn|[from] brn
|upkeep
|turn|104
|
|t:|1641871764
|switch|p1a: microwaved cat|Ditto|100/100 tox
|-transform|p1a: microwaved cat|p2a: Toxapex|[from] ability: Imposter
|move|p2a: Toxapex|Recover|p2a: Toxapex
|-heal|p2a: Toxapex|100/100 brn
|
|-damage|p1a: microwaved cat|94/100 tox|[from] psn
|-damage|p2a: Toxapex|94/100 brn|[from] brn
|upkeep
|turn|105
|
|t:|1641871766
|switch|p1a: purrrr|Mienshao, F|100/100 psn
|move|p2a: Toxapex|Recover|p2a: Toxapex
|-heal|p2a: Toxapex|100/100 brn
|
|-damage|p1a: purrrr|88/100 psn|[from] psn
|-damage|p2a: Toxapex|94/100 brn|[from] brn
|upkeep
|turn|106
|
|t:|1641871768
|switch|p1a: microwaved cat|Ditto|100/100 tox
|-transform|p1a: microwaved cat|p2a: Toxapex|[from] ability: Imposter
|move|p2a: Toxapex|Recover|p2a: Toxapex
|-heal|p2a: Toxapex|100/100 brn
|
|-damage|p1a: microwaved cat|94/100 tox|[from] psn
|-damage|p2a: Toxapex|94/100 brn|[from] brn
|upkeep
|turn|107
|
|t:|1641871769
|switch|p1a: purrrr|Mienshao, F|100/100 psn
|move|p2a: Toxapex|Recover|p2a: Toxapex
|-heal|p2a: Toxapex|100/100 brn
|
|-damage|p1a: purrrr|88/100 psn|[from] psn
|-damage|p2a: Toxapex|94/100 brn|[from] brn
|upkeep
|turn|108
|
|t:|1641871771
|switch|p1a: microwaved cat|Ditto|100/100 tox
|-transform|p1a: microwaved cat|p2a: Toxapex|[from] ability: Imposter
|move|p2a: Toxapex|Recover|p2a: Toxapex
|-heal|p2a: Toxapex|100/100 brn
|
|-damage|p1a: microwaved cat|94/100 tox|[from] psn
|-damage|p2a: Toxapex|94/100 brn|[from] brn
|upkeep
|turn|109
|
|t:|1641871772
|switch|p1a: purrrr|Mienshao, F|100/100 psn
|move|p2a: Toxapex|Recover|p2a: Toxapex
|-heal|p2a: Toxapex|100/100 brn
|
|-damage|p1a: purrrr|88/100 psn|[from] psn
|-damage|p2a: Toxapex|94/100 brn|[from] brn
|upkeep
|turn|110
|
|t:|1641871773
|switch|p1a: microwaved cat|Ditto|100/100 tox
|-transform|p1a: microwaved cat|p2a: Toxapex|[from] ability: Imposter
|move|p2a: Toxapex|Recover|p2a: Toxapex
|-heal|p2a: Toxapex|100/100 brn
|
|-damage|p1a: microwaved cat|94/100 tox|[from] psn
|-damage|p2a: Toxapex|94/100 brn|[from] brn
|upkeep
|turn|111
|
|t:|1641871775
|switch|p1a: purrrr|Mienshao, F|100/100 psn
|move|p2a: Toxapex|Recover|p2a: Toxapex
|-heal|p2a: Toxapex|100/100 brn
|
|-damage|p1a: purrrr|88/100 psn|[from] psn
|-damage|p2a: Toxapex|94/100 brn|[from] brn
|upkeep
|turn|112
|
|t:|1641871777
|switch|p1a: microwaved cat|Ditto|100/100 tox
|-transform|p1a: microwaved cat|p2a: Toxapex|[from] ability: Imposter
|move|p2a: Toxapex|Recover|p2a: Toxapex
|-heal|p2a: Toxapex|100/100 brn
|
|-damage|p1a: microwaved cat|94/100 tox|[from] psn
|-damage|p2a: Toxapex|94/100 brn|[from] brn
|upkeep
|turn|113
|
|t:|1641871778
|switch|p1a: purrrr|Mienshao, F|100/100 psn
|move|p2a: Toxapex|Haze|p2a: Toxapex
|-clearallboost
|
|-heal|p2a: Toxapex|100/100 brn|[from] item: Black Sludge
|-damage|p1a: purrrr|88/100 psn|[from] psn
|-damage|p2a: Toxapex|94/100 brn|[from] brn
|upkeep
|turn|114
|
|t:|1641871781
|switch|p1a: microwaved cat|Ditto|100/100 tox
|-transform|p1a: microwaved cat|p2a: Toxapex|[from] ability: Imposter
|move|p2a: Toxapex|Haze|p2a: Toxapex
|-clearallboost
|
|-heal|p2a: Toxapex|100/100 brn|[from] item: Black Sludge
|-damage|p1a: microwaved cat|94/100 tox|[from] psn
|-damage|p2a: Toxapex|94/100 brn|[from] brn
|upkeep
|turn|115
|
|t:|1641871785
|switch|p1a: purrrr|Mienshao, F|100/100 psn
|move|p2a: Toxapex|Haze|p2a: Toxapex
|-clearallboost
|
|-heal|p2a: Toxapex|100/100 brn|[from] item: Black Sludge
|-damage|p1a: purrrr|88/100 psn|[from] psn
|-damage|p2a: Toxapex|94/100 brn|[from] brn
|upkeep
|turn|116
|
|t:|1641871786
|switch|p1a: microwaved cat|Ditto|100/100 tox
|-transform|p1a: microwaved cat|p2a: Toxapex|[from] ability: Imposter
|move|p2a: Toxapex|Haze|p2a: Toxapex
|-clearallboost
|
|-heal|p2a: Toxapex|100/100 brn|[from] item: Black Sludge
|-damage|p1a: microwaved cat|94/100 tox|[from] psn
|-damage|p2a: Toxapex|94/100 brn|[from] brn
|upkeep
|turn|117
|
|t:|1641871788
|switch|p1a: purrrr|Mienshao, F|100/100 psn
|move|p2a: Toxapex|Haze|p2a: Toxapex
|-clearallboost
|
|-heal|p2a: Toxapex|100/100 brn|[from] item: Black Sludge
|-damage|p1a: purrrr|88/100 psn|[from] psn
|-damage|p2a: Toxapex|94/100 brn|[from] brn
|upkeep
|turn|118
|
|t:|1641871789
|switch|p1a: microwaved cat|Ditto|100/100 tox
|-transform|p1a: microwaved cat|p2a: Toxapex|[from] ability: Imposter
|move|p2a: Toxapex|Haze|p2a: Toxapex
|-clearallboost
|
|-heal|p2a: Toxapex|100/100 brn|[from] item: Black Sludge
|-damage|p1a: microwaved cat|94/100 tox|[from] psn
|-damage|p2a: Toxapex|94/100 brn|[from] brn
|upkeep
|turn|119
|
|t:|1641871791
|switch|p1a: purrrr|Mienshao, F|100/100 psn
|move|p2a: Toxapex|Haze|p2a: Toxapex
|-clearallboost
|
|-heal|p2a: Toxapex|100/100 brn|[from] item: Black Sludge
|-damage|p1a: purrrr|88/100 psn|[from] psn
|-damage|p2a: Toxapex|94/100 brn|[from] brn
|upkeep
|turn|120
|
|t:|1641871792
|switch|p1a: microwaved cat|Ditto|100/100 tox
|-transform|p1a: microwaved cat|p2a: Toxapex|[from] ability: Imposter
|move|p2a: Toxapex|Haze|p2a: Toxapex
|-clearallboost
|
|-heal|p2a: Toxapex|100/100 brn|[from] item: Black Sludge
|-damage|p1a: microwaved cat|94/100 tox|[from] psn
|-damage|p2a: Toxapex|94/100 brn|[from] brn
|upkeep
|turn|121
|
|t:|1641871793
|switch|p1a: purrrr|Mienshao, F|100/100 psn
|move|p2a: Toxapex|Haze|p2a: Toxapex
|-clearallboost
|
|-heal|p2a: Toxapex|100/100 brn|[from] item: Black Sludge
|-damage|p1a: purrrr|88/100 psn|[from] psn
|-damage|p2a: Toxapex|94/100 brn|[from] brn
|upkeep
|turn|122
|
|t:|1641871796
|switch|p1a: microwaved cat|Ditto|100/100 tox
|-transform|p1a: microwaved cat|p2a: Toxapex|[from] ability: Imposter
|move|p2a: Toxapex|Haze|p2a: Toxapex
|-clearallboost
|
|-heal|p2a: Toxapex|100/100 brn|[from] item: Black Sludge
|-damage|p1a: microwaved cat|94/100 tox|[from] psn
|-damage|p2a: Toxapex|94/100 brn|[from] brn
|upkeep
|turn|123
|
|t:|1641871797
|switch|p1a: purrrr|Mienshao, F|100/100 psn
|move|p2a: Toxapex|Haze|p2a: Toxapex
|-clearallboost
|
|-heal|p2a: Toxapex|100/100 brn|[from] item: Black Sludge
|-damage|p1a: purrrr|88/100 psn|[from] psn
|-damage|p2a: Toxapex|94/100 brn|[from] brn
|upkeep
|turn|124
|
|t:|1641871799
|switch|p1a: microwaved cat|Ditto|100/100 tox
|-transform|p1a: microwaved cat|p2a: Toxapex|[from] ability: Imposter
|move|p2a: Toxapex|Haze|p2a: Toxapex
|-clearallboost
|
|-heal|p2a: Toxapex|100/100 brn|[from] item: Black Sludge
|-damage|p1a: microwaved cat|94/100 tox|[from] psn
|-damage|p2a: Toxapex|94/100 brn|[from] brn
|upkeep
|turn|125
|
|t:|1641871800
|switch|p1a: purrrr|Mienshao, F|100/100 psn
|move|p2a: Toxapex|Haze|p2a: Toxapex
|-clearallboost
|
|-heal|p2a: Toxapex|100/100 brn|[from] item: Black Sludge
|-damage|p1a: purrrr|88/100 psn|[from] psn
|-damage|p2a: Toxapex|94/100 brn|[from] brn
|upkeep
|turn|126
|
|t:|1641871801
|switch|p1a: microwaved cat|Ditto|100/100 tox
|-transform|p1a: microwaved cat|p2a: Toxapex|[from] ability: Imposter
|move|p2a: Toxapex|Haze|p2a: Toxapex
|-clearallboost
|
|-heal|p2a: Toxapex|100/100 brn|[from] item: Black Sludge
|-damage|p1a: microwaved cat|94/100 tox|[from] psn
|-damage|p2a: Toxapex|94/100 brn|[from] brn
|upkeep
|turn|127
|
|t:|1641871803
|switch|p1a: purrrr|Mienshao, F|100/100 psn
|move|p2a: Toxapex|Haze|p2a: Toxapex
|-clearallboost
|
|-heal|p2a: Toxapex|100/100 brn|[from] item: Black Sludge
|-damage|p1a: purrrr|88/100 psn|[from] psn
|-damage|p2a: Toxapex|94/100 brn|[from] brn
|upkeep
|turn|128
|
|t:|1641871804
|switch|p1a: microwaved cat|Ditto|100/100 tox
|-transform|p1a: microwaved cat|p2a: Toxapex|[from] ability: Imposter
|move|p2a: Toxapex|Haze|p2a: Toxapex
|-clearallboost
|
|-heal|p2a: Toxapex|100/100 brn|[from] item: Black Sludge
|-damage|p1a: microwaved cat|94/100 tox|[from] psn
|-damage|p2a: Toxapex|94/100 brn|[from] brn
|upkeep
|turn|129
|
|t:|1641871805
|switch|p1a: purrrr|Mienshao, F|100/100 psn
|move|p2a: Toxapex|Haze|p2a: Toxapex
|-clearallboost
|
|-heal|p2a: Toxapex|100/100 brn|[from] item: Black Sludge
|-damage|p1a: purrrr|88/100 psn|[from] psn
|-damage|p2a: Toxapex|94/100 brn|[from] brn
|upkeep
|turn|130
|
|t:|1641871807
|switch|p1a: microwaved cat|Ditto|100/100 tox
|-transform|p1a: microwaved cat|p2a: Toxapex|[from] ability: Imposter
|move|p2a: Toxapex|Haze|p2a: Toxapex
|-clearallboost
|
|-heal|p2a: Toxapex|100/100 brn|[from] item: Black Sludge
|-damage|p1a: microwaved cat|94/100 tox|[from] psn
|-damage|p2a: Toxapex|94/100 brn|[from] brn
|upkeep
|turn|131
|
|t:|1641871809
|switch|p1a: purrrr|Mienshao, F|100/100 psn
|move|p2a: Toxapex|Haze|p2a: Toxapex
|-clearallboost
|
|-heal|p2a: Toxapex|100/100 brn|[from] item: Black Sludge
|-damage|p1a: purrrr|88/100 psn|[from] psn
|-damage|p2a: Toxapex|94/100 brn|[from] brn
|upkeep
|turn|132
|
|t:|1641871810
|switch|p1a: microwaved cat|Ditto|100/100 tox
|-transform|p1a: microwaved cat|p2a: Toxapex|[from] ability: Imposter
|move|p2a: Toxapex|Haze|p2a: Toxapex
|-clearallboost
|
|-heal|p2a: Toxapex|100/100 brn|[from] item: Black Sludge
|-damage|p1a: microwaved cat|94/100 tox|[from] psn
|-damage|p2a: Toxapex|94/100 brn|[from] brn
|upkeep
|turn|133
|
|t:|1641871813
|switch|p1a: purrrr|Mienshao, F|100/100 psn
|move|p2a: Toxapex|Haze|p2a: Toxapex
|-clearallboost
|
|-heal|p2a: Toxapex|100/100 brn|[from] item: Black Sludge
|-damage|p1a: purrrr|88/100 psn|[from] psn
|-damage|p2a: Toxapex|94/100 brn|[from] brn
|upkeep
|turn|134
|
|t:|1641871814
|switch|p1a: microwaved cat|Ditto|100/100 tox
|-transform|p1a: microwaved cat|p2a: Toxapex|[from] ability: Imposter
|move|p2a: Toxapex|Haze|p2a: Toxapex
|-clearallboost
|
|-heal|p2a: Toxapex|100/100 brn|[from] item: Black Sludge
|-damage|p1a: microwaved cat|94/100 tox|[from] psn
|-damage|p2a: Toxapex|94/100 brn|[from] brn
|upkeep
|turn|135
|
|t:|1641871816
|switch|p1a: purrrr|Mienshao, F|100/100 psn
|move|p2a: Toxapex|Haze|p2a: Toxapex
|-clearallboost
|
|-heal|p2a: Toxapex|100/100 brn|[from] item: Black Sludge
|-damage|p1a: purrrr|88/100 psn|[from] psn
|-damage|p2a: Toxapex|94/100 brn|[from] brn
|upkeep
|turn|136
|
|t:|1641871817
|switch|p1a: microwaved cat|Ditto|100/100 tox
|-transform|p1a: microwaved cat|p2a: Toxapex|[from] ability: Imposter
|move|p2a: Toxapex|Haze|p2a: Toxapex
|-clearallboost
|
|-heal|p2a: Toxapex|100/100 brn|[from] item: Black Sludge
|-damage|p1a: microwaved cat|94/100 tox|[from] psn
|-damage|p2a: Toxapex|94/100 brn|[from] brn
|upkeep
|turn|137
|
|t:|1641871818
|switch|p1a: purrrr|Mienshao, F|100/100 psn
|move|p2a: Toxapex|Haze|p2a: Toxapex
|-clearallboost
|
|-heal|p2a: Toxapex|100/100 brn|[from] item: Black Sludge
|-damage|p1a: purrrr|88/100 psn|[from] psn
|-damage|p2a: Toxapex|94/100 brn|[from] brn
|upkeep
|turn|138
|
|t:|1641871820
|switch|p1a: microwaved cat|Ditto|100/100 tox
|-transform|p1a: microwaved cat|p2a: Toxapex|[from] ability: Imposter
|move|p2a: Toxapex|Haze|p2a: Toxapex
|-clearallboost
|
|-heal|p2a: Toxapex|100/100 brn|[from] item: Black Sludge
|-damage|p1a: microwaved cat|94/100 tox|[from] psn
|-damage|p2a: Toxapex|94/100 brn|[from] brn
|upkeep
|turn|139
|
|t:|1641871821
|switch|p1a: purrrr|Mienshao, F|100/100 psn
|move|p2a: Toxapex|Haze|p2a: Toxapex
|-clearallboost
|
|-heal|p2a: Toxapex|100/100 brn|[from] item: Black Sludge
|-damage|p1a: purrrr|88/100 psn|[from] psn
|-damage|p2a: Toxapex|94/100 brn|[from] brn
|upkeep
|turn|140
|
|t:|1641871823
|switch|p1a: microwaved cat|Ditto|100/100 tox
|-transform|p1a: microwaved cat|p2a: Toxapex|[from] ability: Imposter
|move|p2a: Toxapex|Haze|p2a: Toxapex
|-clearallboost
|
|-heal|p2a: Toxapex|100/100 brn|[from] item: Black Sludge
|-damage|p1a: microwaved cat|94/100 tox|[from] psn
|-damage|p2a: Toxapex|94/100 brn|[from] brn
|upkeep
|turn|141
|
|t:|1641871825
|switch|p1a: purrrr|Mienshao, F|100/100 psn
|move|p2a: Toxapex|Haze|p2a: Toxapex
|-clearallboost
|
|-heal|p2a: Toxapex|100/100 brn|[from] item: Black Sludge
|-damage|p1a: purrrr|88/100 psn|[from] psn
|-damage|p2a: Toxapex|94/100 brn|[from] brn
|upkeep
|turn|142
|
|t:|1641871826
|switch|p1a: microwaved cat|Ditto|100/100 tox
|-transform|p1a: microwaved cat|p2a: Toxapex|[from] ability: Imposter
|move|p2a: Toxapex|Haze|p2a: Toxapex
|-clearallboost
|
|-heal|p2a: Toxapex|100/100 brn|[from] item: Black Sludge
|-damage|p1a: microwaved cat|94/100 tox|[from] psn
|-damage|p2a: Toxapex|94/100 brn|[from] brn
|upkeep
|turn|143
|
|t:|1641871827
|switch|p1a: purrrr|Mienshao, F|100/100 psn
|move|p2a: Toxapex|Haze|p2a: Toxapex
|-clearallboost
|
|-heal|p2a: Toxapex|100/100 brn|[from] item: Black Sludge
|-damage|p1a: purrrr|88/100 psn|[from] psn
|-damage|p2a: Toxapex|94/100 brn|[from] brn
|upkeep
|turn|144
|
|t:|1641871830
|switch|p1a: microwaved cat|Ditto|100/100 tox
|-transform|p1a: microwaved cat|p2a: Toxapex|[from] ability: Imposter
|move|p2a: Toxapex|Haze|p2a: Toxapex
|-clearallboost
|
|-heal|p2a: Toxapex|100/100 brn|[from] item: Black Sludge
|-damage|p1a: microwaved cat|94/100 tox|[from] psn
|-damage|p2a: Toxapex|94/100 brn|[from] brn
|upkeep
|turn|145
|
|t:|1641871832
|switch|p1a: purrrr|Mienshao, F|100/100 psn
|move|p2a: Toxapex|Haze|p2a: Toxapex
|-clearallboost
|
|-heal|p2a: Toxapex|100/100 brn|[from] item: Black Sludge
|-damage|p1a: purrrr|88/100 psn|[from] psn
|-damage|p2a: Toxapex|94/100 brn|[from] brn
|upkeep
|turn|146
|
|t:|1641871834
|switch|p1a: microwaved cat|Ditto|100/100 tox
|-transform|p1a: microwaved cat|p2a: Toxapex|[from] ability: Imposter
|move|p2a: Toxapex|Haze|p2a: Toxapex
|-clearallboost
|
|-heal|p2a: Toxapex|100/100 brn|[from] item: Black Sludge
|-damage|p1a: microwaved cat|94/100 tox|[from] psn
|-damage|p2a: Toxapex|94/100 brn|[from] brn
|upkeep
|turn|147
|
|t:|1641871835
|switch|p1a: purrrr|Mienshao, F|100/100 psn
|move|p2a: Toxapex|Haze|p2a: Toxapex
|-clearallboost
|
|-heal|p2a: Toxapex|100/100 brn|[from] item: Black Sludge
|-damage|p1a: purrrr|88/100 psn|[from] psn
|-damage|p2a: Toxapex|94/100 brn|[from] brn
|upkeep
|turn|148
|
|t:|1641871837
|switch|p1a: microwaved cat|Ditto|100/100 tox
|-transform|p1a: microwaved cat|p2a: Toxapex|[from] ability: Imposter
|move|p2a: Toxapex|Haze|p2a: Toxapex
|-clearallboost
|
|-heal|p2a: Toxapex|100/100 brn|[from] item: Black Sludge
|-damage|p1a: microwaved cat|94/100 tox|[from] psn
|-damage|p2a: Toxapex|94/100 brn|[from] brn
|upkeep
|turn|149
|
|t:|1641871839
|switch|p1a: purrrr|Mienshao, F|100/100 psn
|move|p2a: Toxapex|Haze|p2a: Toxapex
|-clearallboost
|
|-heal|p2a: Toxapex|100/100 brn|[from] item: Black Sludge
|-damage|p1a: purrrr|88/100 psn|[from] psn
|-damage|p2a: Toxapex|94/100 brn|[from] brn
|upkeep
|turn|150
|
|t:|1641871841
|switch|p1a: microwaved cat|Ditto|100/100 tox
|-transform|p1a: microwaved cat|p2a: Toxapex|[from] ability: Imposter
|move|p2a: Toxapex|Haze|p2a: Toxapex
|-clearallboost
|
|-heal|p2a: Toxapex|100/100 brn|[from] item: Black Sludge
|-damage|p1a: microwaved cat|94/100 tox|[from] psn
|-damage|p2a: Toxapex|94/100 brn|[from] brn
|upkeep
|turn|151
|
|t:|1641871843
|switch|p1a: purrrr|Mienshao, F|100/100 psn
|move|p2a: Toxapex|Haze|p2a: Toxapex
|-clearallboost
|
|-heal|p2a: Toxapex|100/100 brn|[from] item: Black Sludge
|-damage|p1a: purrrr|88/100 psn|[from] psn
|-damage|p2a: Toxapex|94/100 brn|[from] brn
|upkeep
|turn|152
|
|t:|1641871845
|move|p1a: purrrr|Drain Punch|p2a: Toxapex
|-resisted|p2a: Toxapex
|-crit|p2a: Toxapex
|-damage|p2a: Toxapex|77/100 brn
|-heal|p1a: purrrr|98/100 psn|[from] drain|[of] p2a: Toxapex
|move|p2a: Toxapex|Haze|p2a: Toxapex
|-clearallboost
|
|-heal|p2a: Toxapex|83/100 brn|[from] item: Black Sludge
|-damage|p1a: purrrr|86/100 psn|[from] psn
|-damage|p2a: Toxapex|77/100 brn|[from] brn
|upkeep
|turn|153
|
|t:|1641871852
|move|p1a: purrrr|Drain Punch|p2a: Toxapex
|-resisted|p2a: Toxapex
|-damage|p2a: Toxapex|65/100 brn
|-heal|p1a: purrrr|92/100 psn|[from] drain|[of] p2a: Toxapex
|-activate|p2a: Toxapex|move: Struggle
|move|p2a: Toxapex|Struggle|p1a: purrrr
|-damage|p1a: purrrr|86/100 psn
|-damage|p2a: Toxapex|40/100 brn|[from] recoil
|
|-heal|p2a: Toxapex|47/100 brn|[from] item: Black Sludge
|-damage|p1a: purrrr|74/100 psn|[from] psn
|-damage|p2a: Toxapex|40/100 brn|[from] brn
|upkeep
|turn|154
|
|t:|1641871865
|move|p1a: purrrr|Drain Punch|p2a: Toxapex
|-resisted|p2a: Toxapex
|-damage|p2a: Toxapex|28/100 brn
|-heal|p1a: purrrr|81/100 psn|[from] drain|[of] p2a: Toxapex
|-activate|p2a: Toxapex|move: Struggle
|move|p2a: Toxapex|Struggle|p1a: purrrr
|-damage|p1a: purrrr|75/100 psn
|-damage|p2a: Toxapex|3/100 brn|[from] recoil
|
|-heal|p2a: Toxapex|9/100 brn|[from] item: Black Sludge
|-damage|p1a: purrrr|63/100 psn|[from] psn
|-damage|p2a: Toxapex|3/100 brn|[from] brn
|upkeep
|turn|155
|
|t:|1641871877
|move|p1a: purrrr|U-turn|p2a: Toxapex
|-resisted|p2a: Toxapex
|-damage|p2a: Toxapex|0 fnt
|faint|p2a: Toxapex
|
|win|shade hare
|raw|shade hare's rating: 1155 &rarr; <strong>1184</strong><br />(+29 for winning)
|raw|Gastly 2022's rating: 1211 &rarr; <strong>1182</strong><br />(-29 for losing)
|l|☆Gastly 2022
