|j|☆MYDOGPEES
|j|☆TheArnazingMirror
|t:|1641745843
|gametype|singles
|player|p1|MYDOGPEES|hiker-gen4|1237
|player|p2|TheArnazingMirror|hilbert|1231
|teamsize|p1|6
|teamsize|p2|6
|gen|8
|tier|[Gen 8] OU
|rated|
|rule|Sleep Clause Mod: Limit one foe put to sleep
|rule|Species Clause: Limit one of each Pokémon
|rule|OHKO Clause: OHKO moves are banned
|rule|Evasion Moves Clause: Evasion moves are banned
|rule|Endless Battle Clause: Forcing endless battles is banned
|rule|HP Percentage Mod: HP is shown in percentages
|rule|Dynamax Clause: You cannot dynamax
|clearpoke
|poke|p1|Landorus-Therian, M|
|poke|p1|Zoroark, M|
|poke|p1|Urshifu-*, F|
|poke|p1|Rillaboom, F|
|poke|p1|Ninetales-Alola, M|
|poke|p1|Porygon2|
|poke|p2|Tapu Lele|
|poke|p2|Victini|
|poke|p2|Landorus-Therian, M|
|poke|p2|Kartana|
|poke|p2|Melmetal|
|poke|p2|Dragapult, M|
|teampreview
|inactive|Battle timer is ON: inactive players will automatically lose when time's up. (requested by TheArnazingMirror)
|c|☆TheArnazingMirror|Glhf
|
|t:|1641745859
|start
|switch|p1a: Ninetales|Ninetales-Alola, M|100/100
|switch|p2a: Melmetal|Melmetal|100/100
|turn|1
|c|☆MYDOGPEES|glhf
|c|☆TheArnazingMirror|ty
|
|t:|1641745871
|move|p1a: Ninetales|Flamethrower|p2a: Melmetal
|-supereffective|p2a: Melmetal
|-damage|p2a: Melmetal|54/100
|move|p2a: Melmetal|Double Iron Bash|p1a: Ninetales
|-damage|p1a: Ninetales|15/100
|replace|p1a: Zoroark|Zoroark, M
|-end|p1a: Zoroark|Illusion
|-damage|p1a: Zoroark|0 fnt
|faint|p1a: Zoroark
|-hitcount|p1: Zoroark|2
|
|upkeep
|
|t:|1641745896
|switch|p1a: Rillaboom|Rillaboom, F|100/100
|-fieldstart|move: Grassy Terrain|[from] ability: Grassy Surge|[of] p1a: Rillaboom
|turn|2
|
|t:|1641745901
|switch|p2a: Dragapult|Dragapult, M|100/100
|move|p1a: Rillaboom|Drain Punch|p2a: Dragapult
|-immune|p2a: Dragapult
|
|upkeep
|turn|3
|
|t:|1641745905
|switch|p1a: Porygon2|Porygon2|100/100
|-ability|p1a: Porygon2|Infiltrator|[from] ability: Trace|[of] p2a: Dragapult
|move|p2a: Dragapult|Flamethrower|p1a: Porygon2
|-damage|p1a: Porygon2|77/100
|
|-heal|p1a: Porygon2|83/100|[from] Grassy Terrain
|upkeep
|turn|4
|
|t:|1641745912
|switch|p2a: Melmetal|Melmetal|54/100
|move|p1a: Porygon2|Ice Beam|p2a: Melmetal
|-resisted|p2a: Melmetal
|-damage|p2a: Melmetal|44/100
|
|-heal|p1a: Porygon2|90/100|[from] Grassy Terrain
|-heal|p2a: Melmetal|50/100|[from] Grassy Terrain
|upkeep
|turn|5
|
|t:|1641745921
|switch|p1a: Landorus|Landorus-Therian, M|100/100
|-ability|p1a: Landorus|Intimidate|boost
|-unboost|p2a: Melmetal|atk|1
|move|p2a: Melmetal|Superpower|p1a: Landorus
|-resisted|p1a: Landorus
|-damage|p1a: Landorus|80/100
|-unboost|p2a: Melmetal|atk|1
|-unboost|p2a: Melmetal|def|1
|
|-heal|p1a: Landorus|86/100|[from] item: Leftovers
|-heal|p2a: Melmetal|56/100|[from] Grassy Terrain
|upkeep
|turn|6
|
|t:|1641745930
|switch|p2a: Landorus|Landorus-Therian, M|100/100
|-ability|p2a: Landorus|Intimidate|boost
|-unboost|p1a: Landorus|atk|1
|move|p1a: Landorus|Knock Off|p2a: Landorus
|-damage|p2a: Landorus|75/100
|-enditem|p2a: Landorus|Soft Sand|[from] move: Knock Off|[of] p1a: Landorus
|
|-heal|p1a: Landorus|92/100|[from] item: Leftovers
|-fieldend|move: Grassy Terrain
|upkeep
|turn|7
|
|t:|1641745945
|move|p1a: Landorus|U-turn|p2a: Landorus
|-resisted|p2a: Landorus
|-damage|p2a: Landorus|66/100
|
|t:|1641745947
|switch|p1a: Urshifu|Urshifu-Rapid-Strike, F|100/100|[from]move: U-turn
|move|p2a: Landorus|Smack Down|p1a: Urshifu
|-resisted|p1a: Urshifu
|-damage|p1a: Urshifu|91/100
|
|upkeep
|turn|8
|
|t:|1641745963
|move|p1a: Urshifu|Surging Strikes|p2a: Landorus
|-supereffective|p2a: Landorus
|-crit|p2a: Landorus
|-damage|p2a: Landorus|25/100
|-supereffective|p2a: Landorus
|-crit|p2a: Landorus
|-damage|p2a: Landorus|0 fnt
|faint|p2a: Landorus
|-hitcount|p2: Landorus|2
|
|upkeep
|
|t:|1641745967
|switch|p2a: Tapu Lele|Tapu Lele|100/100
|-fieldstart|move: Psychic Terrain|[from] ability: Psychic Surge|[of] p2a: Tapu Lele
|turn|9
|
|t:|1641745975
|move|p1a: Urshifu|Surging Strikes|p2a: Tapu Lele
|-crit|p2a: Tapu Lele
|-damage|p2a: Tapu Lele|68/100
|-crit|p2a: Tapu Lele
|-damage|p2a: Tapu Lele|33/100
|-crit|p2a: Tapu Lele
|-damage|p2a: Tapu Lele|0 fnt
|faint|p2a: Tapu Lele
|-hitcount|p2: Tapu Lele|3
|
|upkeep
|
|t:|1641745978
|switch|p2a: Kartana|Kartana|100/100
|turn|10
|
|t:|1641745984
|switch|p1a: Landorus|Landorus-Therian, M|92/100
|-ability|p1a: Landorus|Intimidate|boost
|-unboost|p2a: Kartana|atk|1
|move|p2a: Kartana|Leaf Blade|p1a: Landorus
|-crit|p1a: Landorus
|-damage|p1a: Landorus|0 fnt
|faint|p1a: Landorus
|-ability|p2a: Kartana|Beast Boost|boost
|-boost|p2a: Kartana|atk|1
|
|upkeep
|
|t:|1641745990
|switch|p1a: Porygon2|Porygon2|90/100
|-ability|p1a: Porygon2|Beast Boost|[from] ability: Trace|[of] p2a: Kartana
|turn|11
|
|t:|1641745999
|switch|p2a: Melmetal|Melmetal|56/100
|move|p1a: Porygon2|Tri Attack|p2a: Melmetal
|-resisted|p2a: Melmetal
|-damage|p2a: Melmetal|43/100
|
|upkeep
|turn|12
|
|t:|1641746006
|move|p1a: Porygon2|Thunderbolt|p2a: Melmetal
|-damage|p2a: Melmetal|24/100
|move|p2a: Melmetal|Superpower|p1a: Porygon2
|-supereffective|p1a: Porygon2
|-damage|p1a: Porygon2|27/100
|-unboost|p2a: Melmetal|atk|1
|-unboost|p2a: Melmetal|def|1
|
|upkeep
|turn|13
|
|t:|1641746013
|switch|p2a: Dragapult|Dragapult, M|100/100
|move|p1a: Porygon2|Recover|p1a: Porygon2
|-heal|p1a: Porygon2|77/100
|
|-fieldend|move: Psychic Terrain
|upkeep
|turn|14
|
|t:|1641746023
|move|p2a: Dragapult|Draco Meteor|p1a: Porygon2
|-damage|p1a: Porygon2|25/100
|-unboost|p2a: Dragapult|spa|2
|move|p1a: Porygon2|Ice Beam|p2a: Dragapult
|-supereffective|p2a: Dragapult
|-damage|p2a: Dragapult|18/100
|
|upkeep
|turn|15
|
|t:|1641746034
|switch|p2a: Victini|Victini|100/100
|switch|p1a: Ninetales|Ninetales-Alola, M|100/100
|-weather|Hail|[from] ability: Snow Warning|[of] p1a: Ninetales
|
|-weather|Hail|[upkeep]
|-damage|p2a: Victini|94/100|[from] Hail
|upkeep
|turn|16
|
|t:|1641746044
|switch|p1a: Urshifu|Urshifu-Rapid-Strike, F|91/100
|move|p2a: Victini|V-create|p1a: Urshifu
|-resisted|p1a: Urshifu
|-damage|p1a: Urshifu|60/100
|-unboost|p2a: Victini|spe|1
|-unboost|p2a: Victini|def|1
|-unboost|p2a: Victini|spd|1
|
|-weather|Hail|[upkeep]
|-damage|p1a: Urshifu|54/100|[from] Hail
|-damage|p2a: Victini|88/100|[from] Hail
|upkeep
|turn|17
|
|t:|1641746054
|move|p1a: Urshifu|Close Combat|p2a: Victini
|-resisted|p2a: Victini
|-damage|p2a: Victini|27/100
|-unboost|p1a: Urshifu|def|1
|-unboost|p1a: Urshifu|spd|1
|move|p2a: Victini|Expanding Force|p1a: Urshifu
|-supereffective|p1a: Urshifu
|-damage|p1a: Urshifu|0 fnt
|faint|p1a: Urshifu
|
|-weather|Hail|[upkeep]
|-damage|p2a: Victini|20/100|[from] Hail
|upkeep
|
|t:|1641746060
|switch|p1a: Rillaboom|Rillaboom, F|100/100
|-fieldstart|move: Grassy Terrain|[from] ability: Grassy Surge|[of] p1a: Rillaboom
|turn|18
|
|t:|1641746064
|move|p1a: Rillaboom|Grassy Glide|p2a: Victini
|-resisted|p2a: Victini
|-damage|p2a: Victini|0 fnt
|faint|p2a: Victini
|
|-weather|Hail|[upkeep]
|-damage|p1a: Rillaboom|94/100|[from] Hail
|-heal|p1a: Rillaboom|100/100|[from] Grassy Terrain
|upkeep
|
|t:|1641746067
|switch|p2a: Kartana|Kartana|100/100
|turn|19
|
|t:|1641746072
|move|p1a: Rillaboom|Grassy Glide|p2a: Kartana
|-resisted|p2a: Kartana
|-damage|p2a: Kartana|83/100
|move|p2a: Kartana|Knock Off|p1a: Rillaboom
|-damage|p1a: Rillaboom|50/100
|-enditem|p1a: Rillaboom|Choice Band|[from] move: Knock Off|[of] p2a: Kartana
|
|-weather|none
|-heal|p2a: Kartana|89/100|[from] Grassy Terrain
|-heal|p1a: Rillaboom|57/100|[from] Grassy Terrain
|upkeep
|turn|20
|
|t:|1641746076
|move|p2a: Kartana|Knock Off|p1a: Rillaboom
|-damage|p1a: Rillaboom|27/100
|move|p1a: Rillaboom|Drain Punch|p2a: Kartana
|-supereffective|p2a: Kartana
|-damage|p2a: Kartana|33/100
|-heal|p1a: Rillaboom|48/100|[from] drain|[of] p2a: Kartana
|
|-heal|p2a: Kartana|39/100|[from] Grassy Terrain
|-heal|p1a: Rillaboom|54/100|[from] Grassy Terrain
|upkeep
|turn|21
|
|t:|1641746081
|move|p2a: Kartana|Knock Off|p1a: Rillaboom
|-damage|p1a: Rillaboom|25/100
|move|p1a: Rillaboom|Drain Punch|p2a: Kartana
|-supereffective|p2a: Kartana
|-damage|p2a: Kartana|0 fnt
|-heal|p1a: Rillaboom|39/100|[from] drain|[of] p2a: Kartana
|faint|p2a: Kartana
|
|-heal|p1a: Rillaboom|45/100|[from] Grassy Terrain
|upkeep
|
|t:|1641746084
|switch|p2a: Dragapult|Dragapult, M|18/100
|turn|22
|
|t:|1641746088
|move|p1a: Rillaboom|Grassy Glide|p2a: Dragapult
|-resisted|p2a: Dragapult
|-damage|p2a: Dragapult|0 fnt
|faint|p2a: Dragapult
|
|-heal|p1a: Rillaboom|52/100|[from] Grassy Terrain
|-fieldend|move: Grassy Terrain
|upkeep
|c|☆TheArnazingMirror|gg
|c|☆MYDOGPEES|gg
|
|t:|1641746095
|switch|p2a: Melmetal|Melmetal|24/100
|turn|23
|
|t:|1641746099
|move|p1a: Rillaboom|Drain Punch|p2a: Melmetal
|-supereffective|p2a: Melmetal
|-damage|p2a: Melmetal|0 fnt
|-heal|p1a: Rillaboom|68/100|[from] drain|[of] p2a: Melmetal
|faint|p2a: Melmetal
|
|win|MYDOGPEES
|raw|MYDOGPEES's rating: 1237 &rarr; <strong>1262</strong><br />(+25 for winning)
|raw|TheArnazingMirror's rating: 1231 &rarr; <strong>1206</strong><br />(-25 for losing)
|l|☆MYDOGPEES
