|j|☆Picolino
|j|☆mistborn1371
|t:|1641863756
|gametype|singles
|player|p1|Picolino|170|1264
|player|p2|mistborn1371|265|1266
|teamsize|p1|6
|teamsize|p2|6
|gen|8
|tier|[Gen 8] OU
|rated|
|rule|Sleep Clause Mod: Limit one foe put to sleep
|rule|Species Clause: Limit one of each Pokémon
|rule|OHKO Clause: OHKO moves are banned
|rule|Evasion Moves Clause: Evasion moves are banned
|rule|Endless Battle Clause: Forcing endless battles is banned
|rule|HP Percentage Mod: HP is shown in percentages
|rule|Dynamax Clause: You cannot dynamax
|clearpoke
|poke|p1|Urshifu-*, M|
|poke|p1|Pelipper, F|
|poke|p1|Zapdos|
|poke|p1|Shedinja|
|poke|p1|Wigglytuff, M|
|poke|p1|Scizor, F|
|poke|p2|Tapu Lele|
|poke|p2|Buzzwole|
|poke|p2|Dragonite, M|
|poke|p2|Bisharp, M|
|poke|p2|Landorus-Therian, M|
|poke|p2|Blacephalon|
|teampreview
|inactive|Battle timer is ON: inactive players will automatically lose when time's up. (requested by mistborn1371)
|
|t:|1641863761
|start
|switch|p1a: Pelipper|Pelipper, F|100/100
|switch|p2a: Tapu Lele|Tapu Lele, shiny|100/100
|-fieldstart|move: Psychic Terrain|[from] ability: Psychic Surge|[of] p2a: Tapu Lele
|-weather|RainDance|[from] ability: Drizzle|[of] p1a: Pelipper
|turn|1
|
|t:|1641863772
|switch|p1a: Shedinja|Shedinja|100/100
|move|p2a: Tapu Lele|Psychic|p1a: Shedinja
|-immune|p1a: Shedinja|[from] ability: Wonder Guard
|
|-weather|RainDance|[upkeep]
|upkeep
|turn|2
|
|t:|1641863792
|switch|p2a: Landorus|Landorus-Therian, M|100/100
|-ability|p2a: Landorus|Intimidate|boost
|-unboost|p1a: Shedinja|atk|1
|move|p1a: Shedinja|Will-O-Wisp|p2a: Landorus
|-status|p2a: Landorus|brn
|
|-weather|RainDance|[upkeep]
|-damage|p2a: Landorus|94/100 brn|[from] brn
|upkeep
|turn|3
|
|t:|1641863805
|switch|p1a: Scizor|Scizor, F|100/100
|move|p2a: Landorus|Toxic|p1a: Scizor
|-immune|p1a: Scizor
|
|-weather|RainDance|[upkeep]
|-damage|p2a: Landorus|88/100 brn|[from] brn
|upkeep
|turn|4
|
|t:|1641863814
|move|p2a: Landorus|Stealth Rock|p1a: Scizor
|-sidestart|p1: Picolino|move: Stealth Rock
|move|p1a: Scizor|Knock Off|p2a: Landorus
|-damage|p2a: Landorus|54/100 brn
|-damage|p1a: Scizor|84/100|[from] item: Rocky Helmet|[of] p2a: Landorus
|-enditem|p2a: Landorus|Rocky Helmet|[from] move: Knock Off|[of] p1a: Scizor
|-damage|p1a: Scizor|74/100|[from] item: Life Orb
|
|-weather|RainDance|[upkeep]
|-damage|p2a: Landorus|48/100 brn|[from] brn
|upkeep
|turn|5
|
|t:|1641863826
|move|p2a: Landorus|U-turn|p1a: Scizor
|-resisted|p1a: Scizor
|-damage|p1a: Scizor|67/100
|
|t:|1641863830
|switch|p2a: Buzzwole|Buzzwole|100/100|[from]move: U-turn
|move|p1a: Scizor|Swords Dance|p1a: Scizor
|-boost|p1a: Scizor|atk|2
|
|-weather|RainDance|[upkeep]
|-fieldend|move: Psychic Terrain
|upkeep
|turn|6
|inactive|Picolino has 120 seconds left.
|
|t:|1641863862
|switch|p1a: Zapdos|Zapdos|100/100
|move|p2a: Buzzwole|Substitute|p2a: Buzzwole
|-start|p2a: Buzzwole|Substitute
|-damage|p2a: Buzzwole|76/100
|
|-weather|RainDance|[upkeep]
|-heal|p2a: Buzzwole|82/100|[from] item: Leftovers
|upkeep
|turn|7
|
|t:|1641863870
|move|p1a: Zapdos|Hurricane|p2a: Buzzwole
|-supereffective|p2a: Buzzwole
|-end|p2a: Buzzwole|Substitute
|move|p2a: Buzzwole|Ice Punch|p1a: Zapdos
|-supereffective|p1a: Zapdos
|-damage|p1a: Zapdos|30/100
|
|-weather|RainDance|[upkeep]
|-heal|p2a: Buzzwole|88/100|[from] item: Leftovers
|upkeep
|turn|8
|
|t:|1641863881
|switch|p2a: Dragonite|Dragonite, M|100/100
|move|p1a: Zapdos|Roost|p1a: Zapdos
|-heal|p1a: Zapdos|80/100
|-singleturn|p1a: Zapdos|move: Roost
|
|-weather|none
|upkeep
|turn|9
|
|t:|1641863895
|switch|p1a: Pelipper|Pelipper, F|100/100
|-damage|p1a: Pelipper|76/100|[from] Stealth Rock
|-weather|RainDance|[from] ability: Drizzle|[of] p1a: Pelipper
|move|p2a: Dragonite|Ice Beam|p1a: Pelipper
|-damage|p1a: Pelipper|48/100
|
|-weather|RainDance|[upkeep]
|upkeep
|turn|10
|
|t:|1641863905
|move|p2a: Dragonite|Ice Beam|p1a: Pelipper
|-damage|p1a: Pelipper|22/100
|move|p1a: Pelipper|Scald|p2a: Dragonite
|-resisted|p2a: Dragonite
|-crit|p2a: Dragonite
|-damage|p2a: Dragonite|91/100
|
|-weather|RainDance|[upkeep]
|upkeep
|turn|11
|
|t:|1641863913
|move|p2a: Dragonite|Ice Beam|p1a: Pelipper
|-damage|p1a: Pelipper|0 fnt
|faint|p1a: Pelipper
|
|-weather|RainDance|[upkeep]
|upkeep
|
|t:|1641863919
|switch|p1a: Urshifu|Urshifu-Rapid-Strike, M|100/100
|-damage|p1a: Urshifu|94/100|[from] Stealth Rock
|turn|12
|
|t:|1641863930
|move|p1a: Urshifu|Surging Strikes|p2a: Dragonite
|-resisted|p2a: Dragonite
|-crit|p2a: Dragonite
|-damage|p2a: Dragonite|73/100
|-resisted|p2a: Dragonite
|-crit|p2a: Dragonite
|-damage|p2a: Dragonite|53/100
|-resisted|p2a: Dragonite
|-crit|p2a: Dragonite
|-damage|p2a: Dragonite|33/100
|-hitcount|p2a: Dragonite|3
|move|p2a: Dragonite|Roost|p2a: Dragonite
|-heal|p2a: Dragonite|83/100
|-singleturn|p2a: Dragonite|move: Roost
|
|-weather|RainDance|[upkeep]
|upkeep
|turn|13
|
|t:|1641863946
|switch|p1a: Scizor|Scizor, F|67/100
|-damage|p1a: Scizor|55/100|[from] Stealth Rock
|move|p2a: Dragonite|Roost|p2a: Dragonite
|-heal|p2a: Dragonite|100/100
|-singleturn|p2a: Dragonite|move: Roost
|
|-weather|RainDance|[upkeep]
|upkeep
|turn|14
|
|t:|1641863955
|move|p1a: Scizor|Knock Off|p2a: Dragonite
|-damage|p2a: Dragonite|80/100
|-enditem|p2a: Dragonite|Heavy-Duty Boots|[from] move: Knock Off|[of] p1a: Scizor
|-damage|p1a: Scizor|45/100|[from] item: Life Orb
|move|p2a: Dragonite|Earthquake|p1a: Scizor
|-damage|p1a: Scizor|9/100
|
|-weather|RainDance|[upkeep]
|upkeep
|turn|15
|
|t:|1641863977
|switch|p1a: Shedinja|Shedinja|100/100
|move|p2a: Dragonite|Ice Beam|p1a: Shedinja
|-immune|p1a: Shedinja|[from] ability: Wonder Guard
|
|-weather|RainDance|[upkeep]
|upkeep
|turn|16
|
|t:|1641863993
|switch|p1a: Wigglytuff|Wigglytuff, M|100/100
|-damage|p1a: Wigglytuff|88/100|[from] Stealth Rock
|switch|p2a: Landorus|Landorus-Therian, M|48/100 brn
|-ability|p2a: Landorus|Intimidate|boost
|-unboost|p1a: Wigglytuff|atk|1
|-ability|p1a: Wigglytuff|Competitive
|-boost|p1a: Wigglytuff|spa|2
|
|-weather|none
|-damage|p2a: Landorus|42/100 brn|[from] brn
|upkeep
|turn|17
|
|t:|1641864005
|move|p2a: Landorus|Toxic|p1a: Wigglytuff
|-status|p1a: Wigglytuff|tox
|move|p1a: Wigglytuff|Wish|p1a: Wigglytuff
|
|-damage|p1a: Wigglytuff|82/100 tox|[from] psn
|-damage|p2a: Landorus|36/100 brn|[from] brn
|upkeep
|turn|18
|
|t:|1641864015
|move|p2a: Landorus|U-turn|p1a: Wigglytuff
|-resisted|p1a: Wigglytuff
|-damage|p1a: Wigglytuff|75/100 tox
|
|t:|1641864024
|switch|p2a: Tapu Lele|Tapu Lele, shiny|100/100|[from]move: U-turn
|-fieldstart|move: Psychic Terrain|[from] ability: Psychic Surge|[of] p2a: Tapu Lele
|move|p1a: Wigglytuff|Stealth Rock|p2a: Tapu Lele
|-sidestart|p2: mistborn1371|move: Stealth Rock
|
|-heal|p1a: Wigglytuff|100/100 tox|[from] move: Wish|[wisher] Wigglytuff
|-damage|p1a: Wigglytuff|88/100 tox|[from] psn
|upkeep
|turn|19
|inactive|mistborn1371 has 120 seconds left.
|
|t:|1641864055
|switch|p1a: Shedinja|Shedinja|100/100
|move|p2a: Tapu Lele|Psyshock|p1a: Shedinja
|-immune|p1a: Shedinja|[from] ability: Wonder Guard
|
|upkeep
|turn|20
|
|t:|1641864067
|switch|p2a: Landorus|Landorus-Therian, M|36/100 brn
|-damage|p2a: Landorus|24/100 brn|[from] Stealth Rock
|-ability|p2a: Landorus|Intimidate|boost
|-unboost|p1a: Shedinja|atk|1
|move|p1a: Shedinja|Poltergeist||[still]
|-fail|p1a: Shedinja
|
|-damage|p2a: Landorus|18/100 brn|[from] brn
|upkeep
|turn|21
|
|t:|1641864079
|switch|p1a: Scizor|Scizor, F|9/100
|-damage|p1a: Scizor|0 fnt|[from] Stealth Rock
|faint|p1a: Scizor
|move|p2a: Landorus|U-turn|p1: Scizor|[notarget]
|-fail|p2a: Landorus
|
|-damage|p2a: Landorus|12/100 brn|[from] brn
|upkeep
|
|t:|1641864094
|switch|p1a: Urshifu|Urshifu-Rapid-Strike, M|94/100
|-damage|p1a: Urshifu|88/100|[from] Stealth Rock
|turn|22
|
|t:|1641864099
|move|p1a: Urshifu|Aqua Jet|p2a: Landorus
|-hint|Psychic Terrain doesn't affect Pokémon immune to Ground.
|-supereffective|p2a: Landorus
|-damage|p2a: Landorus|0 fnt
|faint|p2a: Landorus
|
|-fieldend|move: Psychic Terrain
|upkeep
|
|t:|1641864109
|switch|p2a: Dragonite|Dragonite, M|80/100
|-damage|p2a: Dragonite|55/100|[from] Stealth Rock
|turn|23
|
|t:|1641864114
|switch|p1a: Wigglytuff|Wigglytuff, M|88/100 tox
|-damage|p1a: Wigglytuff|76/100 tox|[from] Stealth Rock
|move|p2a: Dragonite|Roost|p2a: Dragonite
|-heal|p2a: Dragonite|100/100
|-singleturn|p2a: Dragonite|move: Roost
|
|-damage|p1a: Wigglytuff|70/100 tox|[from] psn
|upkeep
|turn|24
|
|t:|1641864125
|move|p2a: Dragonite|Defog|p1a: Wigglytuff
|-unboost|p1a: Wigglytuff|evasion|1
|-ability|p1a: Wigglytuff|Competitive
|-boost|p1a: Wigglytuff|spa|2
|-sideend|p1: Picolino|Stealth Rock|[from] move: Defog|[of] p2a: Dragonite
|-sideend|p2: mistborn1371|Stealth Rock|[from] move: Defog|[of] p2a: Dragonite
|move|p1a: Wigglytuff|Dazzling Gleam|p2a: Dragonite
|-supereffective|p2a: Dragonite
|-damage|p2a: Dragonite|57/100
|
|-damage|p1a: Wigglytuff|57/100 tox|[from] psn
|upkeep
|turn|25
|
|t:|1641864136
|move|p2a: Dragonite|Roost|p2a: Dragonite
|-heal|p2a: Dragonite|100/100
|-singleturn|p2a: Dragonite|move: Roost
|move|p1a: Wigglytuff|Ice Beam|p2a: Dragonite
|-supereffective|p2a: Dragonite
|-damage|p2a: Dragonite|66/100
|
|-damage|p1a: Wigglytuff|39/100 tox|[from] psn
|upkeep
|turn|26
|
|t:|1641864145
|move|p2a: Dragonite|Roost|p2a: Dragonite
|-heal|p2a: Dragonite|100/100
|-singleturn|p2a: Dragonite|move: Roost
|move|p1a: Wigglytuff|Wish|p1a: Wigglytuff
|
|-damage|p1a: Wigglytuff|14/100 tox|[from] psn
|upkeep
|turn|27
|
|t:|1641864154
|move|p2a: Dragonite|Earthquake|p1a: Wigglytuff
|-damage|p1a: Wigglytuff|0 fnt
|faint|p1a: Wigglytuff
|
|upkeep
|
|t:|1641864158
|switch|p1a: Zapdos|Zapdos|80/100
|turn|28
|
|t:|1641864165
|move|p1a: Zapdos|Thunder|p2a: Dragonite
|-damage|p2a: Dragonite|82/100
|move|p2a: Dragonite|Ice Beam|p1a: Zapdos
|-supereffective|p1a: Zapdos
|-damage|p1a: Zapdos|29/100
|-status|p1a: Zapdos|frz
|
|upkeep
|turn|29
|
|t:|1641864173
|cant|p1a: Zapdos|frz
|move|p2a: Dragonite|Ice Beam|p1a: Zapdos
|-supereffective|p1a: Zapdos
|-crit|p1a: Zapdos
|-damage|p1a: Zapdos|0 fnt
|faint|p1a: Zapdos
|
|upkeep
|
|t:|1641864182
|switch|p1a: Shedinja|Shedinja|100/100
|turn|30
|
|t:|1641864190
|switch|p2a: Blacephalon|Blacephalon|100/100
|move|p1a: Shedinja|Swords Dance|p1a: Shedinja
|-boost|p1a: Shedinja|atk|2
|
|upkeep
|turn|31
|
|t:|1641864198
|move|p1a: Shedinja|Shadow Sneak|p2a: Blacephalon
|-supereffective|p2a: Blacephalon
|-enditem|p2a: Blacephalon|Focus Sash
|-damage|p2a: Blacephalon|1/100
|move|p2a: Blacephalon|Shadow Ball|p1a: Shedinja
|-supereffective|p1a: Shedinja
|-damage|p1a: Shedinja|0 fnt
|faint|p1a: Shedinja
|-ability|p2a: Blacephalon|Beast Boost|boost
|-boost|p2a: Blacephalon|spa|1
|
|upkeep
|
|t:|1641864207
|switch|p1a: Urshifu|Urshifu-Rapid-Strike, M|88/100
|turn|32
|
|t:|1641864213
|move|p1a: Urshifu|Aqua Jet|p2a: Blacephalon
|-supereffective|p2a: Blacephalon
|-damage|p2a: Blacephalon|0 fnt
|faint|p2a: Blacephalon
|
|upkeep
|
|t:|1641864218
|switch|p2a: Tapu Lele|Tapu Lele, shiny|100/100
|-fieldstart|move: Psychic Terrain|[from] ability: Psychic Surge|[of] p2a: Tapu Lele
|turn|33
|
|t:|1641864225
|move|p1a: Urshifu|Aqua Jet|p2a: Tapu Lele
|-activate|p2a: Tapu Lele|move: Psychic Terrain
|move|p2a: Tapu Lele|Psychic|p1a: Urshifu
|-supereffective|p1a: Urshifu
|-damage|p1a: Urshifu|0 fnt
|faint|p1a: Urshifu
|
|win|mistborn1371
|raw|Picolino's rating: 1264 &rarr; <strong>1239</strong><br />(-25 for losing)
|raw|mistborn1371's rating: 1266 &rarr; <strong>1291</strong><br />(+25 for winning)
|l|☆Picolino
