|j|☆cogonahorse
|j|☆chkrome
|t:|1641698566
|gametype|singles
|player|p1|cogonahorse|hilbert-wonderlauncher|1588
|player|p2|chkrome|101|1566
|teamsize|p1|6
|teamsize|p2|6
|gen|8
|tier|[Gen 8] OU
|rated|
|rule|Sleep Clause Mod: Limit one foe put to sleep
|rule|Species Clause: Limit one of each Pokémon
|rule|OHKO Clause: OHKO moves are banned
|rule|Evasion Moves Clause: Evasion moves are banned
|rule|Endless Battle Clause: Forcing endless battles is banned
|rule|HP Percentage Mod: HP is shown in percentages
|rule|Dynamax Clause: You cannot dynamax
|clearpoke
|poke|p1|Garchomp, M|
|poke|p1|Magnezone|
|poke|p1|Tapu Lele|
|poke|p1|Corviknight, F|
|poke|p1|Weavile, F|
|poke|p1|Zeraora|
|poke|p2|Ninetales-Alola, F|
|poke|p2|Dragapult, M|
|poke|p2|Heatran, F|
|poke|p2|Garchomp, F|
|poke|p2|Cloyster, F|
|poke|p2|Scizor, M|
|teampreview
|inactive|Battle timer is ON: inactive players will automatically lose when time's up. (requested by cogonahorse)
|
|t:|1641698606
|start
|switch|p1a: Zeraora|Zeraora|100/100
|switch|p2a: Heatran|Heatran, F|100/100
|-item|p2a: Heatran|Air Balloon
|turn|1
|
|t:|1641698614
|move|p1a: Zeraora|Close Combat|p2a: Heatran
|-supereffective|p2a: Heatran
|-damage|p2a: Heatran|16/100
|-unboost|p1a: Zeraora|def|1
|-unboost|p1a: Zeraora|spd|1
|-enditem|p2a: Heatran|Air Balloon
|move|p2a: Heatran|Stealth Rock|p1a: Zeraora
|-sidestart|p1: cogonahorse|move: Stealth Rock
|
|upkeep
|turn|2
|
|t:|1641698621
|move|p1a: Zeraora|Knock Off|p2a: Heatran
|-damage|p2a: Heatran|0 fnt
|faint|p2a: Heatran
|
|upkeep
|
|t:|1641698626
|switch|p2a: Ninetales|Ninetales-Alola, F|100/100
|-weather|Hail|[from] ability: Snow Warning|[of] p2a: Ninetales
|turn|3
|
|t:|1641698634
|move|p1a: Zeraora|Knock Off|p2a: Ninetales
|-resisted|p2a: Ninetales
|-damage|p2a: Ninetales|82/100
|-enditem|p2a: Ninetales|Light Clay|[from] move: Knock Off|[of] p1a: Zeraora
|move|p2a: Ninetales|Aurora Veil|p2a: Ninetales
|-sidestart|p2: chkrome|move: Aurora Veil
|
|-weather|Hail|[upkeep]
|-damage|p1a: Zeraora|95/100|[from] Hail
|upkeep
|turn|4
|
|t:|1641698643
|move|p1a: Zeraora|Fire Punch|p2a: Ninetales
|-supereffective|p2a: Ninetales
|-damage|p2a: Ninetales|48/100
|move|p2a: Ninetales|Hypnosis|p1a: Zeraora|[miss]
|-miss|p2a: Ninetales|p1a: Zeraora
|
|-weather|Hail|[upkeep]
|-damage|p1a: Zeraora|89/100|[from] Hail
|upkeep
|turn|5
|
|t:|1641698671
|switch|p1a: Magnezone|Magnezone|100/100
|-damage|p1a: Magnezone|94/100|[from] Stealth Rock
|move|p2a: Ninetales|Hypnosis|p1a: Magnezone|[miss]
|-miss|p2a: Ninetales|p1a: Magnezone
|
|-weather|Hail|[upkeep]
|-damage|p1a: Magnezone|88/100|[from] Hail
|upkeep
|turn|6
|
|t:|1641698683
|move|p2a: Ninetales|Hypnosis|p1a: Magnezone
|-status|p1a: Magnezone|slp|[from] move: Hypnosis
|cant|p1a: Magnezone|slp
|
|-weather|Hail|[upkeep]
|-damage|p1a: Magnezone|82/100 slp|[from] Hail
|upkeep
|turn|7
|inactive|cogonahorse has 120 seconds left.
|
|t:|1641698698
|switch|p2a: Garchomp|Garchomp, F|100/100
|switch|p1a: Corviknight|Corviknight, F|100/100
|-damage|p1a: Corviknight|88/100|[from] Stealth Rock
|-ability|p1a: Corviknight|Pressure
|
|-weather|none
|-heal|p1a: Corviknight|94/100|[from] item: Leftovers
|-sideend|p2: chkrome|move: Aurora Veil
|upkeep
|turn|8
|
|t:|1641698703
|move|p2a: Garchomp|Swords Dance|p2a: Garchomp
|-boost|p2a: Garchomp|atk|2
|move|p1a: Corviknight|Defog|p2a: Garchomp
|-unboost|p2a: Garchomp|evasion|1
|-sideend|p1: cogonahorse|Stealth Rock|[from] move: Defog|[of] p1a: Corviknight
|
|-heal|p1a: Corviknight|99/100|[from] item: Leftovers
|upkeep
|turn|9
|
|t:|1641698709
|move|p2a: Garchomp|Aqua Tail|p1a: Corviknight
|-damage|p1a: Corviknight|60/100
|move|p1a: Corviknight|U-turn|p2a: Garchomp
|-damage|p2a: Garchomp|86/100
|-damage|p1a: Corviknight|48/100|[from] ability: Rough Skin|[of] p2a: Garchomp
|
|t:|1641698714
|switch|p1a: Weavile|Weavile, F|100/100|[from]move: U-turn
|-ability|p1a: Weavile|Pressure
|
|-heal|p2a: Garchomp|92/100|[from] item: Leftovers
|upkeep
|turn|10
|
|t:|1641698718
|switch|p2a: Scizor|Scizor, M|100/100
|move|p1a: Weavile|Ice Shard|p2a: Scizor
|-resisted|p2a: Scizor
|-damage|p2a: Scizor|91/100
|
|-heal|p2a: Scizor|98/100|[from] item: Leftovers
|upkeep
|turn|11
|
|t:|1641698724
|switch|p1a: Garchomp|Garchomp, M|100/100
|switch|p2a: Ninetales|Ninetales-Alola, F|48/100
|-weather|Hail|[from] ability: Snow Warning|[of] p2a: Ninetales
|
|-weather|Hail|[upkeep]
|-damage|p1a: Garchomp|94/100|[from] Hail
|-heal|p1a: Garchomp|100/100|[from] item: Leftovers
|upkeep
|turn|12
|
|t:|1641698735
|switch|p1a: Corviknight|Corviknight, F|48/100
|-ability|p1a: Corviknight|Pressure
|move|p2a: Ninetales|Aurora Veil|p2a: Ninetales
|-sidestart|p2: chkrome|move: Aurora Veil
|
|-weather|Hail|[upkeep]
|-damage|p1a: Corviknight|42/100|[from] Hail
|-heal|p1a: Corviknight|48/100|[from] item: Leftovers
|upkeep
|turn|13
|
|t:|1641698741
|switch|p2a: Cloyster|Cloyster, F|100/100
|move|p1a: Corviknight|Roost|p1a: Corviknight
|-heal|p1a: Corviknight|98/100
|-singleturn|p1a: Corviknight|move: Roost
|
|-weather|Hail|[upkeep]
|-damage|p1a: Corviknight|92/100|[from] Hail
|-heal|p1a: Corviknight|98/100|[from] item: Leftovers
|upkeep
|turn|14
|
|t:|1641698744
|move|p2a: Cloyster|Shell Smash|p2a: Cloyster
|-unboost|p2a: Cloyster|def|1
|-unboost|p2a: Cloyster|spd|1
|-boost|p2a: Cloyster|atk|2
|-boost|p2a: Cloyster|spa|2
|-boost|p2a: Cloyster|spe|2
|move|p1a: Corviknight|U-turn|p2a: Cloyster
|-damage|p2a: Cloyster|92/100
|
|t:|1641698756
|switch|p1a: Magnezone|Magnezone|82/100 slp|[from]move: U-turn
|
|-weather|Hail|[upkeep]
|-damage|p1a: Magnezone|76/100 slp|[from] Hail
|upkeep
|turn|15
|
|t:|1641698760
|move|p2a: Cloyster|Hydro Pump|p1a: Magnezone
|-damage|p1a: Magnezone|0 fnt
|faint|p1a: Magnezone
|
|-weather|none
|upkeep
|-message|cogonahorse forfeited.
|
|win|chkrome
|raw|cogonahorse's rating: 1588 &rarr; <strong>1567</strong><br />(-21 for losing)
|raw|chkrome's rating: 1566 &rarr; <strong>1587</strong><br />(+21 for winning)
|c|☆cogonahorse|gg
|l|☆chkrome
