|j|☆Jojospicydong
|j|☆PicklesAttack
|t:|1641853503
|gametype|singles
|player|p1|Jojospicydong|waiter|1046
|player|p2|PicklesAttack|pokemaniac|1085
|teamsize|p1|6
|teamsize|p2|6
|gen|8
|tier|[Gen 8] OU
|rated|
|rule|Sleep Clause Mod: Limit one foe put to sleep
|rule|Species Clause: Limit one of each Pokémon
|rule|OHKO Clause: OHKO moves are banned
|rule|Evasion Moves Clause: Evasion moves are banned
|rule|Endless Battle Clause: Forcing endless battles is banned
|rule|HP Percentage Mod: HP is shown in percentages
|rule|Dynamax Clause: You cannot dynamax
|clearpoke
|poke|p1|Spiritomb, F|
|poke|p1|Conkeldurr, M|
|poke|p1|Salazzle, F|
|poke|p1|Araquanid, M|
|poke|p1|Excadrill, F|
|poke|p1|Weezing-Galar, F|
|poke|p2|Tyrantrum, M|
|poke|p2|Crawdaunt, F|
|poke|p2|Flapple, M|
|poke|p2|Volcarona, M|
|poke|p2|Salamence, M|
|poke|p2|Blaziken, F|
|teampreview
|
|t:|1641853515
|start
|switch|p1a: Araquanid|Araquanid, M|100/100
|switch|p2a: crunch|Tyrantrum, M, shiny|100/100
|turn|1
|
|t:|1641853522
|move|p2a: crunch|Head Smash|p1a: Araquanid
|-supereffective|p1a: Araquanid
|-crit|p1a: Araquanid
|-damage|p1a: Araquanid|0 fnt
|faint|p1a: Araquanid
|
|upkeep
|
|t:|1641853533
|switch|p1a: Excadrill|Excadrill, F|100/100
|-ability|p1a: Excadrill|Mold Breaker
|turn|2
|
|t:|1641853539
|switch|p2a: Salamence|Salamence, M|100/100
|-ability|p2a: Salamence|Intimidate|boost
|-unboost|p1a: Excadrill|atk|1
|move|p1a: Excadrill|Iron Head|p2a: Salamence
|-damage|p2a: Salamence|64/100
|
|-heal|p2a: Salamence|70/100|[from] item: Leftovers
|upkeep
|turn|3
|
|t:|1641853550
|switch|p1a: Weezing|Weezing-Galar, F, shiny|100/100
|move|p2a: Salamence|Dragon Dance|p2a: Salamence
|-boost|p2a: Salamence|atk|1
|-boost|p2a: Salamence|spe|1
|
|-heal|p2a: Salamence|76/100|[from] item: Leftovers
|upkeep
|turn|4
|
|t:|1641853558
|move|p2a: Salamence|Dual Wingbeat|p1a: Weezing
|-damage|p1a: Weezing|66/100
|-damage|p1a: Weezing|29/100
|-hitcount|p1a: Weezing|2
|move|p1a: Weezing|Strange Steam|p2a: Salamence
|-supereffective|p2a: Salamence
|-damage|p2a: Salamence|5/100
|
|-heal|p2a: Salamence|11/100|[from] item: Leftovers
|-heal|p1a: Weezing|36/100|[from] item: Black Sludge
|upkeep
|turn|5
|
|t:|1641853569
|move|p1a: Weezing|Protect|p1a: Weezing
|-singleturn|p1a: Weezing|Protect
|move|p2a: Salamence|Dual Wingbeat|p1a: Weezing
|-activate|p1a: Weezing|move: Protect
|
|-heal|p2a: Salamence|17/100|[from] item: Leftovers
|-heal|p1a: Weezing|42/100|[from] item: Black Sludge
|upkeep
|turn|6
|
|t:|1641853580
|move|p2a: Salamence|Dual Wingbeat|p1a: Weezing
|-damage|p1a: Weezing|6/100
|-damage|p1a: Weezing|0 fnt
|faint|p1a: Weezing
|-hitcount|p1: Weezing|2
|
|-heal|p2a: Salamence|23/100|[from] item: Leftovers
|upkeep
|
|t:|1641853588
|switch|p1a: Spiritomb|Spiritomb, F|100/100
|-ability|p1a: Spiritomb|Pressure
|turn|7
|
|t:|1641853594
|move|p1a: Spiritomb|Shadow Sneak|p2a: Salamence
|-damage|p2a: Salamence|2/100
|move|p2a: Salamence|Outrage|p1a: Spiritomb
|-damage|p1a: Spiritomb|0 fnt
|faint|p1a: Spiritomb
|
|-heal|p2a: Salamence|8/100|[from] item: Leftovers
|upkeep
|
|t:|1641853606
|switch|p1a: Conkeldurr|Conkeldurr, M|100/100
|turn|8
|
|t:|1641853610
|move|p1a: Conkeldurr|Mach Punch|p2a: Salamence
|-resisted|p2a: Salamence
|-damage|p2a: Salamence|0 fnt
|faint|p2a: Salamence
|
|upkeep
|
|t:|1641853626
|switch|p2a: Blaziken|Blaziken, F|100/100
|turn|9
|
|t:|1641853630
|move|p2a: Blaziken|Brave Bird|p1a: Conkeldurr
|-supereffective|p1a: Conkeldurr
|-damage|p1a: Conkeldurr|0 fnt
|faint|p1a: Conkeldurr
|-damage|p2a: Blaziken|55/100|[from] Recoil
|-damage|p2a: Blaziken|45/100|[from] item: Life Orb
|
|-ability|p2a: Blaziken|Speed Boost|boost
|-boost|p2a: Blaziken|spe|1
|upkeep
|
|t:|1641853642
|switch|p1a: Excadrill|Excadrill, F|100/100
|-ability|p1a: Excadrill|Mold Breaker
|turn|10
|
|t:|1641853650
|move|p2a: Blaziken|Close Combat|p1a: Excadrill
|-supereffective|p1a: Excadrill
|-crit|p1a: Excadrill
|-damage|p1a: Excadrill|0 fnt
|-unboost|p2a: Blaziken|def|1
|-unboost|p2a: Blaziken|spd|1
|faint|p1a: Excadrill
|-damage|p2a: Blaziken|35/100|[from] item: Life Orb
|
|-ability|p2a: Blaziken|Speed Boost|boost
|-boost|p2a: Blaziken|spe|1
|upkeep
|
|t:|1641853660
|switch|p1a: Salazzle|Salazzle, F, shiny|100/100
|turn|11
|
|t:|1641853665
|move|p2a: Blaziken|Brave Bird|p1a: Salazzle
|-damage|p1a: Salazzle|3/100
|-damage|p2a: Blaziken|5/100|[from] Recoil
|-damage|p2a: Blaziken|0 fnt|[from] item: Life Orb
|faint|p2a: Blaziken
|move|p1a: Salazzle|Flamethrower|p2: Blaziken|[notarget]
|-fail|p1a: Salazzle
|
|upkeep
|
|t:|1641853668
|switch|p2a: FavMon|Crawdaunt, F|100/100
|turn|12
|
|t:|1641853676
|move|p1a: Salazzle|Protect|p1a: Salazzle
|-singleturn|p1a: Salazzle|Protect
|move|p2a: FavMon|Aqua Jet|p1a: Salazzle
|-activate|p1a: Salazzle|move: Protect
|
|upkeep
|turn|13
|
|t:|1641853683
|move|p2a: FavMon|Aqua Jet|p1a: Salazzle
|-supereffective|p1a: Salazzle
|-damage|p1a: Salazzle|0 fnt
|faint|p1a: Salazzle
|
|win|PicklesAttack
|raw|Jojospicydong's rating: 1046 &rarr; <strong>1031</strong><br />(-15 for losing)
|raw|PicklesAttack's rating: 1085 &rarr; <strong>1109</strong><br />(+24 for winning)
|l|☆Jojospicydong
|c|☆PicklesAttack|Ggs
