|j|☆Coach from L4D2
|j|☆Kobiisbetterthanu
|t:|1641755952
|gametype|singles
|player|p1|Coach from L4D2|linebacker|1528
|player|p2|Kobiisbetterthanu|266|1581
|teamsize|p1|6
|teamsize|p2|6
|gen|8
|tier|[Gen 8] OU
|rated|
|rule|Sleep Clause Mod: Limit one foe put to sleep
|rule|Species Clause: Limit one of each Pokémon
|rule|OHKO Clause: OHKO moves are banned
|rule|Evasion Moves Clause: Evasion moves are banned
|rule|Endless Battle Clause: Forcing endless battles is banned
|rule|HP Percentage Mod: HP is shown in percentages
|rule|Dynamax Clause: You cannot dynamax
|clearpoke
|poke|p1|Raichu-Alola, F|
|poke|p1|Tapu Koko|
|poke|p1|Swampert, M|
|poke|p1|Zapdos|
|poke|p1|Ferrothorn, M|
|poke|p1|Urshifu-*, M|
|poke|p2|Scizor, F|
|poke|p2|Heracross, F|
|poke|p2|Blaziken, M|
|poke|p2|Rotom-Heat|
|poke|p2|Blastoise, M|
|poke|p2|Galvantula, F|
|teampreview
|inactive|Battle timer is ON: inactive players will automatically lose when time's up. (requested by Kobiisbetterthanu)
|c|☆Coach from L4D2|Hidenori Kusaka wants Red, The Fighter, to date Yellow, The Healer, in PokéSpe
|inactive|Coach from L4D2 has 120 seconds left.
|
|t:|1641755987
|start
|switch|p1a: Eagle|Tapu Koko|100/100
|switch|p2a: Scizor|Scizor, F|100/100
|-fieldstart|move: Electric Terrain|[from] ability: Electric Surge|[of] p1a: Eagle
|turn|1
|
|t:|1641755996
|move|p1a: Eagle|U-turn|p2a: Scizor
|-resisted|p2a: Scizor
|-damage|p2a: Scizor|91/100
|
|t:|1641755998
|switch|p1a: Zapdos|Zapdos|100/100|[from]move: U-turn
|move|p2a: Scizor|U-turn|p1a: Zapdos
|-resisted|p1a: Zapdos
|-damage|p1a: Zapdos|82/100
|-damage|p2a: Scizor|81/100|[from] item: Life Orb
|
|t:|1641756007
|switch|p2a: Galvantula|Galvantula, F|100/100|[from]move: U-turn
|
|upkeep
|turn|2
|
|t:|1641756010
|move|p2a: Galvantula|Thunder|p1a: Zapdos
|-damage|p1a: Zapdos|28/100
|move|p1a: Zapdos|Hurricane|p2a: Galvantula
|-damage|p2a: Galvantula|10/100
|-start|p2a: Galvantula|confusion
|
|upkeep
|turn|3
|
|t:|1641756022
|-activate|p2a: Galvantula|confusion
|-damage|p2a: Galvantula|1/100|[from] confusion
|move|p1a: Zapdos|Roost|p1a: Zapdos
|-heal|p1a: Zapdos|78/100
|-singleturn|p1a: Zapdos|move: Roost
|
|upkeep
|turn|4
|
|t:|1641756027
|-activate|p2a: Galvantula|confusion
|-damage|p2a: Galvantula|0 fnt|[from] confusion
|faint|p2a: Galvantula
|move|p1a: Zapdos|Discharge|p2: Galvantula|[notarget]
|-fail|p1a: Zapdos
|
|upkeep
|
|t:|1641756043
|switch|p2a: Blaziken|Blaziken, M|100/100
|turn|5
|
|t:|1641756045
|move|p2a: Blaziken|Protect|p2a: Blaziken
|-singleturn|p2a: Blaziken|Protect
|move|p1a: Zapdos|Discharge|p2a: Blaziken
|-activate|p2a: Blaziken|move: Protect
|
|-ability|p2a: Blaziken|Speed Boost|boost
|-boost|p2a: Blaziken|spe|1
|upkeep
|turn|6
|
|t:|1641756048
|move|p2a: Blaziken|Flare Blitz|p1a: Zapdos
|-damage|p1a: Zapdos|12/100
|-status|p2a: Blaziken|par|[from] ability: Static|[of] p1a: Zapdos
|-damage|p2a: Blaziken|73/100 par|[from] Recoil
|-damage|p2a: Blaziken|63/100 par|[from] item: Life Orb
|move|p1a: Zapdos|Discharge|p2a: Blaziken
|-damage|p2a: Blaziken|16/100 par
|
|-ability|p2a: Blaziken|Speed Boost|boost
|-boost|p2a: Blaziken|spe|1
|upkeep
|turn|7
|
|t:|1641756057
|move|p1a: Zapdos|Discharge|p2a: Blaziken
|-damage|p2a: Blaziken|0 fnt
|faint|p2a: Blaziken
|
|upkeep
|
|t:|1641756061
|switch|p2a: Scizor|Scizor, F|81/100
|turn|8
|
|t:|1641756063
|move|p2a: Scizor|Bullet Punch|p1a: Zapdos
|-resisted|p1a: Zapdos
|-damage|p1a: Zapdos|0 fnt
|faint|p1a: Zapdos
|-damage|p2a: Scizor|71/100|[from] item: Life Orb
|
|-fieldend|move: Electric Terrain
|upkeep
|
|t:|1641756067
|switch|p1a: Urshifu|Urshifu-Rapid-Strike, M|100/100
|turn|9
|
|t:|1641756070
|move|p1a: Urshifu|Close Combat|p2a: Scizor
|-damage|p2a: Scizor|0 fnt
|-unboost|p1a: Urshifu|def|1
|-unboost|p1a: Urshifu|spd|1
|faint|p2a: Scizor
|
|upkeep
|
|t:|1641756075
|switch|p2a: Heracross|Heracross, F|100/100
|turn|10
|
|t:|1641756085
|switch|p1a: Ferrothorn|Ferrothorn, M|100/100
|move|p2a: Heracross|Close Combat|p1a: Ferrothorn
|-supereffective|p1a: Ferrothorn
|-damage|p1a: Ferrothorn|27/100
|-unboost|p2a: Heracross|def|1
|-unboost|p2a: Heracross|spd|1
|-damage|p2a: Heracross|88/100|[from] ability: Iron Barbs|[of] p1a: Ferrothorn
|
|-heal|p1a: Ferrothorn|33/100|[from] item: Leftovers
|-status|p2a: Heracross|brn|[from] item: Flame Orb
|upkeep
|turn|11
|
|t:|1641756088
|move|p2a: Heracross|Close Combat|p1a: Ferrothorn
|-supereffective|p1a: Ferrothorn
|-damage|p1a: Ferrothorn|0 fnt
|-unboost|p2a: Heracross|def|1
|-unboost|p2a: Heracross|spd|1
|-damage|p2a: Heracross|76/100 brn|[from] ability: Iron Barbs|[of] p1a: Ferrothorn
|faint|p1a: Ferrothorn
|
|-damage|p2a: Heracross|70/100 brn|[from] brn
|upkeep
|
|t:|1641756090
|switch|p1a: Eagle|Tapu Koko|100/100
|-fieldstart|move: Electric Terrain|[from] ability: Electric Surge|[of] p1a: Eagle
|turn|12
|
|t:|1641756095
|switch|p2a: Rotom|Rotom-Heat|100/100
|move|p1a: Eagle|Thunderbolt|p2a: Rotom
|-resisted|p2a: Rotom
|-damage|p2a: Rotom|74/100
|
|upkeep
|turn|13
|
|t:|1641756105
|move|p1a: Eagle|U-turn|p2a: Rotom
|-resisted|p2a: Rotom
|-damage|p2a: Rotom|64/100
|inactive|Coach from L4D2 has 120 seconds left.
|
|t:|1641756136
|switch|p1a: Swampert|Swampert, M|100/100|[from]move: U-turn
|move|p2a: Rotom|Defog|p1a: Swampert
|-unboost|p1a: Swampert|evasion|1
|-fieldend|move: Electric Terrain
|
|upkeep
|turn|14
|
|t:|1641756141
|move|p2a: Rotom|Foul Play|p1a: Swampert
|-damage|p1a: Swampert|80/100
|move|p1a: Swampert|Toxic|p2a: Rotom|[miss]
|-miss|p1a: Swampert|p2a: Rotom
|
|-heal|p1a: Swampert|86/100|[from] item: Leftovers
|upkeep
|turn|15
|
|t:|1641756148
|switch|p2a: Heracross|Heracross, F|70/100 brn
|move|p1a: Swampert|Toxic||[still]
|-fail|p1a: Swampert
|
|-heal|p1a: Swampert|93/100|[from] item: Leftovers
|-damage|p2a: Heracross|64/100 brn|[from] brn
|upkeep
|turn|16
|
|t:|1641756156
|move|p2a: Heracross|Close Combat|p1a: Swampert
|-damage|p1a: Swampert|3/100
|-unboost|p2a: Heracross|def|1
|-unboost|p2a: Heracross|spd|1
|move|p1a: Swampert|Flip Turn|p2a: Heracross
|-damage|p2a: Heracross|15/100 brn
|
|t:|1641756161
|switch|p1a: Urshifu|Urshifu-Rapid-Strike, M|100/100|[from]move: Flip Turn
|
|-damage|p2a: Heracross|9/100 brn|[from] brn
|upkeep
|turn|17
|
|t:|1641756165
|move|p1a: Urshifu|Close Combat|p2a: Heracross
|-resisted|p2a: Heracross
|-damage|p2a: Heracross|0 fnt
|-unboost|p1a: Urshifu|def|1
|-unboost|p1a: Urshifu|spd|1
|faint|p2a: Heracross
|
|upkeep
|
|t:|1641756168
|switch|p2a: Blastoise|Blastoise, M|100/100
|turn|18
|
|t:|1641756170
|move|p1a: Urshifu|Close Combat|p2a: Blastoise
|-damage|p2a: Blastoise|0 fnt
|-unboost|p1a: Urshifu|def|1
|-unboost|p1a: Urshifu|spd|1
|faint|p2a: Blastoise
|
|upkeep
|
|t:|1641756173
|switch|p2a: Rotom|Rotom-Heat|64/100
|turn|19
|
|t:|1641756176
|switch|p1a: Eagle|Tapu Koko|100/100
|-fieldstart|move: Electric Terrain|[from] ability: Electric Surge|[of] p1a: Eagle
|move|p2a: Rotom|Discharge|p1a: Eagle
|-resisted|p1a: Eagle
|-damage|p1a: Eagle|76/100
|
|upkeep
|turn|20
|
|t:|1641756178
|move|p1a: Eagle|U-turn|p2a: Rotom
|-resisted|p2a: Rotom
|-damage|p2a: Rotom|54/100
|
|t:|1641756180
|switch|p1a: Voltsail|Raichu-Alola, F, shiny|100/100|[from]move: U-turn
|move|p2a: Rotom|Overheat|p1a: Voltsail|[miss]
|-miss|p2a: Rotom|p1a: Voltsail
|
|upkeep
|turn|21
|
|t:|1641756189
|move|p1a: Voltsail|Psychic|p2a: Rotom
|-damage|p2a: Rotom|0 fnt
|faint|p2a: Rotom
|-damage|p1a: Voltsail|91/100|[from] item: Life Orb
|
|win|Coach from L4D2
|raw|Coach from L4D2's rating: 1528 &rarr; <strong>1551</strong><br />(+23 for winning)
|raw|Kobiisbetterthanu's rating: 1581 &rarr; <strong>1558</strong><br />(-23 for losing)
||Ladder isn't responding, score probably updated but might not have (Request timeout).
