|j|☆Klavyus
|j|☆PocoLeCancer
|t:|1641763812
|gametype|singles
|player|p1|Klavyus|101|1433
|player|p2|PocoLeCancer|gladion-stance|1499
|teamsize|p1|6
|teamsize|p2|6
|gen|8
|tier|[Gen 8] OU
|rated|
|rule|Sleep Clause Mod: Limit one foe put to sleep
|rule|Species Clause: Limit one of each Pokémon
|rule|OHKO Clause: OHKO moves are banned
|rule|Evasion Moves Clause: Evasion moves are banned
|rule|Endless Battle Clause: Forcing endless battles is banned
|rule|HP Percentage Mod: HP is shown in percentages
|rule|Dynamax Clause: You cannot dynamax
|clearpoke
|poke|p1|Slowking-Galar, F|
|poke|p1|Weavile, F|
|poke|p1|Magnezone|
|poke|p1|Garchomp, M|
|poke|p1|Corviknight, M|
|poke|p1|Urshifu-*, M|
|poke|p2|Skarmory, M|
|poke|p2|Garchomp, F|
|poke|p2|Latios, M|
|poke|p2|Dragonite, M|
|poke|p2|Salamence, M|
|poke|p2|Flygon, M|
|teampreview
|inactive|Battle timer is ON: inactive players will automatically lose when time's up. (requested by Klavyus)
|
|t:|1641763829
|start
|switch|p1a: Garchomp|Garchomp, M, shiny|100/100
|switch|p2a: Skarmory|Skarmory, M|100/100
|turn|1
|
|t:|1641763836
|switch|p1a: Magnezone|Magnezone|100/100
|move|p2a: Skarmory|Taunt|p1a: Magnezone
|-start|p1a: Magnezone|move: Taunt
|
|upkeep
|turn|2
|
|t:|1641763842
|move|p2a: Skarmory|Stealth Rock|p1a: Magnezone
|-sidestart|p1: Klavyus|move: Stealth Rock
|move|p1a: Magnezone|Thunderbolt|p2a: Skarmory
|-supereffective|p2a: Skarmory
|-ability|p2a: Skarmory|Sturdy
|-damage|p2a: Skarmory|1/100
|
|upkeep
|turn|3
|inactive|PocoLeCancer has 120 seconds left.
|c|☆Klavyus|mono dragon ?
|-enditem|p2a: Skarmory|Custap Berry|[eat]
|-activate|p2a: Skarmory|item: Custap Berry|[consumed]
|
|t:|1641763882
|move|p2a: Skarmory|Spikes|p1a: Magnezone
|-sidestart|p1: Klavyus|Spikes
|move|p1a: Magnezone|Thunderbolt|p2a: Skarmory
|-supereffective|p2a: Skarmory
|-damage|p2a: Skarmory|0 fnt
|faint|p2a: Skarmory
|
|-end|p1a: Magnezone|move: Taunt
|upkeep
|c|☆PocoLeCancer|a little bit
|
|t:|1641763898
|switch|p2a: Garchomp|Garchomp, F|100/100
|turn|4
|c|☆Klavyus|hahah except for scarm it is
|c|☆Klavyus|you french?
|
|t:|1641763906
|switch|p1a: Corviknight|Corviknight, M|100/100
|-damage|p1a: Corviknight|88/100|[from] Stealth Rock
|-ability|p1a: Corviknight|Pressure
|move|p2a: Garchomp|Swords Dance|p2a: Garchomp
|-boost|p2a: Garchomp|atk|2
|
|upkeep
|turn|5
|
|t:|1641763920
|move|p2a: Garchomp|Stone Edge|p1a: Corviknight
|-damage|p1a: Corviknight|45/100
|move|p1a: Corviknight|Defog|p2a: Garchomp
|-unboost|p2a: Garchomp|evasion|1
|-sideend|p1: Klavyus|Spikes|[from] move: Defog|[of] p1a: Corviknight
|-sideend|p1: Klavyus|Stealth Rock|[from] move: Defog|[of] p1a: Corviknight
|
|upkeep
|turn|6
|c|☆PocoLeCancer|Ouaip
|c|☆Klavyus|jm'en doutais
|c|☆PocoLeCancer|Le pseudo est un peu explicite aussi x)
|c|☆Klavyus|mais soit pas concarigène vec moi stp ahahha
|c|☆Klavyus|d'où mon doute
|inactive|Klavyus has 120 seconds left.
|c|☆Klavyus|mais juste un peu
|
|t:|1641763953
|move|p2a: Garchomp|Stone Edge|p1a: Corviknight
|-damage|p1a: Corviknight|3/100
|move|p1a: Corviknight|Roost|p1a: Corviknight
|-heal|p1a: Corviknight|53/100
|-singleturn|p1a: Corviknight|move: Roost
|
|upkeep
|turn|7
|inactive|PocoLeCancer has 120 seconds left.
|
|t:|1641763960
|switch|p2a: Flygon|Flygon, M|100/100
|move|p1a: Corviknight|Roost|p1a: Corviknight
|-heal|p1a: Corviknight|100/100
|-singleturn|p1a: Corviknight|move: Roost
|
|upkeep
|turn|8
|inactive|PocoLeCancer has 120 seconds left.
|
|t:|1641763983
|move|p2a: Flygon|Dragon Dance|p2a: Flygon
|-boost|p2a: Flygon|atk|1
|-boost|p2a: Flygon|spe|1
|move|p1a: Corviknight|U-turn|p2a: Flygon
|-damage|p2a: Flygon|81/100
|
|t:|1641763989
|switch|p1a: Slowking|Slowking-Galar, F|100/100|[from]move: U-turn
|
|upkeep
|turn|9
|inactive|PocoLeCancer has 120 seconds left.
|c|☆PocoLeCancer|enfin ici je me suis lancé le défi de monter le plus haut avec des équipes 4G
|
|t:|1641764000
|move|p2a: Flygon|Earthquake|p1a: Slowking
|-supereffective|p1a: Slowking
|-damage|p1a: Slowking|0 fnt
|faint|p1a: Slowking
|-damage|p2a: Flygon|71/100|[from] item: Life Orb
|
|upkeep
|
|t:|1641764008
|switch|p1a: Garchomp|Garchomp, M, shiny|100/100
|turn|10
|inactive|PocoLeCancer has 120 seconds left.
|c|☆Klavyus|wé tu fais les remakes j'imagine
|
|t:|1641764025
|move|p2a: Flygon|Outrage|p1a: Garchomp
|-supereffective|p1a: Garchomp
|-damage|p1a: Garchomp|0 fnt
|-damage|p2a: Flygon|59/100|[from] ability: Rough Skin|[of] p1a: Garchomp
|faint|p1a: Garchomp
|-damage|p2a: Flygon|49/100|[from] item: Life Orb
|
|upkeep
|c|☆Klavyus|j'avoue que la 4G est trop sympa
|
|t:|1641764034
|switch|p1a: Weavile|Weavile, F|100/100
|-ability|p1a: Weavile|Pressure
|turn|11
|inactive|PocoLeCancer has 120 seconds left.
|c|☆PocoLeCancer|Pas la switch donc compliqué mais j'en avais un peu marre des noacier démétéros et tout
|c|☆Klavyus|démétéros surtt ça devient chiant
|c|☆Klavyus|aie sans la switch tu vois pas trop les nouveautés
|inactive|PocoLeCancer has 90 seconds left.
|
|t:|1641764088
|move|p1a: Weavile|Ice Shard|p2a: Flygon
|-supereffective|p2a: Flygon
|-damage|p2a: Flygon|0 fnt
|faint|p2a: Flygon
|
|upkeep
|c|☆Klavyus|après faut avouer que depuis la 5G ça ne fait que se dégrader
|c|☆PocoLeCancer|Oui tout à fait d'accord
|
|t:|1641764098
|switch|p2a: Garchomp|Garchomp, F|100/100
|turn|12
|
|t:|1641764105
|move|p1a: Weavile|Swords Dance|p1a: Weavile
|-boost|p1a: Weavile|atk|2
|move|p2a: Garchomp|Outrage|p1a: Weavile
|-damage|p1a: Weavile|1/100
|
|upkeep
|turn|13
|
|t:|1641764112
|move|p1a: Weavile|Ice Shard|p2a: Garchomp
|-supereffective|p2a: Garchomp
|-enditem|p2a: Garchomp|Yache Berry|[eat]
|-enditem|p2a: Garchomp|Yache Berry|[weaken]
|-damage|p2a: Garchomp|18/100
|move|p2a: Garchomp|Outrage|p1a: Weavile|[from]lockedmove
|-damage|p1a: Weavile|0 fnt
|faint|p1a: Weavile
|-start|p2a: Garchomp|confusion|[fatigue]
|
|upkeep
|
|t:|1641764125
|switch|p1a: Urshifu|Urshifu-Rapid-Strike, M|100/100
|turn|14
|c|☆Klavyus|la yache berry est une wincon ici
|
|t:|1641764137
|-activate|p2a: Garchomp|confusion
|-damage|p2a: Garchomp|5/100|[from] confusion
|move|p1a: Urshifu|Close Combat|p2a: Garchomp
|-damage|p2a: Garchomp|0 fnt
|-unboost|p1a: Urshifu|def|1
|-unboost|p1a: Urshifu|spd|1
|-damage|p1a: Urshifu|88/100|[from] ability: Rough Skin|[of] p2a: Garchomp
|faint|p2a: Garchomp
|
|upkeep
|c|☆Klavyus|gg
|c|☆Klavyus|sans weavile je ne peux rien
|c|☆PocoLeCancer|attends c'est pas fini
|
|t:|1641764155
|switch|p2a: Latios|Latios, M|100/100
|turn|15
|
|t:|1641764159
|switch|p1a: Corviknight|Corviknight, M|100/100
|-ability|p1a: Corviknight|Pressure
|move|p2a: Latios|Psychic|p1a: Corviknight
|-resisted|p1a: Corviknight
|-damage|p1a: Corviknight|70/100
|-damage|p2a: Latios|91/100|[from] item: Life Orb
|
|upkeep
|turn|16
|
|t:|1641764167
|switch|p2a: Salamence|Salamence, M|100/100
|-ability|p2a: Salamence|Intimidate|boost
|-unboost|p1a: Corviknight|atk|1
|move|p1a: Corviknight|U-turn|p2a: Salamence
|-resisted|p2a: Salamence
|-damage|p2a: Salamence|94/100
|
|t:|1641764174
|switch|p1a: Magnezone|Magnezone|100/100|[from]move: U-turn
|
|upkeep
|turn|17
|
|t:|1641764178
|move|p2a: Salamence|Earthquake|p1a: Magnezone
|-supereffective|p1a: Magnezone
|-damage|p1a: Magnezone|0 fnt
|faint|p1a: Magnezone
|-damage|p2a: Salamence|84/100|[from] item: Life Orb
|
|upkeep
|
|t:|1641764184
|switch|p1a: Urshifu|Urshifu-Rapid-Strike, M|88/100
|turn|18
|
|t:|1641764199
|switch|p2a: Latios|Latios, M|91/100
|move|p1a: Urshifu|Surging Strikes|p2a: Latios
|-resisted|p2a: Latios
|-crit|p2a: Latios
|-damage|p2a: Latios|69/100
|-resisted|p2a: Latios
|-crit|p2a: Latios
|-damage|p2a: Latios|48/100
|-resisted|p2a: Latios
|-crit|p2a: Latios
|-damage|p2a: Latios|26/100
|-hitcount|p2a: Latios|3
|
|upkeep
|turn|19
|
|t:|1641764211
|switch|p1a: Corviknight|Corviknight, M|70/100
|-ability|p1a: Corviknight|Pressure
|move|p2a: Latios|Psychic|p1a: Corviknight
|-resisted|p1a: Corviknight
|-damage|p1a: Corviknight|39/100
|-damage|p2a: Latios|16/100|[from] item: Life Orb
|
|upkeep
|turn|20
|
|t:|1641764218
|move|p2a: Latios|Surf|p1a: Corviknight
|-damage|p1a: Corviknight|1/100
|-damage|p2a: Latios|6/100|[from] item: Life Orb
|move|p1a: Corviknight|Roost|p1a: Corviknight
|-heal|p1a: Corviknight|51/100
|-singleturn|p1a: Corviknight|move: Roost
|
|upkeep
|turn|21
|
|t:|1641764225
|move|p2a: Latios|Surf|p1a: Corviknight
|-damage|p1a: Corviknight|11/100
|-damage|p2a: Latios|0 fnt|[from] item: Life Orb
|faint|p2a: Latios
|move|p1a: Corviknight|Roost|p1a: Corviknight
|-heal|p1a: Corviknight|61/100
|-singleturn|p1a: Corviknight|move: Roost
|
|upkeep
|
|t:|1641764254
|switch|p2a: Salamence|Salamence, M|84/100
|-ability|p2a: Salamence|Intimidate|boost
|-unboost|p1a: Corviknight|atk|1
|turn|22
|c|☆Klavyus|sans weavile je ne peux que faire de l'antijeu en vrai
|
|t:|1641764259
|move|p2a: Salamence|Fire Blast|p1a: Corviknight
|-supereffective|p1a: Corviknight
|-damage|p1a: Corviknight|0 fnt
|faint|p1a: Corviknight
|-damage|p2a: Salamence|75/100|[from] item: Life Orb
|
|upkeep
|
|t:|1641764264
|switch|p1a: Urshifu|Urshifu-Rapid-Strike, M|88/100
|turn|23
|
|t:|1641764267
|move|p2a: Salamence|Draco Meteor|p1a: Urshifu
|-damage|p1a: Urshifu|0 fnt
|-unboost|p2a: Salamence|spa|2
|faint|p1a: Urshifu
|-damage|p2a: Salamence|65/100|[from] item: Life Orb
|
|win|PocoLeCancer
|raw|Klavyus's rating: 1433 &rarr; <strong>1417</strong><br />(-16 for losing)
|raw|PocoLeCancer's rating: 1499 &rarr; <strong>1515</strong><br />(+16 for winning)
|c|☆Klavyus|gg
|l|☆Klavyus
|c|☆PocoLeCancer|Bon bah GG x)
||Ladder isn't responding, score probably updated but might not have (Request timeout).
