|j|☆CuddleKitty
|j|☆Splvt
|t:|1641704455
|gametype|singles
|player|p1|CuddleKitty|caitlin|1163
|player|p2|Splvt|hiker-gen4|1131
|teamsize|p1|6
|teamsize|p2|6
|gen|8
|tier|[Gen 8] OU
|rated|
|rule|Sleep Clause Mod: Limit one foe put to sleep
|rule|Species Clause: Limit one of each Pokémon
|rule|OHKO Clause: OHKO moves are banned
|rule|Evasion Moves Clause: Evasion moves are banned
|rule|Endless Battle Clause: Forcing endless battles is banned
|rule|HP Percentage Mod: HP is shown in percentages
|rule|Dynamax Clause: You cannot dynamax
|clearpoke
|poke|p1|Heatran, M|
|poke|p1|Hippowdon, F|
|poke|p1|Tyranitar, F|
|poke|p1|Excadrill, F|
|poke|p1|Jirachi|
|poke|p1|Nihilego|
|poke|p2|Pyukumuku, M|
|poke|p2|Eiscue, M|
|poke|p2|Slowbro-Galar, M|
|poke|p2|Incineroar, M|
|poke|p2|Corviknight, M|
|poke|p2|Steelix, M|
|teampreview
|
|t:|1641704475
|start
|switch|p1a: Chungi|Hippowdon, F|100/100
|switch|p2a: Pyukumuku|Pyukumuku, M, shiny|100/100
|-weather|Sandstorm|[from] ability: Sand Stream|[of] p1a: Chungi
|turn|1
|
|t:|1641704483
|move|p1a: Chungi|Yawn|p2a: Pyukumuku
|-start|p2a: Pyukumuku|move: Yawn|[of] p1a: Chungi
|move|p2a: Pyukumuku|Toxic|p1a: Chungi
|-status|p1a: Chungi|tox
|
|-weather|Sandstorm|[upkeep]
|-damage|p2a: Pyukumuku|94/100|[from] Sandstorm
|-heal|p2a: Pyukumuku|100/100|[from] item: Leftovers
|-damage|p1a: Chungi|94/100 tox|[from] psn
|upkeep
|turn|2
|
|t:|1641704497
|move|p1a: Chungi|Stealth Rock|p2a: Pyukumuku
|-sidestart|p2: Splvt|move: Stealth Rock
|move|p2a: Pyukumuku|Soak|p1a: Chungi
|-start|p1a: Chungi|typechange|Water
|
|-weather|Sandstorm|[upkeep]
|-damage|p1a: Chungi|88/100 tox|[from] Sandstorm
|-damage|p2a: Pyukumuku|94/100|[from] Sandstorm
|-heal|p2a: Pyukumuku|100/100|[from] item: Leftovers
|-damage|p1a: Chungi|76/100 tox|[from] psn
|-end|p2a: Pyukumuku|move: Yawn|[silent]
|-status|p2a: Pyukumuku|slp
|upkeep
|turn|3
|
|t:|1641704522
|switch|p1a: Carl's Junior|Jirachi, shiny|100/100
|cant|p2a: Pyukumuku|slp
|
|-weather|Sandstorm|[upkeep]
|-damage|p2a: Pyukumuku|94/100 slp|[from] Sandstorm
|-heal|p2a: Pyukumuku|100/100 slp|[from] item: Leftovers
|upkeep
|turn|4
|
|t:|1641704530
|move|p1a: Carl's Junior|Ancient Power|p2a: Pyukumuku
|-damage|p2a: Pyukumuku|85/100 slp
|-curestatus|p2a: Pyukumuku|slp|[msg]
|move|p2a: Pyukumuku|Recover|p2a: Pyukumuku
|-heal|p2a: Pyukumuku|100/100
|
|-weather|Sandstorm|[upkeep]
|-damage|p2a: Pyukumuku|94/100|[from] Sandstorm
|-heal|p2a: Pyukumuku|100/100|[from] item: Leftovers
|upkeep
|turn|5
|
|t:|1641704539
|move|p1a: Carl's Junior|Ancient Power|p2a: Pyukumuku
|-damage|p2a: Pyukumuku|86/100
|move|p2a: Pyukumuku|Toxic|p1a: Carl's Junior
|-immune|p1a: Carl's Junior
|
|-weather|Sandstorm|[upkeep]
|-damage|p2a: Pyukumuku|80/100|[from] Sandstorm
|-heal|p2a: Pyukumuku|86/100|[from] item: Leftovers
|upkeep
|turn|6
|
|t:|1641704547
|move|p1a: Carl's Junior|Ancient Power|p2a: Pyukumuku
|-damage|p2a: Pyukumuku|71/100
|move|p2a: Pyukumuku|Soak|p1a: Carl's Junior
|-start|p1a: Carl's Junior|typechange|Water
|
|-weather|Sandstorm|[upkeep]
|-damage|p1a: Carl's Junior|94/100|[from] Sandstorm
|-damage|p2a: Pyukumuku|65/100|[from] Sandstorm
|-heal|p1a: Carl's Junior|100/100|[from] item: Leftovers
|-heal|p2a: Pyukumuku|71/100|[from] item: Leftovers
|upkeep
|turn|7
|
|t:|1641704556
|switch|p1a: Drillbert|Excadrill, F, shiny|100/100
|move|p2a: Pyukumuku|Toxic|p1a: Drillbert
|-immune|p1a: Drillbert
|
|-weather|Sandstorm|[upkeep]
|-damage|p2a: Pyukumuku|65/100|[from] Sandstorm
|-heal|p2a: Pyukumuku|71/100|[from] item: Leftovers
|upkeep
|turn|8
|
|t:|1641704565
|move|p1a: Drillbert|Iron Head|p2a: Pyukumuku
|-resisted|p2a: Pyukumuku
|-damage|p2a: Pyukumuku|53/100
|-damage|p1a: Drillbert|91/100|[from] item: Life Orb
|cant|p2a: Pyukumuku|flinch
|
|-weather|none
|-heal|p2a: Pyukumuku|59/100|[from] item: Leftovers
|upkeep
|turn|9
|
|t:|1641704572
|switch|p1a: Chungi|Hippowdon, F|76/100 tox
|-weather|Sandstorm|[from] ability: Sand Stream|[of] p1a: Chungi
|move|p2a: Pyukumuku|Soak|p1a: Chungi
|-start|p1a: Chungi|typechange|Water
|
|-weather|Sandstorm|[upkeep]
|-damage|p1a: Chungi|70/100 tox|[from] Sandstorm
|-damage|p2a: Pyukumuku|53/100|[from] Sandstorm
|-heal|p2a: Pyukumuku|59/100|[from] item: Leftovers
|-damage|p1a: Chungi|63/100 tox|[from] psn
|upkeep
|turn|10
|
|t:|1641704583
|move|p1a: Chungi|Yawn|p2a: Pyukumuku
|-start|p2a: Pyukumuku|move: Yawn|[of] p1a: Chungi
|move|p2a: Pyukumuku|Recover|p2a: Pyukumuku
|-heal|p2a: Pyukumuku|100/100
|
|-weather|Sandstorm|[upkeep]
|-damage|p1a: Chungi|57/100 tox|[from] Sandstorm
|-damage|p2a: Pyukumuku|94/100|[from] Sandstorm
|-heal|p2a: Pyukumuku|100/100|[from] item: Leftovers
|-damage|p1a: Chungi|45/100 tox|[from] psn
|upkeep
|turn|11
|
|t:|1641704592
|move|p1a: Chungi|Rest|p1a: Chungi
|-status|p1a: Chungi|slp|[from] move: Rest
|-heal|p1a: Chungi|100/100 slp|[silent]
|move|p2a: Pyukumuku|Soak|p1a: Chungi
|-fail|p1a: Chungi
|
|-weather|Sandstorm|[upkeep]
|-damage|p1a: Chungi|94/100 slp|[from] Sandstorm
|-damage|p2a: Pyukumuku|94/100|[from] Sandstorm
|-heal|p2a: Pyukumuku|100/100|[from] item: Leftovers
|-end|p2a: Pyukumuku|move: Yawn|[silent]
|-status|p2a: Pyukumuku|slp
|upkeep
|turn|12
|
|t:|1641704604
|switch|p1a: Carl's Junior|Jirachi, shiny|100/100
|cant|p2a: Pyukumuku|slp
|
|-weather|Sandstorm|[upkeep]
|-damage|p2a: Pyukumuku|94/100 slp|[from] Sandstorm
|-heal|p2a: Pyukumuku|100/100 slp|[from] item: Leftovers
|upkeep
|turn|13
|
|t:|1641704612
|move|p1a: Carl's Junior|Ancient Power|p2a: Pyukumuku
|-damage|p2a: Pyukumuku|86/100 slp
|-boost|p1a: Carl's Junior|atk|1
|-boost|p1a: Carl's Junior|def|1
|-boost|p1a: Carl's Junior|spa|1
|-boost|p1a: Carl's Junior|spd|1
|-boost|p1a: Carl's Junior|spe|1
|cant|p2a: Pyukumuku|slp
|
|-weather|Sandstorm|[upkeep]
|-damage|p2a: Pyukumuku|80/100 slp|[from] Sandstorm
|-heal|p2a: Pyukumuku|86/100 slp|[from] item: Leftovers
|upkeep
|turn|14
|
|t:|1641704627
|move|p1a: Carl's Junior|Stored Power|p2a: Pyukumuku
|-damage|p2a: Pyukumuku|40/100 slp
|cant|p2a: Pyukumuku|slp
|
|-weather|Sandstorm|[upkeep]
|-damage|p2a: Pyukumuku|34/100 slp|[from] Sandstorm
|-heal|p2a: Pyukumuku|40/100 slp|[from] item: Leftovers
|upkeep
|turn|15
|
|t:|1641704635
|move|p1a: Carl's Junior|Stored Power|p2a: Pyukumuku
|-damage|p2a: Pyukumuku|0 fnt
|faint|p2a: Pyukumuku
|
|-weather|Sandstorm|[upkeep]
|upkeep
|
|t:|1641704640
|switch|p2a: Corviknight|Corviknight, M, shiny|100/100
|-damage|p2a: Corviknight|88/100|[from] Stealth Rock
|-ability|p2a: Corviknight|Pressure
|turn|16
|
|t:|1641704646
|move|p1a: Carl's Junior|Ancient Power|p2a: Corviknight
|-damage|p2a: Corviknight|61/100
|move|p2a: Corviknight|Bulk Up|p2a: Corviknight
|-boost|p2a: Corviknight|atk|1
|-boost|p2a: Corviknight|def|1
|
|-weather|none
|upkeep
|turn|17
|
|t:|1641704654
|move|p1a: Carl's Junior|Ancient Power|p2a: Corviknight
|-damage|p2a: Corviknight|37/100
|-boost|p1a: Carl's Junior|atk|1
|-boost|p1a: Carl's Junior|def|1
|-boost|p1a: Carl's Junior|spa|1
|-boost|p1a: Carl's Junior|spd|1
|-boost|p1a: Carl's Junior|spe|1
|move|p2a: Corviknight|Agility|p2a: Corviknight
|-boost|p2a: Corviknight|spe|2
|
|upkeep
|turn|18
|
|t:|1641704665
|move|p1a: Carl's Junior|Stored Power|p2a: Corviknight
|-resisted|p2a: Corviknight
|-damage|p2a: Corviknight|0 fnt
|faint|p2a: Corviknight
|
|upkeep
|
|t:|1641704671
|switch|p2a: Incineroar|Incineroar, M, shiny|100/100
|-damage|p2a: Incineroar|76/100|[from] Stealth Rock
|-ability|p2a: Incineroar|Intimidate|boost
|-unboost|p1a: Carl's Junior|atk|1
|turn|19
|
|t:|1641704678
|move|p1a: Carl's Junior|Dazzling Gleam|p2a: Incineroar
|-damage|p2a: Incineroar|25/100
|move|p2a: Incineroar|Bulk Up|p2a: Incineroar
|-boost|p2a: Incineroar|atk|1
|-boost|p2a: Incineroar|def|1
|
|upkeep
|turn|20
|
|t:|1641704688
|move|p1a: Carl's Junior|Dazzling Gleam|p2a: Incineroar
|-damage|p2a: Incineroar|0 fnt
|faint|p2a: Incineroar
|
|upkeep
|
|t:|1641704692
|switch|p2a: Mirac|Eiscue, M, shiny|100/100
|-damage|p2a: Mirac|75/100|[from] Stealth Rock
|turn|21
|
|t:|1641704698
|move|p1a: Carl's Junior|Stored Power|p2a: Mirac
|-damage|p2a: Mirac|0 fnt
|faint|p2a: Mirac
|
|upkeep
|
|t:|1641704702
|switch|p2a: Slowbro|Slowbro-Galar, M, shiny|100/100
|-damage|p2a: Slowbro|88/100|[from] Stealth Rock
|turn|22
|-activate|p2a: Slowbro|item: Quick Claw
|
|t:|1641704706
|move|p2a: Slowbro|Nasty Plot|p2a: Slowbro
|-boost|p2a: Slowbro|spa|2
|move|p1a: Carl's Junior|Stored Power|p2a: Slowbro
|-damage|p2a: Slowbro|0 fnt
|faint|p2a: Slowbro
|
|upkeep
|
|t:|1641704713
|switch|p2a: Steelix|Steelix, M, shiny|100/100
|-damage|p2a: Steelix|97/100|[from] Stealth Rock
|turn|23
|c|☆CuddleKitty|No one is as strong as Carl's Junior
|c|☆CuddleKitty|It is the best resturaunt
|
|t:|1641704724
|move|p1a: Carl's Junior|Stored Power|p2a: Steelix
|-resisted|p2a: Steelix
|-damage|p2a: Steelix|8/100
|move|p2a: Steelix|Curse|p2a: Steelix
|-unboost|p2a: Steelix|spe|1
|-boost|p2a: Steelix|atk|1
|-boost|p2a: Steelix|def|1
|
|-heal|p2a: Steelix|14/100|[from] item: Leftovers
|upkeep
|turn|24
|
|t:|1641704743
|move|p1a: Carl's Junior|Stored Power|p2a: Steelix
|-resisted|p2a: Steelix
|-damage|p2a: Steelix|0 fnt
|faint|p2a: Steelix
|
|win|CuddleKitty
|raw|CuddleKitty's rating: 1163 &rarr; <strong>1186</strong><br />(+23 for winning)
|raw|Splvt's rating: 1131 &rarr; <strong>1108</strong><br />(-23 for losing)
|c|☆CuddleKitty|gg fam
