|j|☆ToadMonarch
|j|☆DoodlesHungry
|t:|1641710087
|gametype|singles
|player|p1|ToadMonarch|102|1366
|player|p2|DoodlesHungry|scientist-gen3|1329
|teamsize|p1|6
|teamsize|p2|6
|gen|8
|tier|[Gen 8] OU
|rated|
|rule|Sleep Clause Mod: Limit one foe put to sleep
|rule|Species Clause: Limit one of each Pokémon
|rule|OHKO Clause: OHKO moves are banned
|rule|Evasion Moves Clause: Evasion moves are banned
|rule|Endless Battle Clause: Forcing endless battles is banned
|rule|HP Percentage Mod: HP is shown in percentages
|rule|Dynamax Clause: You cannot dynamax
|clearpoke
|poke|p1|Dragapult, F|
|poke|p1|Landorus-Therian, M|
|poke|p1|Melmetal|
|poke|p1|Tapu Fini|
|poke|p1|Magnezone|
|poke|p1|Weavile, M|
|poke|p2|Dragonite, F|
|poke|p2|Togekiss, F|
|poke|p2|Kartana|
|poke|p2|Volcarona, M|
|poke|p2|Landorus-Therian, M|
|poke|p2|Zeraora|
|teampreview
|inactive|Battle timer is ON: inactive players will automatically lose when time's up. (requested by DoodlesHungry)
|inactive|ToadMonarch also wants the timer to be on.
|
|t:|1641710104
|start
|switch|p1a: Dragapult|Dragapult, F, shiny|100/100
|switch|p2a: Landorus|Landorus-Therian, M|100/100
|-ability|p2a: Landorus|Intimidate|boost
|-unboost|p1a: Dragapult|atk|1
|turn|1
|
|t:|1641710116
|move|p1a: Dragapult|Hydro Pump|p2a: Landorus
|-supereffective|p2a: Landorus
|-damage|p2a: Landorus|0 fnt
|faint|p2a: Landorus
|
|upkeep
|c|☆DoodlesHungry|Uh wow
|
|t:|1641710127
|switch|p2a: Togekiss|Togekiss, F|100/100
|turn|2
|
|t:|1641710133
|switch|p1a: Melmetal|Melmetal|100/100
|move|p2a: Togekiss|Thunder Wave|p1a: Melmetal
|-status|p1a: Melmetal|par
|
|upkeep
|turn|3
|
|t:|1641710138
|switch|p2a: Kartana|Kartana|100/100
|move|p1a: Melmetal|Double Iron Bash|p2a: Kartana
|-resisted|p2a: Kartana
|-damage|p2a: Kartana|78/100
|-resisted|p2a: Kartana
|-damage|p2a: Kartana|57/100
|-hitcount|p2a: Kartana|2
|
|-heal|p2a: Kartana|63/100|[from] item: Leftovers
|upkeep
|turn|4
|
|t:|1641710144
|switch|p1a: Magnezone|Magnezone|100/100
|move|p2a: Kartana|Sacred Sword|p1a: Magnezone
|-supereffective|p1a: Magnezone
|-damage|p1a: Magnezone|40/100
|-damage|p2a: Kartana|46/100|[from] item: Rocky Helmet|[of] p1a: Magnezone
|
|-heal|p2a: Kartana|53/100|[from] item: Leftovers
|upkeep
|turn|5
|
|t:|1641710153
|switch|p1a: Tapu Fini|Tapu Fini|100/100
|-fieldstart|move: Misty Terrain|[from] ability: Misty Surge|[of] p1a: Tapu Fini
|move|p2a: Kartana|Sacred Sword|p1a: Tapu Fini
|-resisted|p1a: Tapu Fini
|-damage|p1a: Tapu Fini|86/100
|
|-heal|p2a: Kartana|59/100|[from] item: Leftovers
|-heal|p1a: Tapu Fini|92/100|[from] item: Leftovers
|upkeep
|turn|6
|
|t:|1641710157
|move|p2a: Kartana|Leaf Blade|p1a: Tapu Fini
|-supereffective|p1a: Tapu Fini
|-damage|p1a: Tapu Fini|3/100
|move|p1a: Tapu Fini|Calm Mind|p1a: Tapu Fini
|-boost|p1a: Tapu Fini|spa|1
|-boost|p1a: Tapu Fini|spd|1
|
|-heal|p2a: Kartana|65/100|[from] item: Leftovers
|-heal|p1a: Tapu Fini|9/100|[from] item: Leftovers
|upkeep
|turn|7
|c|☆ToadMonarch|not band???
|c|☆DoodlesHungry|Nope
|
|t:|1641710168
|switch|p1a: Magnezone|Magnezone|40/100
|move|p2a: Kartana|Leaf Blade|p1a: Magnezone
|-resisted|p1a: Magnezone
|-damage|p1a: Magnezone|21/100
|-damage|p2a: Kartana|48/100|[from] item: Rocky Helmet|[of] p1a: Magnezone
|
|-heal|p2a: Kartana|55/100|[from] item: Leftovers
|upkeep
|turn|8
|inactive|DoodlesHungry has 120 seconds left.
|
|t:|1641710204
|move|p2a: Kartana|Knock Off|p1a: Magnezone
|-damage|p1a: Magnezone|0 fnt
|-damage|p2a: Kartana|38/100|[from] item: Rocky Helmet|[of] p1a: Magnezone
|-enditem|p1a: Magnezone|Rocky Helmet|[from] move: Knock Off|[of] p2a: Kartana
|faint|p1a: Magnezone
|-ability|p2a: Kartana|Beast Boost|boost
|-boost|p2a: Kartana|atk|1
|
|-heal|p2a: Kartana|44/100|[from] item: Leftovers
|upkeep
|
|t:|1641710209
|switch|p1a: Dragapult|Dragapult, F, shiny|100/100
|turn|9
|c|☆DoodlesHungry|I have leftovers :D
|
|t:|1641710216
|switch|p2a: Togekiss|Togekiss, F|100/100
|move|p1a: Dragapult|Flamethrower|p2a: Togekiss
|-damage|p2a: Togekiss|77/100
|
|-heal|p2a: Togekiss|83/100|[from] item: Leftovers
|-fieldend|Misty Terrain
|upkeep
|turn|10
|
|t:|1641710245
|switch|p1a: Tapu Fini|Tapu Fini|9/100
|-fieldstart|move: Misty Terrain|[from] ability: Misty Surge|[of] p1a: Tapu Fini
|move|p2a: Togekiss|Air Slash|p1a: Tapu Fini
|-damage|p1a: Tapu Fini|0 fnt
|faint|p1a: Tapu Fini
|
|-heal|p2a: Togekiss|89/100|[from] item: Leftovers
|upkeep
|inactive|ToadMonarch has 120 seconds left.
|
|t:|1641710265
|switch|p1a: Melmetal|Melmetal|100/100 par
|turn|11
|
|t:|1641710274
|switch|p2a: Volcarona|Volcarona, M|100/100
|move|p1a: Melmetal|Double Iron Bash|p2a: Volcarona
|-resisted|p2a: Volcarona
|-damage|p2a: Volcarona|68/100
|-resisted|p2a: Volcarona
|-damage|p2a: Volcarona|32/100
|-hitcount|p2a: Volcarona|2
|
|upkeep
|turn|12
|
|t:|1641710284
|move|p2a: Volcarona|Fiery Dance|p1a: Melmetal
|-supereffective|p1a: Melmetal
|-damage|p1a: Melmetal|26/100 par
|-boost|p2a: Volcarona|spa|1
|cant|p1a: Melmetal|par
|
|-heal|p1a: Melmetal|32/100 par|[from] item: Leftovers
|upkeep
|turn|13
|c|☆ToadMonarch|bruh
|
|t:|1641710290
|move|p2a: Volcarona|Fiery Dance|p1a: Melmetal
|-supereffective|p1a: Melmetal
|-damage|p1a: Melmetal|0 fnt
|-boost|p2a: Volcarona|spa|1
|faint|p1a: Melmetal
|
|upkeep
|c|☆DoodlesHungry|:/
|
|t:|1641710304
|switch|p1a: Dragapult|Dragapult, F, shiny|100/100
|turn|14
|
|t:|1641710309
|move|p1a: Dragapult|Hydro Pump|p2a: Volcarona
|-supereffective|p2a: Volcarona
|-damage|p2a: Volcarona|0 fnt
|faint|p2a: Volcarona
|
|-fieldend|Misty Terrain
|upkeep
|
|t:|1641710328
|switch|p2a: Dragonite|Dragonite, F|100/100
|turn|15
|
|t:|1641710336
|switch|p1a: Landorus|Landorus-Therian, M|100/100
|-ability|p1a: Landorus|Intimidate|boost
|-unboost|p2a: Dragonite|atk|1
|move|p2a: Dragonite|Dragon Dance|p2a: Dragonite
|-boost|p2a: Dragonite|atk|1
|-boost|p2a: Dragonite|spe|1
|
|upkeep
|turn|16
|
|t:|1641710342
|move|p2a: Dragonite|Ice Punch|p1a: Landorus
|-supereffective|p1a: Landorus
|-damage|p1a: Landorus|0 fnt
|faint|p1a: Landorus
|
|upkeep
|
|t:|1641710344
|switch|p1a: Weavile|Weavile, M|100/100
|-ability|p1a: Weavile|Pressure
|turn|17
|
|t:|1641710353
|switch|p2a: Kartana|Kartana|44/100
|move|p1a: Weavile|Triple Axel|p2a: Kartana
|-damage|p2a: Kartana|34/100
|-crit|p2a: Kartana
|-damage|p2a: Kartana|3/100
|-damage|p2a: Kartana|0 fnt
|faint|p2a: Kartana
|-hitcount|p2: Kartana|3
|
|upkeep
|
|t:|1641710356
|switch|p2a: Zeraora|Zeraora|100/100
|turn|18
|
|t:|1641710362
|move|p2a: Zeraora|Close Combat|p1a: Weavile
|-supereffective|p1a: Weavile
|-damage|p1a: Weavile|0 fnt
|-unboost|p2a: Zeraora|def|1
|-unboost|p2a: Zeraora|spd|1
|faint|p1a: Weavile
|
|upkeep
|
|t:|1641710364
|switch|p1a: Dragapult|Dragapult, F, shiny|100/100
|turn|19
|c|☆DoodlesHungry|Might be gg
|inactive|ToadMonarch has 120 seconds left.
|
|t:|1641710410
|move|p2a: Zeraora|Knock Off|p1a: Dragapult
|-supereffective|p1a: Dragapult
|-damage|p1a: Dragapult|22/100
|-enditem|p1a: Dragapult|Choice Specs|[from] move: Knock Off|[of] p2a: Zeraora
|move|p1a: Dragapult|Shadow Ball|p2a: Zeraora
|-damage|p2a: Zeraora|33/100
|
|upkeep
|turn|20
|-message|ToadMonarch forfeited.
|
|win|DoodlesHungry
|raw|ToadMonarch's rating: 1366 &rarr; <strong>1344</strong><br />(-22 for losing)
|raw|DoodlesHungry's rating: 1329 &rarr; <strong>1351</strong><br />(+22 for winning)
|l|☆ToadMonarch
