|j|☆Linkmust
|j|☆SeniumGames
|t:|1641762526
|gametype|singles
|player|p1|Linkmust|1|1143
|player|p2|SeniumGames|drayden|1099
|teamsize|p1|6
|teamsize|p2|6
|gen|8
|tier|[Gen 8] OU
|rated|
|rule|Sleep Clause Mod: Limit one foe put to sleep
|rule|Species Clause: Limit one of each Pokémon
|rule|OHKO Clause: OHKO moves are banned
|rule|Evasion Moves Clause: Evasion moves are banned
|rule|Endless Battle Clause: Forcing endless battles is banned
|rule|HP Percentage Mod: HP is shown in percentages
|rule|Dynamax Clause: You cannot dynamax
|clearpoke
|poke|p1|Pelipper, M|
|poke|p1|Ferrothorn, F|
|poke|p1|Barraskewda, M|
|poke|p1|Garchomp, F|
|poke|p1|Zapdos|
|poke|p1|Crawdaunt, M|
|poke|p2|Skuntank, M|
|poke|p2|Eldegoss, F|
|poke|p2|Heatran, M|
|poke|p2|Tauros, M|
|poke|p2|Slowbro, M|
|poke|p2|Mienshao, M|
|teampreview
|inactive|Battle timer is ON: inactive players will automatically lose when time's up. (requested by SeniumGames)
|
|t:|1641762543
|start
|switch|p1a: Pelipper|Pelipper, M|100/100
|switch|p2a: God Slap|Mienshao, M|100/100
|-weather|RainDance|[from] ability: Drizzle|[of] p1a: Pelipper
|turn|1
|
|t:|1641762550
|move|p2a: God Slap|Fake Out|p1a: Pelipper
|-damage|p1a: Pelipper|87/100
|-damage|p2a: God Slap|91/100|[from] item: Life Orb
|cant|p1a: Pelipper|flinch
|
|-weather|RainDance|[upkeep]
|upkeep
|turn|2
|
|t:|1641762562
|move|p2a: God Slap|U-turn|p1a: Pelipper
|-resisted|p1a: Pelipper
|-damage|p1a: Pelipper|74/100
|-damage|p2a: God Slap|81/100|[from] item: Life Orb
|
|t:|1641762569
|switch|p2a: King|Heatran, M|100/100|[from]move: U-turn
|move|p1a: Pelipper|U-turn|p2a: King
|-resisted|p2a: King
|-damage|p2a: King|99/100
|
|t:|1641762575
|switch|p1a: Barraskewda|Barraskewda, M|100/100|[from]move: U-turn
|
|-weather|RainDance|[upkeep]
|-heal|p2a: King|100/100|[from] item: Leftovers
|upkeep
|turn|3
|
|t:|1641762588
|switch|p2a: ShellDaddy Thicc|Slowbro, M|100/100
|move|p1a: Barraskewda|Flip Turn|p2a: ShellDaddy Thicc
|-resisted|p2a: ShellDaddy Thicc
|-damage|p2a: ShellDaddy Thicc|72/100
|-damage|p1a: Barraskewda|84/100|[from] item: Rocky Helmet|[of] p2a: ShellDaddy Thicc
|
|t:|1641762601
|switch|p1a: Zapdos|Zapdos|100/100|[from]move: Flip Turn
|
|-weather|RainDance|[upkeep]
|upkeep
|turn|4
|
|t:|1641762616
|switch|p2a: King|Heatran, M|100/100
|move|p1a: Zapdos|Hurricane|p2a: King
|-resisted|p2a: King
|-damage|p2a: King|85/100
|
|-weather|RainDance|[upkeep]
|-heal|p2a: King|91/100|[from] item: Leftovers
|upkeep
|turn|5
|
|t:|1641762646
|switch|p1a: Crawdaunt|Crawdaunt, M|100/100
|move|p2a: King|Iron Defense|p2a: King
|-boost|p2a: King|def|2
|
|-weather|RainDance|[upkeep]
|-heal|p2a: King|97/100|[from] item: Leftovers
|upkeep
|turn|6
|
|t:|1641762653
|move|p1a: Crawdaunt|Swords Dance|p1a: Crawdaunt
|-boost|p1a: Crawdaunt|atk|2
|move|p2a: King|Body Press|p1a: Crawdaunt
|-supereffective|p1a: Crawdaunt
|-damage|p1a: Crawdaunt|0 fnt
|faint|p1a: Crawdaunt
|
|-weather|RainDance|[upkeep]
|-heal|p2a: King|100/100|[from] item: Leftovers
|upkeep
|
|t:|1641762658
|switch|p1a: Barraskewda|Barraskewda, M|84/100
|turn|7
|
|t:|1641762664
|move|p1a: Barraskewda|Liquidation|p2a: King
|-supereffective|p2a: King
|-damage|p2a: King|10/100
|move|p2a: King|Body Press|p1a: Barraskewda
|-damage|p1a: Barraskewda|7/100
|
|-weather|RainDance|[upkeep]
|-heal|p2a: King|16/100|[from] item: Leftovers
|upkeep
|turn|8
|
|t:|1641762673
|switch|p2a: ShellDaddy Thicc|Slowbro, M|100/100
|move|p1a: Barraskewda|Liquidation|p2a: ShellDaddy Thicc
|-resisted|p2a: ShellDaddy Thicc
|-damage|p2a: ShellDaddy Thicc|62/100
|-damage|p1a: Barraskewda|0 fnt|[from] item: Rocky Helmet|[of] p2a: ShellDaddy Thicc
|faint|p1a: Barraskewda
|
|-weather|none
|upkeep
|
|t:|1641762678
|switch|p1a: Pelipper|Pelipper, M|74/100
|-weather|RainDance|[from] ability: Drizzle|[of] p1a: Pelipper
|turn|9
|
|t:|1641762685
|switch|p1a: Ferrothorn|Ferrothorn, F|100/100
|move|p2a: ShellDaddy Thicc|Psyshock|p1a: Ferrothorn
|-resisted|p1a: Ferrothorn
|-damage|p1a: Ferrothorn|90/100
|
|-weather|RainDance|[upkeep]
|-heal|p1a: Ferrothorn|97/100|[from] item: Leftovers
|upkeep
|turn|10
|
|t:|1641762692
|move|p2a: ShellDaddy Thicc|Flamethrower|p1a: Ferrothorn
|-supereffective|p1a: Ferrothorn
|-damage|p1a: Ferrothorn|68/100
|move|p1a: Ferrothorn|Stealth Rock|p2a: ShellDaddy Thicc
|-sidestart|p2: SeniumGames|move: Stealth Rock
|
|-weather|RainDance|[upkeep]
|-heal|p1a: Ferrothorn|74/100|[from] item: Leftovers
|upkeep
|turn|11
|
|t:|1641762704
|switch|p2a: King|Heatran, M|16/100
|-damage|p2a: King|4/100|[from] Stealth Rock
|move|p1a: Ferrothorn|Knock Off|p2a: King
|-damage|p2a: King|0 fnt
|-enditem|p2a: King|Leftovers|[from] move: Knock Off|[of] p1a: Ferrothorn
|faint|p2a: King
|
|-weather|RainDance|[upkeep]
|-heal|p1a: Ferrothorn|81/100|[from] item: Leftovers
|upkeep
|
|t:|1641762724
|switch|p2a: ShellDaddy Thicc|Slowbro, M|96/100
|-damage|p2a: ShellDaddy Thicc|83/100|[from] Stealth Rock
|turn|12
|
|t:|1641762729
|move|p2a: ShellDaddy Thicc|Flamethrower|p1a: Ferrothorn
|-supereffective|p1a: Ferrothorn
|-damage|p1a: Ferrothorn|51/100
|move|p1a: Ferrothorn|Knock Off|p2a: ShellDaddy Thicc
|-supereffective|p2a: ShellDaddy Thicc
|-damage|p2a: ShellDaddy Thicc|55/100
|-damage|p1a: Ferrothorn|35/100|[from] item: Rocky Helmet|[of] p2a: ShellDaddy Thicc
|-enditem|p2a: ShellDaddy Thicc|Rocky Helmet|[from] move: Knock Off|[of] p1a: Ferrothorn
|
|-weather|RainDance|[upkeep]
|-heal|p1a: Ferrothorn|41/100|[from] item: Leftovers
|upkeep
|turn|13
|
|t:|1641762739
|move|p2a: ShellDaddy Thicc|Flamethrower|p1a: Ferrothorn
|-supereffective|p1a: Ferrothorn
|-damage|p1a: Ferrothorn|14/100
|move|p1a: Ferrothorn|Power Whip|p2a: ShellDaddy Thicc
|-supereffective|p2a: ShellDaddy Thicc
|-damage|p2a: ShellDaddy Thicc|0 fnt
|faint|p2a: ShellDaddy Thicc
|
|-weather|RainDance|[upkeep]
|-heal|p1a: Ferrothorn|20/100|[from] item: Leftovers
|upkeep
|inactive|SeniumGames has 120 seconds left.
|
|t:|1641762771
|switch|p2a: God Slap|Mienshao, M|100/100
|-damage|p2a: God Slap|94/100|[from] Stealth Rock
|turn|14
|
|t:|1641762782
|switch|p1a: Zapdos|Zapdos|100/100
|move|p2a: God Slap|Fake Out|p1a: Zapdos
|-damage|p1a: Zapdos|80/100
|-damage|p2a: God Slap|84/100|[from] item: Life Orb
|
|-weather|RainDance|[upkeep]
|upkeep
|turn|15
|inactive|SeniumGames has 120 seconds left.
|
|t:|1641762801
|move|p2a: God Slap|Knock Off|p1a: Zapdos
|-damage|p1a: Zapdos|24/100
|-enditem|p1a: Zapdos|Heavy-Duty Boots|[from] move: Knock Off|[of] p2a: God Slap
|-damage|p2a: God Slap|74/100|[from] item: Life Orb
|move|p1a: Zapdos|Hurricane|p2a: God Slap
|-supereffective|p2a: God Slap
|-damage|p2a: God Slap|0 fnt
|faint|p2a: God Slap
|
|-weather|RainDance|[upkeep]
|upkeep
|
|t:|1641762812
|switch|p2a: Monster|Tauros, M|100/100
|-damage|p2a: Monster|88/100|[from] Stealth Rock
|turn|16
|
|t:|1641762826
|move|p2a: Monster|Body Slam|p1a: Zapdos
|-damage|p1a: Zapdos|0 fnt
|faint|p1a: Zapdos
|
|-weather|none
|upkeep
|
|t:|1641762842
|switch|p1a: Garchomp|Garchomp, F|100/100
|turn|17
|
|t:|1641762848
|move|p2a: Monster|Body Slam|p1a: Garchomp
|-damage|p1a: Garchomp|31/100
|-damage|p2a: Monster|76/100|[from] ability: Rough Skin|[of] p1a: Garchomp
|move|p1a: Garchomp|Scale Shot|p2a: Monster|[miss]
|-miss|p1a: Garchomp|p2a: Monster
|
|-heal|p1a: Garchomp|37/100|[from] item: Leftovers
|upkeep
|turn|18
|
|t:|1641762856
|move|p2a: Monster|Body Slam|p1a: Garchomp
|-damage|p1a: Garchomp|0 fnt
|-damage|p2a: Monster|64/100|[from] ability: Rough Skin|[of] p1a: Garchomp
|faint|p1a: Garchomp
|
|upkeep
|
|t:|1641762859
|switch|p1a: Pelipper|Pelipper, M|74/100
|-weather|RainDance|[from] ability: Drizzle|[of] p1a: Pelipper
|turn|19
|
|t:|1641762864
|move|p2a: Monster|Body Slam|p1a: Pelipper
|-damage|p1a: Pelipper|20/100
|move|p1a: Pelipper|Hurricane|p2a: Monster
|-damage|p2a: Monster|4/100
|
|-weather|RainDance|[upkeep]
|upkeep
|turn|20
|
|t:|1641762874
|move|p2a: Monster|Body Slam|p1a: Pelipper
|-damage|p1a: Pelipper|0 fnt
|faint|p1a: Pelipper
|
|-weather|RainDance|[upkeep]
|upkeep
|
|t:|1641762876
|switch|p1a: Ferrothorn|Ferrothorn, F|20/100
|turn|21
|
|t:|1641762880
|move|p2a: Monster|Body Slam|p1a: Ferrothorn
|-resisted|p1a: Ferrothorn
|-damage|p1a: Ferrothorn|0 fnt
|-damage|p2a: Monster|0 fnt|[from] ability: Iron Barbs|[of] p1a: Ferrothorn
|faint|p1a: Ferrothorn
|faint|p2a: Monster
|
|win|SeniumGames
|raw|Linkmust's rating: 1143 &rarr; <strong>1115</strong><br />(-28 for losing)
|raw|SeniumGames's rating: 1099 &rarr; <strong>1127</strong><br />(+28 for winning)
|c|☆SeniumGames|gg
