|j|☆GalarianN00b
|j|☆AgentHiei
|t:|1641839957
|gametype|singles
|player|p1|GalarianN00b|ethan|1528
|player|p2|AgentHiei|shadowtriad|1531
|teamsize|p1|6
|teamsize|p2|6
|gen|8
|tier|[Gen 8] OU
|rated|
|rule|Sleep Clause Mod: Limit one foe put to sleep
|rule|Species Clause: Limit one of each Pokémon
|rule|OHKO Clause: OHKO moves are banned
|rule|Evasion Moves Clause: Evasion moves are banned
|rule|Endless Battle Clause: Forcing endless battles is banned
|rule|HP Percentage Mod: HP is shown in percentages
|rule|Dynamax Clause: You cannot dynamax
|clearpoke
|poke|p1|Torkoal, M|
|poke|p1|Venusaur, F|
|poke|p1|Blaziken, M|
|poke|p1|Charizard, M|
|poke|p1|Landorus-Therian, M|
|poke|p1|Tapu Fini|
|poke|p2|Mew|
|poke|p2|Salamence, F|
|poke|p2|Bisharp, M|
|poke|p2|Landorus-Therian, M|
|poke|p2|Blacephalon|
|poke|p2|Dragapult, M|
|teampreview
|inactive|Battle timer is ON: inactive players will automatically lose when time's up. (requested by AgentHiei)
|
|t:|1641839968
|start
|switch|p1a: Landorus|Landorus-Therian, M|100/100
|switch|p2a: Mew|Mew|100/100
|-ability|p1a: Landorus|Intimidate|boost
|-unboost|p2a: Mew|atk|1
|turn|1
|
|t:|1641839975
|move|p2a: Mew|Reflect|p2a: Mew
|-sidestart|p2: AgentHiei|Reflect
|move|p1a: Landorus|U-turn|p2a: Mew
|-supereffective|p2a: Mew
|-crit|p2a: Mew
|-damage|p2a: Mew|45/100
|
|t:|1641839988
|switch|p1a: Torkoal|Torkoal, M|100/100|[from]move: U-turn
|-weather|SunnyDay|[from] ability: Drought|[of] p1a: Torkoal
|
|-weather|SunnyDay|[upkeep]
|upkeep
|turn|2
|
|t:|1641839997
|switch|p1a: Landorus|Landorus-Therian, M|100/100
|-ability|p1a: Landorus|Intimidate|boost
|-unboost|p2a: Mew|atk|1
|move|p2a: Mew|Light Screen|p2a: Mew
|-sidestart|p2: AgentHiei|move: Light Screen
|
|-weather|SunnyDay|[upkeep]
|upkeep
|turn|3
|
|t:|1641840003
|move|p2a: Mew|Stealth Rock|p1a: Landorus
|-sidestart|p1: GalarianN00b|move: Stealth Rock
|move|p1a: Landorus|Defog|p2a: Mew
|-unboost|p2a: Mew|evasion|1
|-sideend|p2: AgentHiei|Reflect
|-sideend|p2: AgentHiei|move: Light Screen
|-sideend|p1: GalarianN00b|Stealth Rock|[from] move: Defog|[of] p1a: Landorus
|
|-weather|SunnyDay|[upkeep]
|upkeep
|turn|4
|
|t:|1641840010
|move|p2a: Mew|Reflect|p2a: Mew
|-sidestart|p2: AgentHiei|Reflect
|move|p1a: Landorus|U-turn|p2a: Mew
|-supereffective|p2a: Mew
|-damage|p2a: Mew|26/100
|
|t:|1641840013
|switch|p1a: Charizard|Charizard, M|100/100|[from]move: U-turn
|
|-weather|SunnyDay|[upkeep]
|-damage|p1a: Charizard|88/100|[from] ability: Solar Power|[of] p1a: Charizard
|upkeep
|turn|5
|
|t:|1641840019
|move|p2a: Mew|Light Screen|p2a: Mew
|-sidestart|p2: AgentHiei|move: Light Screen
|move|p1a: Charizard|Flamethrower|p2a: Mew
|-damage|p2a: Mew|0 fnt
|faint|p2a: Mew
|
|-weather|SunnyDay|[upkeep]
|-damage|p1a: Charizard|76/100|[from] ability: Solar Power|[of] p1a: Charizard
|upkeep
|
|t:|1641840033
|switch|p2a: Salamence|Salamence, F|100/100
|turn|6
|
|t:|1641840037
|switch|p1a: Landorus|Landorus-Therian, M|100/100
|-ability|p1a: Landorus|Intimidate|boost
|-unboost|p2a: Salamence|atk|1
|move|p2a: Salamence|Dragon Dance|p2a: Salamence
|-boost|p2a: Salamence|atk|1
|-boost|p2a: Salamence|spe|1
|
|-weather|SunnyDay|[upkeep]
|upkeep
|turn|7
|
|t:|1641840045
|move|p2a: Salamence|Dragon Dance|p2a: Salamence
|-boost|p2a: Salamence|atk|1
|-boost|p2a: Salamence|spe|1
|move|p1a: Landorus|Toxic|p2a: Salamence
|-status|p2a: Salamence|tox
|-enditem|p2a: Salamence|Lum Berry|[eat]
|-curestatus|p2a: Salamence|tox|[msg]
|
|-weather|SunnyDay|[upkeep]
|upkeep
|turn|8
|
|t:|1641840054
|move|p2a: Salamence|Outrage|p1a: Landorus
|-damage|p1a: Landorus|32/100
|move|p1a: Landorus|Toxic|p2a: Salamence
|-status|p2a: Salamence|tox
|
|-weather|none
|-heal|p1a: Landorus|38/100|[from] item: Leftovers
|-damage|p2a: Salamence|94/100 tox|[from] psn
|upkeep
|turn|9
|
|t:|1641840063
|switch|p1a: Tapu Fini|Tapu Fini|100/100
|-fieldstart|move: Misty Terrain|[from] ability: Misty Surge|[of] p1a: Tapu Fini
|move|p2a: Salamence|Outrage|p1a: Tapu Fini|[from]lockedmove
|-immune|p1a: Tapu Fini
|-start|p2a: Salamence|confusion|[fatigue]
|
|-damage|p2a: Salamence|82/100 tox|[from] psn
|upkeep
|turn|10
|
|t:|1641840072
|switch|p1a: Landorus|Landorus-Therian, M|38/100
|-ability|p1a: Landorus|Intimidate|boost
|-unboost|p2a: Salamence|atk|1
|-activate|p2a: Salamence|confusion
|move|p2a: Salamence|Earthquake|p1a: Landorus
|-immune|p1a: Landorus
|
|-heal|p1a: Landorus|44/100|[from] item: Leftovers
|-damage|p2a: Salamence|64/100 tox|[from] psn
|upkeep
|turn|11
|
|t:|1641840087
|-activate|p2a: Salamence|confusion
|move|p2a: Salamence|Fire Fang|p1a: Landorus
|-damage|p1a: Landorus|29/100
|-status|p1a: Landorus|brn
|move|p1a: Landorus|Defog|p2a: Salamence
|-unboost|p2a: Salamence|evasion|1
|-sideend|p2: AgentHiei|Reflect
|-sideend|p2: AgentHiei|move: Light Screen
|-fieldend|Misty Terrain
|
|-heal|p1a: Landorus|35/100 brn|[from] item: Leftovers
|-damage|p2a: Salamence|40/100 tox|[from] psn
|-damage|p1a: Landorus|29/100 brn|[from] brn
|upkeep
|turn|12
|
|t:|1641840099
|switch|p1a: Torkoal|Torkoal, M|100/100
|-weather|SunnyDay|[from] ability: Drought|[of] p1a: Torkoal
|-activate|p2a: Salamence|confusion
|move|p2a: Salamence|Outrage|p1a: Torkoal
|-damage|p1a: Torkoal|66/100
|
|-weather|SunnyDay|[upkeep]
|-damage|p2a: Salamence|10/100 tox|[from] psn
|upkeep
|turn|13
|
|t:|1641840110
|switch|p1a: Tapu Fini|Tapu Fini|100/100
|-fieldstart|move: Misty Terrain|[from] ability: Misty Surge|[of] p1a: Tapu Fini
|-end|p2a: Salamence|confusion
|move|p2a: Salamence|Outrage|p1a: Tapu Fini|[from]lockedmove
|-immune|p1a: Tapu Fini
|-start|p2a: Salamence|confusion|[fatigue]
|
|-weather|SunnyDay|[upkeep]
|-damage|p2a: Salamence|0 fnt|[from] psn
|faint|p2a: Salamence
|upkeep
|
|t:|1641840121
|switch|p2a: Landorus|Landorus-Therian, M|100/100
|-ability|p2a: Landorus|Intimidate|boost
|-unboost|p1a: Tapu Fini|atk|1
|turn|14
|
|t:|1641840126
|switch|p1a: Landorus|Landorus-Therian, M|29/100 brn
|-ability|p1a: Landorus|Intimidate|boost
|-unboost|p2a: Landorus|atk|1
|move|p2a: Landorus|Rock Polish|p2a: Landorus
|-boost|p2a: Landorus|spe|2
|
|-weather|SunnyDay|[upkeep]
|-heal|p1a: Landorus|35/100 brn|[from] item: Leftovers
|-damage|p1a: Landorus|29/100 brn|[from] brn
|upkeep
|turn|15
|
|t:|1641840136
|move|p2a: Landorus|Stone Edge|p1a: Landorus
|-damage|p1a: Landorus|5/100 brn
|-damage|p2a: Landorus|91/100|[from] item: Life Orb
|move|p1a: Landorus|Toxic|p2a: Landorus|[miss]
|-miss|p1a: Landorus|p2a: Landorus
|
|-weather|SunnyDay|[upkeep]
|-heal|p1a: Landorus|11/100 brn|[from] item: Leftovers
|-damage|p1a: Landorus|5/100 brn|[from] brn
|upkeep
|turn|16
|
|t:|1641840147
|move|p2a: Landorus|Stone Edge|p1a: Landorus
|-damage|p1a: Landorus|0 fnt
|faint|p1a: Landorus
|-damage|p2a: Landorus|81/100|[from] item: Life Orb
|
|-weather|SunnyDay|[upkeep]
|upkeep
|
|t:|1641840156
|switch|p1a: Blaziken|Blaziken, M|100/100
|-item|p1a: Blaziken|Air Balloon
|turn|17
|
|t:|1641840163
|move|p2a: Landorus|Earthquake|p1a: Blaziken
|-immune|p1a: Blaziken
|move|p1a: Blaziken|Flare Blitz|p2a: Landorus
|-damage|p2a: Landorus|0 fnt
|faint|p2a: Landorus
|-damage|p1a: Blaziken|72/100|[from] Recoil
|
|-weather|SunnyDay|[upkeep]
|-fieldend|Misty Terrain
|-ability|p1a: Blaziken|Speed Boost|boost
|-boost|p1a: Blaziken|spe|1
|upkeep
|
|t:|1641840174
|switch|p2a: Blacephalon|Blacephalon|100/100
|turn|18
|
|t:|1641840178
|move|p1a: Blaziken|Protect|p1a: Blaziken
|-singleturn|p1a: Blaziken|Protect
|move|p2a: Blacephalon|Shadow Ball|p1a: Blaziken
|-activate|p1a: Blaziken|move: Protect
|
|-weather|SunnyDay|[upkeep]
|-ability|p1a: Blaziken|Speed Boost|boost
|-boost|p1a: Blaziken|spe|1
|upkeep
|turn|19
|
|t:|1641840185
|move|p1a: Blaziken|Flare Blitz|p2a: Blacephalon
|-resisted|p2a: Blacephalon
|-damage|p2a: Blacephalon|0 fnt
|faint|p2a: Blacephalon
|-damage|p1a: Blaziken|45/100|[from] Recoil
|
|-weather|none
|-ability|p1a: Blaziken|Speed Boost|boost
|-boost|p1a: Blaziken|spe|1
|upkeep
|
|t:|1641840189
|switch|p2a: Bisharp|Bisharp, M|100/100
|turn|20
|
|t:|1641840195
|move|p2a: Bisharp|Sucker Punch|p1a: Blaziken
|-resisted|p1a: Blaziken
|-damage|p1a: Blaziken|9/100
|-enditem|p1a: Blaziken|Air Balloon
|-damage|p2a: Bisharp|91/100|[from] item: Life Orb
|move|p1a: Blaziken|Close Combat|p2a: Bisharp
|-supereffective|p2a: Bisharp
|-damage|p2a: Bisharp|0 fnt
|-unboost|p1a: Blaziken|def|1
|-unboost|p1a: Blaziken|spd|1
|faint|p2a: Bisharp
|
|-ability|p1a: Blaziken|Speed Boost|boost
|-boost|p1a: Blaziken|spe|1
|upkeep
|
|t:|1641840202
|switch|p2a: Dragapult|Dragapult, M|100/100
|turn|21
|
|t:|1641840210
|move|p1a: Blaziken|Flare Blitz|p2a: Dragapult
|-resisted|p2a: Dragapult
|-damage|p2a: Dragapult|63/100
|-damage|p1a: Blaziken|0 fnt|[from] Recoil
|faint|p1a: Blaziken
|move|p2a: Dragapult|Dragon Darts|p1: Blaziken|[notarget]
|-fail|p2a: Dragapult
|
|upkeep
|
|t:|1641840219
|switch|p1a: Tapu Fini|Tapu Fini|100/100
|-fieldstart|move: Misty Terrain|[from] ability: Misty Surge|[of] p1a: Tapu Fini
|turn|22
|
|t:|1641840223
|move|p2a: Dragapult|Phantom Force||[still]
|-prepare|p2a: Dragapult|Phantom Force
|move|p1a: Tapu Fini|Moonblast|p2a: Dragapult|[miss]
|-miss|p1a: Tapu Fini|p2a: Dragapult
|
|upkeep
|turn|23
|
|t:|1641840227
|move|p2a: Dragapult|Phantom Force|p1a: Tapu Fini|[from]lockedmove
|-damage|p1a: Tapu Fini|57/100
|move|p1a: Tapu Fini|Moonblast|p2a: Dragapult
|-supereffective|p2a: Dragapult
|-damage|p2a: Dragapult|0 fnt
|faint|p2a: Dragapult
|
|win|GalarianN00b
|raw|GalarianN00b's rating: 1528 &rarr; <strong>1548</strong><br />(+20 for winning)
|raw|AgentHiei's rating: 1531 &rarr; <strong>1511</strong><br />(-20 for losing)
