|j|☆DumbLick1337
|j|☆SJBLHX
|t:|1641823014
|gametype|singles
|player|p1|DumbLick1337|102|1185
|player|p2|SJBLHX|dawn-gen4pt|1136
|teamsize|p1|6
|teamsize|p2|6
|gen|8
|tier|[Gen 8] OU
|rated|
|rule|Sleep Clause Mod: Limit one foe put to sleep
|rule|Species Clause: Limit one of each Pokémon
|rule|OHKO Clause: OHKO moves are banned
|rule|Evasion Moves Clause: Evasion moves are banned
|rule|Endless Battle Clause: Forcing endless battles is banned
|rule|HP Percentage Mod: HP is shown in percentages
|rule|Dynamax Clause: You cannot dynamax
|clearpoke
|poke|p1|Clefable, F|
|poke|p1|Corviknight, M|
|poke|p1|Hydreigon, M|
|poke|p1|Rotom-Wash|
|poke|p1|Hippowdon, M|
|poke|p1|Excadrill, M|
|poke|p2|Pelipper, F|
|poke|p2|Ferrothorn, F|
|poke|p2|Swampert, M|
|poke|p2|Rotom-Wash|
|poke|p2|Urshifu-*, M|
|poke|p2|Blacephalon|
|teampreview
|c|☆DumbLick1337|hf
|inactive|Battle timer is ON: inactive players will automatically lose when time's up. (requested by DumbLick1337)
|
|t:|1641823023
|start
|switch|p1a: rotomwash|Rotom-Wash|100/100
|switch|p2a: Urshifu|Urshifu-Rapid-Strike, M|100/100
|turn|1
|
|t:|1641823035
|move|p1a: rotomwash|Volt Switch|p2a: Urshifu
|-supereffective|p2a: Urshifu
|-damage|p2a: Urshifu|0 fnt
|faint|p2a: Urshifu
|
|t:|1641823035
|switch|p1a: Clefable|Clefable, F|100/100|[from]move: Volt Switch
|
|upkeep
|
|t:|1641823045
|switch|p2a: Ferrothorn|Ferrothorn, F|100/100
|turn|2
|
|t:|1641823049
|move|p1a: Clefable|Flamethrower|p2a: Ferrothorn
|-supereffective|p2a: Ferrothorn
|-damage|p2a: Ferrothorn|0 fnt
|faint|p2a: Ferrothorn
|
|upkeep
|
|t:|1641823056
|switch|p2a: Swampert|Swampert, M|100/100
|turn|3
|
|t:|1641823060
|switch|p1a: Corviknight|Corviknight, M|100/100
|-ability|p1a: Corviknight|Pressure
|move|p2a: Swampert|Stealth Rock|p1a: Corviknight
|-sidestart|p1: DumbLick1337|move: Stealth Rock
|
|upkeep
|turn|4
|
|t:|1641823067
|move|p1a: Corviknight|Substitute|p1a: Corviknight
|-start|p1a: Corviknight|Substitute
|-damage|p1a: Corviknight|75/100
|move|p2a: Swampert|Ice Punch|p1a: Corviknight
|-activate|p1a: Corviknight|move: Substitute|[damage]
|
|-heal|p1a: Corviknight|82/100|[from] item: Leftovers
|upkeep
|turn|5
|
|t:|1641823075
|move|p1a: Corviknight|Bulk Up|p1a: Corviknight
|-boost|p1a: Corviknight|atk|1
|-boost|p1a: Corviknight|def|1
|move|p2a: Swampert|Ice Punch|p1a: Corviknight
|-crit|p1a: Corviknight
|-end|p1a: Corviknight|Substitute
|
|-heal|p1a: Corviknight|88/100|[from] item: Leftovers
|upkeep
|turn|6
|
|t:|1641823087
|switch|p2a: Blacephalon|Blacephalon|100/100
|move|p1a: Corviknight|Brave Bird|p2a: Blacephalon
|-damage|p2a: Blacephalon|0 fnt
|faint|p2a: Blacephalon
|-damage|p1a: Corviknight|67/100|[from] Recoil
|
|-heal|p1a: Corviknight|74/100|[from] item: Leftovers
|upkeep
|
|t:|1641823097
|switch|p2a: Pelipper|Pelipper, F|100/100
|-weather|RainDance|[from] ability: Drizzle|[of] p2a: Pelipper
|turn|7
|-message|SJBLHX forfeited.
|
|win|DumbLick1337
|raw|DumbLick1337's rating: 1185 &rarr; <strong>1206</strong><br />(+21 for winning)
|raw|SJBLHX's rating: 1136 &rarr; <strong>1115</strong><br />(-21 for losing)
|c|☆DumbLick1337|gg
|l|☆SJBLHX
