|j|‽testingbot42o
|j|☆mistborn1371
|t:|1641846105
|gametype|singles
|player|p1|testingbot42o|102|1230
|player|p2|mistborn1371|101|1180
|teamsize|p1|6
|teamsize|p2|6
|gen|8
|tier|[Gen 8] OU
|rated|
|rule|Sleep Clause Mod: Limit one foe put to sleep
|rule|Species Clause: Limit one of each Pokémon
|rule|OHKO Clause: OHKO moves are banned
|rule|Evasion Moves Clause: Evasion moves are banned
|rule|Endless Battle Clause: Forcing endless battles is banned
|rule|HP Percentage Mod: HP is shown in percentages
|rule|Dynamax Clause: You cannot dynamax
|clearpoke
|poke|p1|Clefable, F|
|poke|p1|Corviknight, M|
|poke|p1|Hydreigon, M|
|poke|p1|Rotom-Wash|
|poke|p1|Hippowdon, M|
|poke|p1|Excadrill, F|
|poke|p2|Tapu Lele|
|poke|p2|Buzzwole|
|poke|p2|Dragonite, M|
|poke|p2|Bisharp, F|
|poke|p2|Landorus-Therian, M|
|poke|p2|Blacephalon|
|teampreview
|inactive|Battle timer is ON: inactive players will automatically lose when time's up. (requested by mistborn1371)
|inactive|testingbot42o also wants the timer to be on.
|
|t:|1641846114
|start
|switch|p1a: Rotom|Rotom-Wash|100/100
|switch|p2a: Landorus|Landorus-Therian, M|100/100
|-ability|p2a: Landorus|Intimidate|boost
|-unboost|p1a: Rotom|atk|1
|turn|1
|
|t:|1641846132
|switch|p1a: Corviknight|Corviknight, M|100/100
|-ability|p1a: Corviknight|Pressure
|move|p2a: Landorus|Toxic|p1a: Corviknight
|-immune|p1a: Corviknight
|
|upkeep
|turn|2
|
|t:|1641846139
|move|p1a: Corviknight|Substitute|p1a: Corviknight
|-start|p1a: Corviknight|Substitute
|-damage|p1a: Corviknight|75/100
|move|p2a: Landorus|Stealth Rock|p1a: Corviknight
|-sidestart|p1: testingbot42o|move: Stealth Rock
|
|-heal|p1a: Corviknight|82/100|[from] item: Leftovers
|upkeep
|turn|3
|
|t:|1641846148
|move|p1a: Corviknight|Bulk Up|p1a: Corviknight
|-boost|p1a: Corviknight|atk|1
|-boost|p1a: Corviknight|def|1
|move|p2a: Landorus|U-turn|p1a: Corviknight
|-resisted|p1a: Corviknight
|-activate|p1a: Corviknight|move: Substitute|[damage]
|
|t:|1641846153
|switch|p2a: Blacephalon|Blacephalon|100/100|[from]move: U-turn
|
|-heal|p1a: Corviknight|88/100|[from] item: Leftovers
|upkeep
|turn|4
|
|t:|1641846159
|move|p2a: Blacephalon|Flamethrower|p1a: Corviknight
|-supereffective|p1a: Corviknight
|-end|p1a: Corviknight|Substitute
|move|p1a: Corviknight|Brave Bird|p2a: Blacephalon
|-enditem|p2a: Blacephalon|Focus Sash
|-damage|p2a: Blacephalon|1/100
|-damage|p1a: Corviknight|68/100|[from] Recoil
|
|-heal|p1a: Corviknight|74/100|[from] item: Leftovers
|upkeep
|turn|5
|
|t:|1641846172
|switch|p1a: Hydreigon|Hydreigon, M|100/100
|-damage|p1a: Hydreigon|88/100|[from] Stealth Rock
|move|p2a: Blacephalon|Flamethrower|p1a: Hydreigon
|-resisted|p1a: Hydreigon
|-damage|p1a: Hydreigon|60/100
|-status|p1a: Hydreigon|brn
|
|-heal|p1a: Hydreigon|66/100 brn|[from] item: Leftovers
|-damage|p1a: Hydreigon|60/100 brn|[from] brn
|upkeep
|turn|6
|
|t:|1641846194
|switch|p2a: Dragonite|Dragonite, M|100/100
|move|p1a: Hydreigon|Dark Pulse|p2a: Dragonite
|-damage|p2a: Dragonite|88/100
|
|-heal|p1a: Hydreigon|66/100 brn|[from] item: Leftovers
|-damage|p1a: Hydreigon|60/100 brn|[from] brn
|upkeep
|turn|7
|
|t:|1641846202
|move|p1a: Hydreigon|Dark Pulse|p2a: Dragonite
|-damage|p2a: Dragonite|62/100
|move|p2a: Dragonite|Ice Beam|p1a: Hydreigon
|-supereffective|p1a: Hydreigon
|-damage|p1a: Hydreigon|16/100 brn
|
|-heal|p1a: Hydreigon|23/100 brn|[from] item: Leftovers
|-damage|p1a: Hydreigon|16/100 brn|[from] brn
|upkeep
|turn|8
|
|t:|1641846216
|switch|p2a: Tapu Lele|Tapu Lele, shiny|100/100
|-fieldstart|move: Psychic Terrain|[from] ability: Psychic Surge|[of] p2a: Tapu Lele
|move|p1a: Hydreigon|Dark Pulse|p2a: Tapu Lele
|-damage|p2a: Tapu Lele|57/100
|
|-heal|p1a: Hydreigon|23/100 brn|[from] item: Leftovers
|-damage|p1a: Hydreigon|16/100 brn|[from] brn
|upkeep
|turn|9
|
|t:|1641846230
|move|p1a: Hydreigon|Dark Pulse|p2a: Tapu Lele
|-damage|p2a: Tapu Lele|16/100
|move|p2a: Tapu Lele|Moonblast|p1a: Hydreigon
|-supereffective|p1a: Hydreigon
|-damage|p1a: Hydreigon|0 fnt
|faint|p1a: Hydreigon
|
|upkeep
|
|t:|1641846230
|switch|p1a: Excadrill|Excadrill, F|100/100
|-damage|p1a: Excadrill|97/100|[from] Stealth Rock
|turn|10
|
|t:|1641846246
|switch|p2a: Landorus|Landorus-Therian, M|100/100
|-ability|p2a: Landorus|Intimidate|boost
|-unboost|p1a: Excadrill|atk|1
|move|p1a: Excadrill|Iron Head|p2a: Landorus
|-damage|p2a: Landorus|73/100
|-damage|p1a: Excadrill|81/100|[from] item: Rocky Helmet|[of] p2a: Landorus
|-damage|p1a: Excadrill|71/100|[from] item: Life Orb
|
|upkeep
|turn|11
|
|t:|1641846264
|switch|p1a: Rotom|Rotom-Wash|100/100
|-damage|p1a: Rotom|88/100|[from] Stealth Rock
|move|p2a: Landorus|U-turn|p1a: Rotom
|-crit|p1a: Rotom
|-damage|p1a: Rotom|46/100
|
|t:|1641846275
|switch|p2a: Dragonite|Dragonite, M|62/100|[from]move: U-turn
|
|upkeep
|turn|12
|
|t:|1641846279
|move|p1a: Rotom|Volt Switch|p2a: Dragonite
|-damage|p2a: Dragonite|41/100
|
|t:|1641846283
|switch|p1a: Hippowdon|Hippowdon, M|100/100|[from]move: Volt Switch
|-damage|p1a: Hippowdon|94/100|[from] Stealth Rock
|-weather|Sandstorm|[from] ability: Sand Stream|[of] p1a: Hippowdon
|move|p2a: Dragonite|Roost|p2a: Dragonite
|-heal|p2a: Dragonite|91/100
|-singleturn|p2a: Dragonite|move: Roost
|
|-weather|Sandstorm|[upkeep]
|-damage|p2a: Dragonite|85/100|[from] Sandstorm
|-fieldend|move: Psychic Terrain
|upkeep
|turn|13
|
|t:|1641846294
|move|p2a: Dragonite|Ice Beam|p1a: Hippowdon
|-supereffective|p1a: Hippowdon
|-damage|p1a: Hippowdon|52/100
|move|p1a: Hippowdon|Earthquake|p2a: Dragonite
|-immune|p2a: Dragonite
|
|-weather|Sandstorm|[upkeep]
|-damage|p2a: Dragonite|79/100|[from] Sandstorm
|upkeep
|turn|14
|
|t:|1641846302
|move|p2a: Dragonite|Ice Beam|p1a: Hippowdon
|-supereffective|p1a: Hippowdon
|-damage|p1a: Hippowdon|11/100
|move|p1a: Hippowdon|Stealth Rock|p2a: Dragonite
|-sidestart|p2: mistborn1371|move: Stealth Rock
|
|-weather|Sandstorm|[upkeep]
|-damage|p2a: Dragonite|73/100|[from] Sandstorm
|upkeep
|turn|15
|
|t:|1641846310
|switch|p1a: Rotom|Rotom-Wash|46/100
|-damage|p1a: Rotom|33/100|[from] Stealth Rock
|move|p2a: Dragonite|Ice Beam|p1a: Rotom
|-resisted|p1a: Rotom
|-damage|p1a: Rotom|19/100
|
|-weather|Sandstorm|[upkeep]
|-damage|p1a: Rotom|13/100|[from] Sandstorm
|-damage|p2a: Dragonite|66/100|[from] Sandstorm
|upkeep
|turn|16
|
|t:|1641846320
|move|p1a: Rotom|Volt Switch|p2a: Dragonite
|-damage|p2a: Dragonite|45/100
|
|t:|1641846321
|switch|p1a: Corviknight|Corviknight, M|74/100|[from]move: Volt Switch
|-damage|p1a: Corviknight|61/100|[from] Stealth Rock
|-ability|p1a: Corviknight|Pressure
|move|p2a: Dragonite|Defog|p1a: Corviknight
|-unboost|p1a: Corviknight|evasion|1
|-sideend|p1: testingbot42o|Stealth Rock|[from] move: Defog|[of] p2a: Dragonite
|-sideend|p2: mistborn1371|Stealth Rock|[from] move: Defog|[of] p2a: Dragonite
|
|-weather|Sandstorm|[upkeep]
|-damage|p2a: Dragonite|39/100|[from] Sandstorm
|-heal|p1a: Corviknight|68/100|[from] item: Leftovers
|upkeep
|turn|17
|
|t:|1641846334
|move|p1a: Corviknight|Substitute|p1a: Corviknight
|-start|p1a: Corviknight|Substitute
|-damage|p1a: Corviknight|43/100
|move|p2a: Dragonite|Ice Beam|p1a: Corviknight
|-activate|p1a: Corviknight|move: Substitute|[damage]
|
|-weather|Sandstorm|[upkeep]
|-damage|p2a: Dragonite|33/100|[from] Sandstorm
|-heal|p1a: Corviknight|49/100|[from] item: Leftovers
|upkeep
|turn|18
|
|t:|1641846342
|move|p1a: Corviknight|Bulk Up|p1a: Corviknight
|-boost|p1a: Corviknight|atk|1
|-boost|p1a: Corviknight|def|1
|move|p2a: Dragonite|Ice Beam|p1a: Corviknight
|-end|p1a: Corviknight|Substitute
|
|-weather|Sandstorm|[upkeep]
|-damage|p2a: Dragonite|27/100|[from] Sandstorm
|-heal|p1a: Corviknight|55/100|[from] item: Leftovers
|upkeep
|turn|19
|
|t:|1641846353
|move|p1a: Corviknight|Brave Bird|p2a: Dragonite
|-damage|p2a: Dragonite|0 fnt
|faint|p2a: Dragonite
|-damage|p1a: Corviknight|47/100|[from] Recoil
|
|-weather|none
|-heal|p1a: Corviknight|53/100|[from] item: Leftovers
|upkeep
|
|t:|1641846375
|switch|p2a: Tapu Lele|Tapu Lele, shiny|16/100
|-fieldstart|move: Psychic Terrain|[from] ability: Psychic Surge|[of] p2a: Tapu Lele
|turn|20
|
|t:|1641846381
|switch|p1a: Hippowdon|Hippowdon, M|11/100
|-weather|Sandstorm|[from] ability: Sand Stream|[of] p1a: Hippowdon
|move|p2a: Tapu Lele|Focus Blast|p1a: Hippowdon|[miss]
|-miss|p2a: Tapu Lele|p1a: Hippowdon
|
|-weather|Sandstorm|[upkeep]
|-damage|p2a: Tapu Lele|10/100|[from] Sandstorm
|upkeep
|turn|21
|
|t:|1641846390
|move|p2a: Tapu Lele|Focus Blast|p1a: Hippowdon
|-damage|p1a: Hippowdon|0 fnt
|faint|p1a: Hippowdon
|
|-weather|Sandstorm|[upkeep]
|-damage|p2a: Tapu Lele|4/100|[from] Sandstorm
|upkeep
|
|t:|1641846390
|switch|p1a: Clefable|Clefable, F|100/100
|turn|22
|
|t:|1641846402
|switch|p2a: Landorus|Landorus-Therian, M|73/100
|-ability|p2a: Landorus|Intimidate|boost
|-unboost|p1a: Clefable|atk|1
|move|p1a: Clefable|Flamethrower|p2a: Landorus
|-damage|p2a: Landorus|33/100
|
|-weather|Sandstorm|[upkeep]
|upkeep
|turn|23
|
|t:|1641846414
|switch|p1a: Corviknight|Corviknight, M|53/100
|-ability|p1a: Corviknight|Pressure
|move|p2a: Landorus|Earthquake|p1a: Corviknight
|-immune|p1a: Corviknight
|
|-weather|Sandstorm|[upkeep]
|-heal|p1a: Corviknight|59/100|[from] item: Leftovers
|upkeep
|turn|24
|
|t:|1641846425
|move|p1a: Corviknight|Bulk Up|p1a: Corviknight
|-boost|p1a: Corviknight|atk|1
|-boost|p1a: Corviknight|def|1
|move|p2a: Landorus|Stealth Rock|p1a: Corviknight
|-sidestart|p1: testingbot42o|move: Stealth Rock
|
|-weather|Sandstorm|[upkeep]
|-heal|p1a: Corviknight|66/100|[from] item: Leftovers
|-fieldend|move: Psychic Terrain
|upkeep
|turn|25
|
|t:|1641846440
|move|p1a: Corviknight|Bulk Up|p1a: Corviknight
|-boost|p1a: Corviknight|atk|1
|-boost|p1a: Corviknight|def|1
|move|p2a: Landorus|U-turn|p1a: Corviknight
|-resisted|p1a: Corviknight
|-damage|p1a: Corviknight|64/100
|
|t:|1641846445
|switch|p2a: Buzzwole|Buzzwole|100/100|[from]move: U-turn
|
|-weather|Sandstorm|[upkeep]
|-damage|p2a: Buzzwole|94/100|[from] Sandstorm
|-heal|p1a: Corviknight|70/100|[from] item: Leftovers
|-heal|p2a: Buzzwole|100/100|[from] item: Leftovers
|upkeep
|turn|26
|
|t:|1641846454
|move|p1a: Corviknight|Brave Bird|p2a: Buzzwole
|-supereffective|p2a: Buzzwole
|-damage|p2a: Buzzwole|0 fnt
|faint|p2a: Buzzwole
|-damage|p1a: Corviknight|35/100|[from] Recoil
|
|-weather|Sandstorm|[upkeep]
|-heal|p1a: Corviknight|42/100|[from] item: Leftovers
|upkeep
|
|t:|1641846465
|switch|p2a: Landorus|Landorus-Therian, M|33/100
|-ability|p2a: Landorus|Intimidate|boost
|-unboost|p1a: Corviknight|atk|1
|turn|27
|
|t:|1641846474
|move|p1a: Corviknight|Bulk Up|p1a: Corviknight
|-boost|p1a: Corviknight|atk|1
|-boost|p1a: Corviknight|def|1
|move|p2a: Landorus|U-turn|p1a: Corviknight
|-resisted|p1a: Corviknight
|-damage|p1a: Corviknight|40/100
|
|t:|1641846481
|switch|p2a: Blacephalon|Blacephalon|1/100|[from]move: U-turn
|
|-weather|none
|-heal|p1a: Corviknight|46/100|[from] item: Leftovers
|upkeep
|turn|28
|
|t:|1641846487
|switch|p1a: Rotom|Rotom-Wash|13/100
|-damage|p1a: Rotom|1/100|[from] Stealth Rock
|move|p2a: Blacephalon|Flamethrower|p1a: Rotom
|-resisted|p1a: Rotom
|-crit|p1a: Rotom
|-damage|p1a: Rotom|0 fnt
|faint|p1a: Rotom
|-ability|p2a: Blacephalon|Beast Boost|boost
|-boost|p2a: Blacephalon|spa|1
|
|upkeep
|
|t:|1641846487
|switch|p1a: Corviknight|Corviknight, M|46/100
|-damage|p1a: Corviknight|34/100|[from] Stealth Rock
|-ability|p1a: Corviknight|Pressure
|turn|29
|
|t:|1641846500
|move|p2a: Blacephalon|Flamethrower|p1a: Corviknight
|-supereffective|p1a: Corviknight
|-damage|p1a: Corviknight|0 fnt
|faint|p1a: Corviknight
|-ability|p2a: Blacephalon|Beast Boost|boost
|-boost|p2a: Blacephalon|spa|1
|
|upkeep
|
|t:|1641846500
|switch|p1a: Excadrill|Excadrill, F|71/100
|-damage|p1a: Excadrill|68/100|[from] Stealth Rock
|turn|30
|
|t:|1641846509
|move|p2a: Blacephalon|Flamethrower|p1a: Excadrill
|-supereffective|p1a: Excadrill
|-damage|p1a: Excadrill|0 fnt
|faint|p1a: Excadrill
|-ability|p2a: Blacephalon|Beast Boost|boost
|-boost|p2a: Blacephalon|spa|1
|
|upkeep
|
|t:|1641846509
|switch|p1a: Clefable|Clefable, F|100/100
|turn|31
|
|t:|1641846517
|move|p2a: Blacephalon|Flamethrower|p1a: Clefable
|-damage|p1a: Clefable|0 fnt
|faint|p1a: Clefable
|
|win|mistborn1371
|raw|testingbot42o's rating: 1230 &rarr; <strong>1201</strong><br />(-29 for losing)
|raw|mistborn1371's rating: 1180 &rarr; <strong>1209</strong><br />(+29 for winning)
|l|‽testingbot42o
||Ladder isn't responding, score probably updated but might not have (Request timeout).
