|j|‽testingbot42o
|j|☆big man pringle!!!
|t:|1641768891
|gametype|singles
|player|p1|testingbot42o|102|1372
|player|p2|big man pringle!!!|hiker-gen4|1352
|teamsize|p1|6
|teamsize|p2|6
|gen|8
|tier|[Gen 8] OU
|rated|
|rule|Sleep Clause Mod: Limit one foe put to sleep
|rule|Species Clause: Limit one of each Pokémon
|rule|OHKO Clause: OHKO moves are banned
|rule|Evasion Moves Clause: Evasion moves are banned
|rule|Endless Battle Clause: Forcing endless battles is banned
|rule|HP Percentage Mod: HP is shown in percentages
|rule|Dynamax Clause: You cannot dynamax
|clearpoke
|poke|p1|Clefable, F|
|poke|p1|Corviknight, F|
|poke|p1|Hydreigon, M|
|poke|p1|Rotom-Wash|
|poke|p1|Hippowdon, M|
|poke|p1|Excadrill, M|
|poke|p2|Regirock|
|poke|p2|Heatran, F|
|poke|p2|Conkeldurr, M|
|poke|p2|Landorus-Therian, M|
|poke|p2|Dragalge, M|
|poke|p2|Noctowl, F|
|teampreview
|inactive|Battle timer is ON: inactive players will automatically lose when time's up. (requested by testingbot42o)
|
|t:|1641768901
|start
|switch|p1a: Hippowdon|Hippowdon, M|100/100
|switch|p2a: Landorus|Landorus-Therian, M|100/100
|-ability|p2a: Landorus|Intimidate|boost
|-unboost|p1a: Hippowdon|atk|1
|-weather|Sandstorm|[from] ability: Sand Stream|[of] p1a: Hippowdon
|turn|1
|
|t:|1641768909
|move|p2a: Landorus|Knock Off|p1a: Hippowdon
|-damage|p1a: Hippowdon|80/100
|-enditem|p1a: Hippowdon|Smooth Rock|[from] move: Knock Off|[of] p2a: Landorus
|move|p1a: Hippowdon|Stealth Rock|p2a: Landorus
|-sidestart|p2: big man pringle!!!|move: Stealth Rock
|
|-weather|Sandstorm|[upkeep]
|upkeep
|turn|2
|
|t:|1641768923
|switch|p2a: Noctowl|Noctowl, F|100/100
|move|p1a: Hippowdon|Whirlwind|p2a: Noctowl
|drag|p2a: Regirock|Regirock|100/100
|-damage|p2a: Regirock|88/100|[from] Stealth Rock
|
|-weather|Sandstorm|[upkeep]
|upkeep
|turn|3
|
|t:|1641768932
|switch|p1a: Corviknight|Corviknight, F|100/100
|-ability|p1a: Corviknight|Pressure
|move|p2a: Regirock|Stealth Rock|p1a: Corviknight
|-sidestart|p1: testingbot42o|move: Stealth Rock
|
|-weather|Sandstorm|[upkeep]
|upkeep
|turn|4
|
|t:|1641768940
|move|p1a: Corviknight|Bulk Up|p1a: Corviknight
|-boost|p1a: Corviknight|atk|1
|-boost|p1a: Corviknight|def|1
|move|p2a: Regirock|Thunder Wave|p1a: Corviknight
|-status|p1a: Corviknight|par
|
|-weather|Sandstorm|[upkeep]
|upkeep
|turn|5
|
|t:|1641768958
|switch|p2a: Heatran|Heatran, F|100/100
|-damage|p2a: Heatran|88/100|[from] Stealth Rock
|-item|p2a: Heatran|Air Balloon
|move|p1a: Corviknight|Substitute|p1a: Corviknight
|-start|p1a: Corviknight|Substitute
|-damage|p1a: Corviknight|75/100 par
|
|-weather|Sandstorm|[upkeep]
|-heal|p1a: Corviknight|82/100 par|[from] item: Leftovers
|upkeep
|turn|6
|
|t:|1641768970
|move|p2a: Heatran|Magma Storm|p1a: Corviknight
|-supereffective|p1a: Corviknight
|-end|p1a: Corviknight|Substitute
|move|p1a: Corviknight|Substitute|p1a: Corviknight
|-start|p1a: Corviknight|Substitute
|-damage|p1a: Corviknight|57/100 par
|
|-weather|Sandstorm|[upkeep]
|-heal|p1a: Corviknight|63/100 par|[from] item: Leftovers
|upkeep
|turn|7
|
|t:|1641768978
|move|p2a: Heatran|Magma Storm|p1a: Corviknight
|-supereffective|p1a: Corviknight
|-end|p1a: Corviknight|Substitute
|move|p1a: Corviknight|Substitute|p1a: Corviknight
|-start|p1a: Corviknight|Substitute
|-damage|p1a: Corviknight|38/100 par
|
|-weather|Sandstorm|[upkeep]
|-heal|p1a: Corviknight|44/100 par|[from] item: Leftovers
|upkeep
|turn|8
|
|t:|1641768985
|move|p2a: Heatran|Magma Storm|p1a: Corviknight
|-supereffective|p1a: Corviknight
|-end|p1a: Corviknight|Substitute
|move|p1a: Corviknight|Substitute|p1a: Corviknight
|-start|p1a: Corviknight|Substitute
|-damage|p1a: Corviknight|19/100 par
|
|-weather|none
|-heal|p1a: Corviknight|25/100 par|[from] item: Leftovers
|upkeep
|turn|9
|
|t:|1641768993
|move|p2a: Heatran|Magma Storm|p1a: Corviknight
|-supereffective|p1a: Corviknight
|-end|p1a: Corviknight|Substitute
|move|p1a: Corviknight|Brave Bird|p2a: Heatran
|-resisted|p2a: Heatran
|-damage|p2a: Heatran|63/100
|-enditem|p2a: Heatran|Air Balloon
|-damage|p1a: Corviknight|18/100 par|[from] Recoil
|
|-heal|p1a: Corviknight|24/100 par|[from] item: Leftovers
|upkeep
|turn|10
|
|t:|1641769009
|move|p2a: Heatran|Flash Cannon|p1a: Corviknight
|-resisted|p1a: Corviknight
|-damage|p1a: Corviknight|7/100 par
|cant|p1a: Corviknight|par
|
|-heal|p1a: Corviknight|13/100 par|[from] item: Leftovers
|upkeep
|turn|11
|
|t:|1641769015
|move|p2a: Heatran|Flash Cannon|p1a: Corviknight
|-resisted|p1a: Corviknight
|-damage|p1a: Corviknight|0 fnt
|faint|p1a: Corviknight
|
|upkeep
|
|t:|1641769015
|switch|p1a: Excadrill|Excadrill, M|100/100
|-damage|p1a: Excadrill|97/100|[from] Stealth Rock
|turn|12
|
|t:|1641769029
|switch|p2a: Noctowl|Noctowl, F|100/100
|move|p1a: Excadrill|Earthquake|p2a: Noctowl
|-immune|p2a: Noctowl
|
|upkeep
|turn|13
|
|t:|1641769041
|switch|p2a: Landorus|Landorus-Therian, M|100/100
|-damage|p2a: Landorus|88/100|[from] Stealth Rock
|-ability|p2a: Landorus|Intimidate|boost
|-unboost|p1a: Excadrill|atk|1
|move|p1a: Excadrill|Iron Head|p2a: Landorus
|-damage|p2a: Landorus|46/100
|-damage|p1a: Excadrill|87/100|[from] item: Life Orb
|
|upkeep
|turn|14
|
|t:|1641769051
|switch|p1a: Hippowdon|Hippowdon, M|80/100
|-damage|p1a: Hippowdon|74/100|[from] Stealth Rock
|-weather|Sandstorm|[from] ability: Sand Stream|[of] p1a: Hippowdon
|move|p2a: Landorus|Knock Off|p1a: Hippowdon
|-damage|p1a: Hippowdon|61/100
|
|-weather|Sandstorm|[upkeep]
|upkeep
|turn|15
|
|t:|1641769062
|switch|p2a: Heatran|Heatran, F|63/100
|-damage|p2a: Heatran|51/100|[from] Stealth Rock
|move|p1a: Hippowdon|Earthquake|p2a: Heatran
|-supereffective|p2a: Heatran
|-damage|p2a: Heatran|0 fnt
|faint|p2a: Heatran
|
|-weather|Sandstorm|[upkeep]
|upkeep
|
|t:|1641769072
|switch|p2a: Noctowl|Noctowl, F|100/100
|turn|16
|
|t:|1641769079
|move|p2a: Noctowl|Air Slash|p1a: Hippowdon
|-damage|p1a: Hippowdon|36/100
|move|p1a: Hippowdon|Slack Off|p1a: Hippowdon
|-heal|p1a: Hippowdon|86/100
|
|-weather|Sandstorm|[upkeep]
|-damage|p2a: Noctowl|94/100|[from] Sandstorm
|upkeep
|turn|17
|
|t:|1641769085
|move|p2a: Noctowl|Air Slash|p1a: Hippowdon
|-damage|p1a: Hippowdon|63/100
|cant|p1a: Hippowdon|flinch
|
|-weather|Sandstorm|[upkeep]
|-damage|p2a: Noctowl|88/100|[from] Sandstorm
|upkeep
|turn|18
|
|t:|1641769091
|move|p2a: Noctowl|Air Slash|p1a: Hippowdon
|-damage|p1a: Hippowdon|36/100
|move|p1a: Hippowdon|Slack Off|p1a: Hippowdon
|-heal|p1a: Hippowdon|86/100
|
|-weather|none
|upkeep
|turn|19
|
|t:|1641769098
|move|p2a: Noctowl|Air Slash|p1a: Hippowdon
|-damage|p1a: Hippowdon|60/100
|move|p1a: Hippowdon|Slack Off|p1a: Hippowdon
|-heal|p1a: Hippowdon|100/100
|
|upkeep
|turn|20
|
|t:|1641769108
|move|p2a: Noctowl|Air Slash|p1a: Hippowdon
|-damage|p1a: Hippowdon|76/100
|move|p1a: Hippowdon|Whirlwind|p2a: Noctowl
|drag|p2a: Regirock|Regirock|88/100
|-damage|p2a: Regirock|76/100|[from] Stealth Rock
|
|upkeep
|turn|21
|
|t:|1641769125
|move|p2a: Regirock|Body Press|p1a: Hippowdon
|-damage|p1a: Hippowdon|54/100
|move|p1a: Hippowdon|Slack Off|p1a: Hippowdon
|-heal|p1a: Hippowdon|100/100
|
|upkeep
|turn|22
|
|t:|1641769133
|switch|p2a: Noctowl|Noctowl, F|88/100
|move|p1a: Hippowdon|Earthquake|p2a: Noctowl
|-immune|p2a: Noctowl
|
|upkeep
|turn|23
|
|t:|1641769141
|move|p2a: Noctowl|Air Slash|p1a: Hippowdon
|-damage|p1a: Hippowdon|74/100
|move|p1a: Hippowdon|Whirlwind|p2a: Noctowl
|drag|p2a: Landorus|Landorus-Therian, M|46/100
|-damage|p2a: Landorus|33/100|[from] Stealth Rock
|-ability|p2a: Landorus|Intimidate|boost
|-unboost|p1a: Hippowdon|atk|1
|
|upkeep
|turn|24
|
|t:|1641769149
|move|p2a: Landorus|U-turn|p1a: Hippowdon
|-damage|p1a: Hippowdon|60/100
|
|t:|1641769153
|switch|p2a: Dragalge|Dragalge, M|100/100|[from]move: U-turn
|-damage|p2a: Dragalge|88/100|[from] Stealth Rock
|move|p1a: Hippowdon|Slack Off|p1a: Hippowdon
|-heal|p1a: Hippowdon|100/100
|
|-heal|p2a: Dragalge|94/100|[from] item: Black Sludge
|upkeep
|turn|25
|
|t:|1641769163
|move|p1a: Hippowdon|Earthquake|p2a: Dragalge
|-supereffective|p2a: Dragalge
|-damage|p2a: Dragalge|33/100
|move|p2a: Dragalge|Dragon Pulse|p1a: Hippowdon
|-damage|p1a: Hippowdon|41/100
|
|-heal|p2a: Dragalge|39/100|[from] item: Black Sludge
|upkeep
|turn|26
|
|t:|1641769173
|switch|p2a: Landorus|Landorus-Therian, M|33/100
|-damage|p2a: Landorus|21/100|[from] Stealth Rock
|-ability|p2a: Landorus|Intimidate|boost
|-unboost|p1a: Hippowdon|atk|1
|move|p1a: Hippowdon|Slack Off|p1a: Hippowdon
|-heal|p1a: Hippowdon|91/100
|
|upkeep
|turn|27
|
|t:|1641769181
|switch|p1a: Rotom|Rotom-Wash|100/100
|-damage|p1a: Rotom|88/100|[from] Stealth Rock
|move|p2a: Landorus|Earthquake|p1a: Rotom
|-immune|p1a: Rotom|[from] ability: Levitate
|
|upkeep
|turn|28
|
|t:|1641769191
|switch|p2a: Noctowl|Noctowl, F|88/100
|move|p1a: Rotom|Hydro Pump|p2a: Noctowl
|-damage|p2a: Noctowl|55/100
|
|upkeep
|turn|29
|
|t:|1641769200
|move|p1a: Rotom|Hydro Pump|p2a: Noctowl
|-damage|p2a: Noctowl|26/100
|move|p2a: Noctowl|Roost|p2a: Noctowl
|-heal|p2a: Noctowl|76/100
|-singleturn|p2a: Noctowl|move: Roost
|
|upkeep
|turn|30
|
|t:|1641769207
|move|p1a: Rotom|Hydro Pump|p2a: Noctowl
|-damage|p2a: Noctowl|44/100
|move|p2a: Noctowl|Roost|p2a: Noctowl
|-heal|p2a: Noctowl|95/100
|-singleturn|p2a: Noctowl|move: Roost
|
|upkeep
|turn|31
|
|t:|1641769213
|switch|p1a: Clefable|Clefable, F|100/100
|move|p2a: Noctowl|Defog|p1a: Clefable
|-unboost|p1a: Clefable|evasion|1
|-sideend|p1: testingbot42o|Stealth Rock|[from] move: Defog|[of] p2a: Noctowl
|-sideend|p2: big man pringle!!!|Stealth Rock|[from] move: Defog|[of] p2a: Noctowl
|
|upkeep
|turn|32
|
|t:|1641769220
|switch|p2a: Dragalge|Dragalge, M|39/100
|move|p1a: Clefable|Thunderbolt|p2a: Dragalge
|-resisted|p2a: Dragalge
|-damage|p2a: Dragalge|24/100
|
|-heal|p2a: Dragalge|30/100|[from] item: Black Sludge
|upkeep
|turn|33
|
|t:|1641769227
|move|p1a: Clefable|Moonblast|p2a: Dragalge
|-damage|p2a: Dragalge|0 fnt
|faint|p2a: Dragalge
|
|upkeep
|
|t:|1641769238
|switch|p2a: Regirock|Regirock|76/100
|turn|34
|
|t:|1641769243
|move|p1a: Clefable|Moonblast|p2a: Regirock
|-damage|p2a: Regirock|25/100
|-enditem|p2a: Regirock|Figy Berry|[eat]
|-heal|p2a: Regirock|58/100|[from] item: Figy Berry
|move|p2a: Regirock|Stealth Rock|p1a: Clefable
|-sidestart|p1: testingbot42o|move: Stealth Rock
|
|upkeep
|turn|35
|
|t:|1641769256
|move|p1a: Clefable|Flamethrower|p2a: Regirock
|-resisted|p2a: Regirock
|-damage|p2a: Regirock|41/100
|move|p2a: Regirock|Thunder Wave|p1a: Clefable
|-status|p1a: Clefable|par
|
|upkeep
|turn|36
|
|t:|1641769263
|move|p2a: Regirock|Stone Edge|p1a: Clefable
|-damage|p1a: Clefable|58/100 par
|move|p1a: Clefable|Moonblast|p2a: Regirock
|-damage|p2a: Regirock|0 fnt
|faint|p2a: Regirock
|
|upkeep
|
|t:|1641769275
|switch|p2a: Noctowl|Noctowl, F|95/100
|turn|37
|
|t:|1641769291
|move|p2a: Noctowl|Air Slash|p1a: Clefable
|-damage|p1a: Clefable|35/100 par
|move|p1a: Clefable|Moonlight|p1a: Clefable
|-heal|p1a: Clefable|85/100 par
|
|upkeep
|turn|38
|
|t:|1641769301
|move|p2a: Noctowl|Air Slash|p1a: Clefable
|-damage|p1a: Clefable|58/100 par
|cant|p1a: Clefable|par
|
|upkeep
|turn|39
|
|t:|1641769318
|move|p2a: Noctowl|Air Slash|p1a: Clefable
|-damage|p1a: Clefable|34/100 par
|cant|p1a: Clefable|flinch
|
|upkeep
|turn|40
|
|t:|1641769332
|switch|p1a: Rotom|Rotom-Wash|88/100
|-damage|p1a: Rotom|76/100|[from] Stealth Rock
|move|p2a: Noctowl|Air Slash|p1a: Rotom
|-resisted|p1a: Rotom
|-damage|p1a: Rotom|61/100
|
|upkeep
|turn|41
|
|t:|1641769339
|switch|p2a: Landorus|Landorus-Therian, M|21/100
|-ability|p2a: Landorus|Intimidate|boost
|-unboost|p1a: Rotom|atk|1
|move|p1a: Rotom|Volt Switch|p2a: Landorus
|-immune|p2a: Landorus
|
|upkeep
|turn|42
|
|t:|1641769349
|switch|p1a: Hippowdon|Hippowdon, M|91/100
|-damage|p1a: Hippowdon|85/100|[from] Stealth Rock
|-weather|Sandstorm|[from] ability: Sand Stream|[of] p1a: Hippowdon
|move|p2a: Landorus|Earthquake|p1a: Hippowdon
|-damage|p1a: Hippowdon|55/100
|
|-weather|Sandstorm|[upkeep]
|upkeep
|turn|43
|
|t:|1641769360
|switch|p2a: Conkeldurr|Conkeldurr, M|100/100
|move|p1a: Hippowdon|Slack Off|p1a: Hippowdon
|-heal|p1a: Hippowdon|100/100
|
|-weather|Sandstorm|[upkeep]
|-damage|p2a: Conkeldurr|94/100|[from] Sandstorm
|-status|p2a: Conkeldurr|brn|[from] item: Flame Orb
|upkeep
|turn|44
|
|t:|1641769368
|move|p1a: Hippowdon|Stealth Rock|p2a: Conkeldurr
|-sidestart|p2: big man pringle!!!|move: Stealth Rock
|move|p2a: Conkeldurr|Ice Punch|p1a: Hippowdon
|-supereffective|p1a: Hippowdon
|-damage|p1a: Hippowdon|50/100
|
|-weather|Sandstorm|[upkeep]
|-damage|p2a: Conkeldurr|88/100 brn|[from] Sandstorm
|-damage|p2a: Conkeldurr|82/100 brn|[from] brn
|upkeep
|turn|45
|
|t:|1641769376
|move|p1a: Hippowdon|Slack Off|p1a: Hippowdon
|-heal|p1a: Hippowdon|100/100
|move|p2a: Conkeldurr|Ice Punch|p1a: Hippowdon
|-supereffective|p1a: Hippowdon
|-damage|p1a: Hippowdon|53/100
|
|-weather|Sandstorm|[upkeep]
|-damage|p2a: Conkeldurr|76/100 brn|[from] Sandstorm
|-damage|p2a: Conkeldurr|70/100 brn|[from] brn
|upkeep
|turn|46
|
|t:|1641769385
|move|p1a: Hippowdon|Slack Off|p1a: Hippowdon
|-heal|p1a: Hippowdon|100/100
|move|p2a: Conkeldurr|Drain Punch|p1a: Hippowdon
|-damage|p1a: Hippowdon|64/100
|-heal|p2a: Conkeldurr|89/100 brn|[from] drain|[of] p1a: Hippowdon
|
|-weather|none
|-damage|p2a: Conkeldurr|83/100 brn|[from] brn
|upkeep
|turn|47
|
|t:|1641769393
|move|p1a: Hippowdon|Earthquake|p2a: Conkeldurr
|-damage|p2a: Conkeldurr|47/100 brn
|move|p2a: Conkeldurr|Drain Punch|p1a: Hippowdon
|-damage|p1a: Hippowdon|25/100
|-heal|p2a: Conkeldurr|67/100 brn|[from] drain|[of] p1a: Hippowdon
|
|-damage|p2a: Conkeldurr|61/100 brn|[from] brn
|upkeep
|turn|48
|
|t:|1641769404
|move|p1a: Hippowdon|Slack Off|p1a: Hippowdon
|-heal|p1a: Hippowdon|75/100
|move|p2a: Conkeldurr|Drain Punch|p1a: Hippowdon
|-damage|p1a: Hippowdon|42/100
|-heal|p2a: Conkeldurr|78/100 brn|[from] drain|[of] p1a: Hippowdon
|
|-damage|p2a: Conkeldurr|72/100 brn|[from] brn
|upkeep
|turn|49
|
|t:|1641769413
|move|p1a: Hippowdon|Slack Off|p1a: Hippowdon
|-heal|p1a: Hippowdon|92/100
|move|p2a: Conkeldurr|Drain Punch|p1a: Hippowdon
|-damage|p1a: Hippowdon|54/100
|-heal|p2a: Conkeldurr|91/100 brn|[from] drain|[of] p1a: Hippowdon
|
|-damage|p2a: Conkeldurr|85/100 brn|[from] brn
|upkeep
|turn|50
|
|t:|1641769421
|move|p1a: Hippowdon|Slack Off|p1a: Hippowdon
|-heal|p1a: Hippowdon|100/100
|move|p2a: Conkeldurr|Drain Punch|p1a: Hippowdon
|-damage|p1a: Hippowdon|66/100
|-heal|p2a: Conkeldurr|100/100 brn|[from] drain|[of] p1a: Hippowdon
|
|-damage|p2a: Conkeldurr|94/100 brn|[from] brn
|upkeep
|turn|51
|
|t:|1641769429
|move|p1a: Hippowdon|Slack Off|p1a: Hippowdon
|-heal|p1a: Hippowdon|100/100
|move|p2a: Conkeldurr|Ice Punch|p1a: Hippowdon
|-supereffective|p1a: Hippowdon
|-damage|p1a: Hippowdon|56/100
|
|-damage|p2a: Conkeldurr|88/100 brn|[from] brn
|upkeep
|turn|52
|
|t:|1641769437
|move|p1a: Hippowdon|Slack Off|p1a: Hippowdon
|-heal|p1a: Hippowdon|100/100
|move|p2a: Conkeldurr|Drain Punch|p1a: Hippowdon
|-damage|p1a: Hippowdon|65/100
|-heal|p2a: Conkeldurr|100/100 brn|[from] drain|[of] p1a: Hippowdon
|
|-damage|p2a: Conkeldurr|94/100 brn|[from] brn
|upkeep
|turn|53
|
|t:|1641769445
|move|p1a: Hippowdon|Slack Off|p1a: Hippowdon
|-heal|p1a: Hippowdon|100/100
|move|p2a: Conkeldurr|Ice Punch|p1a: Hippowdon
|-supereffective|p1a: Hippowdon
|-damage|p1a: Hippowdon|50/100
|
|-damage|p2a: Conkeldurr|88/100 brn|[from] brn
|upkeep
|turn|54
|
|t:|1641769453
|move|p1a: Hippowdon|Slack Off|p1a: Hippowdon
|-heal|p1a: Hippowdon|100/100
|move|p2a: Conkeldurr|Ice Punch|p1a: Hippowdon
|-supereffective|p1a: Hippowdon
|-damage|p1a: Hippowdon|51/100
|
|-damage|p2a: Conkeldurr|82/100 brn|[from] brn
|upkeep
|turn|55
|
|t:|1641769462
|move|p1a: Hippowdon|Earthquake|p2a: Conkeldurr
|-damage|p2a: Conkeldurr|50/100 brn
|move|p2a: Conkeldurr|Drain Punch|p1a: Hippowdon
|-damage|p1a: Hippowdon|15/100
|-heal|p2a: Conkeldurr|69/100 brn|[from] drain|[of] p1a: Hippowdon
|
|-damage|p2a: Conkeldurr|63/100 brn|[from] brn
|upkeep
|turn|56
|
|t:|1641769470
|move|p2a: Conkeldurr|Mach Punch|p1a: Hippowdon
|-damage|p1a: Hippowdon|0 fnt
|faint|p1a: Hippowdon
|
|-damage|p2a: Conkeldurr|57/100 brn|[from] brn
|upkeep
|
|t:|1641769470
|switch|p1a: Rotom|Rotom-Wash|61/100
|-damage|p1a: Rotom|49/100|[from] Stealth Rock
|turn|57
|
|t:|1641769481
|switch|p2a: Noctowl|Noctowl, F|95/100
|move|p1a: Rotom|Hydro Pump|p2a: Noctowl
|-damage|p2a: Noctowl|64/100
|
|upkeep
|turn|58
|
|t:|1641769487
|switch|p1a: Excadrill|Excadrill, M|87/100
|-damage|p1a: Excadrill|84/100|[from] Stealth Rock
|move|p2a: Noctowl|Roost|p2a: Noctowl
|-heal|p2a: Noctowl|100/100
|-singleturn|p2a: Noctowl|move: Roost
|
|upkeep
|turn|59
|
|t:|1641769500
|switch|p2a: Landorus|Landorus-Therian, M|21/100
|-damage|p2a: Landorus|9/100|[from] Stealth Rock
|-ability|p2a: Landorus|Intimidate|boost
|-unboost|p1a: Excadrill|atk|1
|move|p1a: Excadrill|Iron Head|p2a: Landorus
|-damage|p2a: Landorus|0 fnt
|faint|p2a: Landorus
|-damage|p1a: Excadrill|74/100|[from] item: Life Orb
|
|upkeep
|
|t:|1641769509
|switch|p2a: Conkeldurr|Conkeldurr, M|57/100 brn
|-damage|p2a: Conkeldurr|51/100 brn|[from] Stealth Rock
|turn|60
|
|t:|1641769513
|switch|p1a: Clefable|Clefable, F|34/100 par
|move|p2a: Conkeldurr|Drain Punch|p1a: Clefable
|-resisted|p1a: Clefable
|-damage|p1a: Clefable|0 fnt
|-heal|p2a: Conkeldurr|65/100 brn|[from] drain|[of] p1a: Clefable
|faint|p1a: Clefable
|
|-damage|p2a: Conkeldurr|59/100 brn|[from] brn
|upkeep
|
|t:|1641769513
|switch|p1a: Rotom|Rotom-Wash|49/100
|-damage|p1a: Rotom|37/100|[from] Stealth Rock
|turn|61
|
|t:|1641769525
|move|p2a: Conkeldurr|Mach Punch|p1a: Rotom
|-damage|p1a: Rotom|0 fnt
|faint|p1a: Rotom
|
|-damage|p2a: Conkeldurr|53/100 brn|[from] brn
|upkeep
|
|t:|1641769525
|switch|p1a: Excadrill|Excadrill, M|74/100
|-damage|p1a: Excadrill|71/100|[from] Stealth Rock
|turn|62
|
|t:|1641769532
|move|p2a: Conkeldurr|Mach Punch|p1a: Excadrill
|-supereffective|p1a: Excadrill
|-damage|p1a: Excadrill|0 fnt
|faint|p1a: Excadrill
|
|-damage|p2a: Conkeldurr|47/100 brn|[from] brn
|upkeep
|
|t:|1641769532
|switch|p1a: Hydreigon|Hydreigon, M|100/100
|-damage|p1a: Hydreigon|88/100|[from] Stealth Rock
|turn|63
|
|t:|1641769541
|move|p2a: Conkeldurr|Mach Punch|p1a: Hydreigon
|-supereffective|p1a: Hydreigon
|-damage|p1a: Hydreigon|3/100
|move|p1a: Hydreigon|Substitute|p1a: Hydreigon
|-fail|p1a: Hydreigon|move: Substitute|[weak]
|
|-heal|p1a: Hydreigon|9/100|[from] item: Leftovers
|-damage|p2a: Conkeldurr|41/100 brn|[from] brn
|upkeep
|turn|64
|
|t:|1641769548
|move|p2a: Conkeldurr|Mach Punch|p1a: Hydreigon
|-supereffective|p1a: Hydreigon
|-damage|p1a: Hydreigon|0 fnt
|faint|p1a: Hydreigon
|
|win|big man pringle!!!
|raw|testingbot42o's rating: 1372 &rarr; <strong>1351</strong><br />(-21 for losing)
|raw|big man pringle!!!'s rating: 1352 &rarr; <strong>1373</strong><br />(+21 for winning)
|l|‽testingbot42o
