|j|☆ZaidSolrock
|j|☆Mad_Tournesol
|t:|1641847264
|gametype|singles
|player|p1|ZaidSolrock|silver|1159
|player|p2|Mad_Tournesol|scientist-gen4|1178
|teamsize|p1|6
|teamsize|p2|6
|gen|8
|tier|[Gen 8] OU
|rated|
|rule|Sleep Clause Mod: Limit one foe put to sleep
|rule|Species Clause: Limit one of each Pokémon
|rule|OHKO Clause: OHKO moves are banned
|rule|Evasion Moves Clause: Evasion moves are banned
|rule|Endless Battle Clause: Forcing endless battles is banned
|rule|HP Percentage Mod: HP is shown in percentages
|rule|Dynamax Clause: You cannot dynamax
|clearpoke
|poke|p1|Torkoal, M|
|poke|p1|Appletun, F|
|poke|p1|Venusaur, F|
|poke|p1|Klefki, F|
|poke|p1|Zeraora|
|poke|p1|Rotom-Heat|
|poke|p2|Claydol|
|poke|p2|Steelix, M|
|poke|p2|Vikavolt, F|
|poke|p2|Toxicroak, M|
|poke|p2|Dusknoir, F|
|poke|p2|Snorlax, F|
|teampreview
|inactive|Battle timer is ON: inactive players will automatically lose when time's up. (requested by Mad_Tournesol)
|
|t:|1641847278
|start
|switch|p1a: Sunrise|Torkoal, M, shiny|100/100
|switch|p2a: Dusknoir|Dusknoir, F|100/100
|-item|p1a: Sunrise|Heat Rock|[from] ability: Frisk|[of] p2a: Dusknoir|[identify]
|-weather|SunnyDay|[from] ability: Drought|[of] p1a: Sunrise
|turn|1
|
|t:|1641847291
|switch|p2a: Claydol|Claydol|100/100
|move|p1a: Sunrise|Yawn|p2a: Claydol
|-start|p2a: Claydol|move: Yawn|[of] p1a: Sunrise
|
|-weather|SunnyDay|[upkeep]
|upkeep
|turn|2
|
|t:|1641847306
|switch|p2a: Snorlax|Snorlax, F|100/100
|move|p1a: Sunrise|Stealth Rock|p2a: Snorlax
|-sidestart|p2: Mad_Tournesol|move: Stealth Rock
|
|-weather|SunnyDay|[upkeep]
|upkeep
|turn|3
|
|t:|1641847322
|switch|p1a: Desserts|Appletun, F, shiny|100/100
|move|p2a: Snorlax|Belly Drum|p2a: Snorlax
|-damage|p2a: Snorlax|50/100
|-setboost|p2a: Snorlax|atk|6|[from] move: Belly Drum
|
|-weather|SunnyDay|[upkeep]
|-heal|p2a: Snorlax|57/100|[from] item: Leftovers
|upkeep
|turn|4
|
|t:|1641847335
|move|p1a: Desserts|Leech Seed|p2a: Snorlax
|-start|p2a: Snorlax|move: Leech Seed
|move|p2a: Snorlax|Earthquake|p1a: Desserts
|-resisted|p1a: Desserts
|-damage|p1a: Desserts|37/100
|
|-weather|SunnyDay|[upkeep]
|-heal|p1a: Desserts|43/100|[from] item: Leftovers
|-heal|p2a: Snorlax|63/100|[from] item: Leftovers
|-damage|p2a: Snorlax|50/100|[from] Leech Seed|[of] p1a: Desserts
|-heal|p1a: Desserts|58/100|[silent]
|upkeep
|turn|5
|
|t:|1641847345
|move|p1a: Desserts|Protect|p1a: Desserts
|-singleturn|p1a: Desserts|Protect
|move|p2a: Snorlax|Earthquake|p1a: Desserts
|-activate|p1a: Desserts|move: Protect
|
|-weather|SunnyDay|[upkeep]
|-heal|p1a: Desserts|64/100|[from] item: Leftovers
|-heal|p2a: Snorlax|56/100|[from] item: Leftovers
|-damage|p2a: Snorlax|44/100|[from] Leech Seed|[of] p1a: Desserts
|-heal|p1a: Desserts|80/100|[silent]
|upkeep
|turn|6
|
|t:|1641847370
|switch|p2a: Steelix|Steelix, M|100/100
|-damage|p2a: Steelix|97/100|[from] Stealth Rock
|move|p1a: Desserts|Recover|p1a: Desserts
|-heal|p1a: Desserts|100/100
|
|-weather|SunnyDay|[upkeep]
|upkeep
|turn|7
|
|t:|1641847378
|move|p2a: Steelix|Ice Fang|p1a: Desserts
|-supereffective|p1a: Desserts
|-damage|p1a: Desserts|41/100
|move|p1a: Desserts|Leech Seed|p2a: Steelix
|-start|p2a: Steelix|move: Leech Seed
|
|-weather|SunnyDay|[upkeep]
|-heal|p1a: Desserts|47/100|[from] item: Leftovers
|-damage|p2a: Steelix|85/100|[from] Leech Seed|[of] p1a: Desserts
|-heal|p1a: Desserts|57/100|[silent]
|upkeep
|turn|8
|
|t:|1641847390
|switch|p2a: Claydol|Claydol|100/100
|-damage|p2a: Claydol|94/100|[from] Stealth Rock
|move|p1a: Desserts|Protect||[still]
|-fail|p1a: Desserts
|
|-weather|none
|-heal|p2a: Claydol|100/100|[from] item: Leftovers
|-heal|p1a: Desserts|63/100|[from] item: Leftovers
|upkeep
|turn|9
|
|t:|1641847399
|switch|p1a: Backup Plan|Klefki, F|100/100
|move|p2a: Claydol|Ice Beam|p1a: Backup Plan
|-resisted|p1a: Backup Plan
|-damage|p1a: Backup Plan|91/100
|
|upkeep
|turn|10
|
|t:|1641847405
|move|p1a: Backup Plan|Light Screen|p1a: Backup Plan
|-sidestart|p1: ZaidSolrock|move: Light Screen
|move|p2a: Claydol|Rapid Spin|p1a: Backup Plan
|-resisted|p1a: Backup Plan
|-damage|p1a: Backup Plan|87/100
|-boost|p2a: Claydol|spe|1
|-sideend|p2: Mad_Tournesol|Stealth Rock|[from] move: Rapid Spin|[of] p2a: Claydol
|
|upkeep
|turn|11
|
|t:|1641847416
|switch|p2a: Dusknoir|Dusknoir, F|100/100
|-item|p1a: Backup Plan|Light Clay|[from] ability: Frisk|[of] p2a: Dusknoir|[identify]
|move|p1a: Backup Plan|Reflect|p1a: Backup Plan
|-sidestart|p1: ZaidSolrock|Reflect
|
|upkeep
|turn|12
|inactive|ZaidSolrock has 120 seconds left.
|
|t:|1641847458
|switch|p1a: Desserts|Appletun, F, shiny|63/100
|move|p2a: Dusknoir|Brick Break|p1a: Desserts
|-sideend|p1: ZaidSolrock|Reflect
|-sideend|p1: ZaidSolrock|move: Light Screen
|-damage|p1a: Desserts|40/100
|
|-heal|p1a: Desserts|46/100|[from] item: Leftovers
|upkeep
|turn|13
|
|t:|1641847475
|move|p1a: Desserts|Protect|p1a: Desserts
|-singleturn|p1a: Desserts|Protect
|move|p2a: Dusknoir|Poltergeist|p1a: Desserts
|-activate|p1a: Desserts|move: Protect
|
|-heal|p1a: Desserts|52/100|[from] item: Leftovers
|upkeep
|turn|14
|inactive|ZaidSolrock has 120 seconds left.
|
|t:|1641847492
|switch|p1a: Sunrise|Torkoal, M, shiny|100/100
|-weather|SunnyDay|[from] ability: Drought|[of] p1a: Sunrise
|move|p2a: Dusknoir|Poltergeist|p1a: Sunrise
|-activate|p1a: Sunrise|move: Poltergeist|Heat Rock
|-damage|p1a: Sunrise|71/100
|
|-weather|SunnyDay|[upkeep]
|upkeep
|turn|15
|
|t:|1641847509
|switch|p2a: Snorlax|Snorlax, F|44/100
|move|p1a: Sunrise|Yawn|p2a: Snorlax
|-start|p2a: Snorlax|move: Yawn|[of] p1a: Sunrise
|
|-weather|SunnyDay|[upkeep]
|-heal|p2a: Snorlax|50/100|[from] item: Leftovers
|upkeep
|turn|16
|inactive|ZaidSolrock has 120 seconds left.
|
|t:|1641847528
|switch|p1a: Rotom|Rotom-Heat|100/100
|move|p2a: Snorlax|Rest|p2a: Snorlax
|-status|p2a: Snorlax|slp|[from] move: Rest
|-heal|p2a: Snorlax|100/100 slp|[silent]
|
|-weather|SunnyDay|[upkeep]
|-end|p2a: Snorlax|move: Yawn|[silent]
|upkeep
|turn|17
|inactive|ZaidSolrock has 120 seconds left.
|
|t:|1641847542
|move|p1a: Rotom|Volt Switch|p2a: Snorlax
|-damage|p2a: Snorlax|83/100 slp
|
|t:|1641847550
|switch|p1a: Thugnificent|Zeraora|100/100|[from]move: Volt Switch
|cant|p2a: Snorlax|slp
|
|-weather|SunnyDay|[upkeep]
|-heal|p2a: Snorlax|89/100 slp|[from] item: Leftovers
|upkeep
|turn|18
|
|t:|1641847561
|switch|p2a: Dusknoir|Dusknoir, F|100/100
|-item|p1a: Thugnificent|Choice Band|[from] ability: Frisk|[of] p2a: Dusknoir|[identify]
|move|p1a: Thugnificent|Knock Off|p2a: Dusknoir
|-supereffective|p2a: Dusknoir
|-damage|p2a: Dusknoir|21/100
|-enditem|p2a: Dusknoir|Leftovers|[from] move: Knock Off|[of] p1a: Thugnificent
|
|-weather|SunnyDay|[upkeep]
|upkeep
|turn|19
|
|t:|1641847580
|switch|p2a: Toxicroak|Toxicroak, M|100/100
|move|p1a: Thugnificent|Knock Off|p2a: Toxicroak
|-resisted|p2a: Toxicroak
|-damage|p2a: Toxicroak|68/100
|-enditem|p2a: Toxicroak|Choice Band|[from] move: Knock Off|[of] p1a: Thugnificent
|
|-weather|SunnyDay|[upkeep]
|-damage|p2a: Toxicroak|56/100|[from] ability: Dry Skin|[of] p2a: Toxicroak
|upkeep
|turn|20
|inactive|ZaidSolrock has 120 seconds left.
|
|t:|1641847598
|switch|p1a: Rotom|Rotom-Heat|100/100
|move|p2a: Toxicroak|Drain Punch|p1a: Rotom
|-damage|p1a: Rotom|51/100
|-heal|p2a: Toxicroak|72/100|[from] drain|[of] p1a: Rotom
|
|-weather|SunnyDay|[upkeep]
|-damage|p2a: Toxicroak|60/100|[from] ability: Dry Skin|[of] p2a: Toxicroak
|upkeep
|turn|21
|
|t:|1641847614
|switch|p2a: Snorlax|Snorlax, F|89/100 slp
|move|p1a: Rotom|Overheat|p2a: Snorlax
|-damage|p2a: Snorlax|66/100 slp
|-unboost|p1a: Rotom|spa|2
|
|-weather|none
|-heal|p2a: Snorlax|72/100 slp|[from] item: Leftovers
|upkeep
|turn|22
|
|t:|1641847625
|switch|p1a: Backup Plan|Klefki, F|87/100
|cant|p2a: Snorlax|slp
|
|-heal|p2a: Snorlax|79/100 slp|[from] item: Leftovers
|upkeep
|turn|23
|
|t:|1641847632
|move|p1a: Backup Plan|Light Screen|p1a: Backup Plan
|-sidestart|p1: ZaidSolrock|move: Light Screen
|-curestatus|p2a: Snorlax|slp|[msg]
|move|p2a: Snorlax|Earthquake|p1a: Backup Plan
|-supereffective|p1a: Backup Plan
|-damage|p1a: Backup Plan|11/100
|
|-heal|p2a: Snorlax|85/100|[from] item: Leftovers
|upkeep
|turn|24
|
|t:|1641847643
|move|p1a: Backup Plan|Reflect|p1a: Backup Plan
|-sidestart|p1: ZaidSolrock|Reflect
|move|p2a: Snorlax|Earthquake|p1a: Backup Plan
|-supereffective|p1a: Backup Plan
|-damage|p1a: Backup Plan|0 fnt
|faint|p1a: Backup Plan
|
|-heal|p2a: Snorlax|91/100|[from] item: Leftovers
|upkeep
|
|t:|1641847662
|switch|p1a: Rotom|Rotom-Heat|51/100
|turn|25
|
|t:|1641847670
|move|p1a: Rotom|Trick|p2a: Snorlax
|-activate|p1a: Rotom|move: Trick|[of] p2a: Snorlax
|-item|p2a: Snorlax|Choice Scarf|[from] move: Trick
|-item|p1a: Rotom|Leftovers|[from] move: Trick
|move|p2a: Snorlax|Smack Down|p1a: Rotom
|-supereffective|p1a: Rotom
|-damage|p1a: Rotom|28/100
|-start|p1a: Rotom|Smack Down
|
|-heal|p1a: Rotom|35/100|[from] item: Leftovers
|upkeep
|turn|26
|
|t:|1641847694
|switch|p1a: Sunrise|Torkoal, M, shiny|71/100
|-weather|SunnyDay|[from] ability: Drought|[of] p1a: Sunrise
|move|p2a: Snorlax|Smack Down|p1a: Sunrise
|-supereffective|p1a: Sunrise
|-damage|p1a: Sunrise|61/100
|
|-weather|SunnyDay|[upkeep]
|upkeep
|turn|27
|
|t:|1641847711
|switch|p2a: Claydol|Claydol|100/100
|switch|p1a: Beyond Meat|Venusaur, F, shiny|100/100
|
|-weather|SunnyDay|[upkeep]
|upkeep
|turn|28
|inactive|ZaidSolrock has 120 seconds left.
|inactive|Mad_Tournesol has 120 seconds left.
|
|t:|1641847733
|switch|p2a: Steelix|Steelix, M|85/100
|move|p1a: Beyond Meat|Solar Beam||[still]
|-prepare|p1a: Beyond Meat|Solar Beam
|-anim|p1a: Beyond Meat|Solar Beam|p2a: Steelix
|-damage|p2a: Steelix|0 fnt
|faint|p2a: Steelix
|
|-weather|SunnyDay|[upkeep]
|upkeep
|inactive|Mad_Tournesol has 120 seconds left.
|
|t:|1641847749
|switch|p2a: Toxicroak|Toxicroak, M|60/100
|turn|29
|inactive|ZaidSolrock has 120 seconds left.
|
|t:|1641847781
|switch|p1a: Desserts|Appletun, F, shiny|52/100
|switch|p2a: Snorlax|Snorlax, F|91/100
|
|-weather|SunnyDay|[upkeep]
|-heal|p1a: Desserts|58/100|[from] item: Leftovers
|upkeep
|turn|30
|
|t:|1641847795
|move|p2a: Snorlax|Earthquake|p1a: Desserts
|-resisted|p1a: Desserts
|-damage|p1a: Desserts|51/100
|move|p1a: Desserts|Leech Seed|p2a: Snorlax
|-start|p2a: Snorlax|move: Leech Seed
|
|-weather|SunnyDay|[upkeep]
|-heal|p1a: Desserts|58/100|[from] item: Leftovers
|-damage|p2a: Snorlax|78/100|[from] Leech Seed|[of] p1a: Desserts
|-heal|p1a: Desserts|73/100|[silent]
|-sideend|p1: ZaidSolrock|move: Light Screen
|upkeep
|turn|31
|
|t:|1641847808
|switch|p2a: Claydol|Claydol|100/100
|move|p1a: Desserts|Apple Acid|p2a: Claydol
|-supereffective|p2a: Claydol
|-damage|p2a: Claydol|46/100
|-unboost|p2a: Claydol|spd|1
|
|-weather|SunnyDay|[upkeep]
|-heal|p2a: Claydol|52/100|[from] item: Leftovers
|-heal|p1a: Desserts|79/100|[from] item: Leftovers
|-sideend|p1: ZaidSolrock|Reflect
|upkeep
|turn|32
|inactive|ZaidSolrock has 120 seconds left.
|
|t:|1641847839
|move|p1a: Desserts|Protect|p1a: Desserts
|-singleturn|p1a: Desserts|Protect
|move|p2a: Claydol|Ice Beam|p1a: Desserts
|-activate|p1a: Desserts|move: Protect
|
|-weather|SunnyDay|[upkeep]
|-heal|p2a: Claydol|59/100|[from] item: Leftovers
|-heal|p1a: Desserts|85/100|[from] item: Leftovers
|upkeep
|turn|33
|inactive|ZaidSolrock has 90 seconds left.
|
|t:|1641847879
|move|p2a: Claydol|Ice Beam|p1a: Desserts
|-supereffective|p1a: Desserts
|-damage|p1a: Desserts|54/100
|move|p1a: Desserts|Recover|p1a: Desserts
|-heal|p1a: Desserts|100/100
|
|-weather|none
|-heal|p2a: Claydol|65/100|[from] item: Leftovers
|upkeep
|turn|34
|inactive|Mad_Tournesol has 120 seconds left.
|
|t:|1641847905
|switch|p2a: Vikavolt|Vikavolt, F|100/100
|move|p1a: Desserts|Leech Seed|p2a: Vikavolt
|-start|p2a: Vikavolt|move: Leech Seed
|
|-damage|p2a: Vikavolt|88/100|[from] Leech Seed|[of] p1a: Desserts
|upkeep
|turn|35
|
|t:|1641847920
|move|p1a: Desserts|Protect|p1a: Desserts
|-singleturn|p1a: Desserts|Protect
|move|p2a: Vikavolt|Bug Buzz|p1a: Desserts
|-activate|p1a: Desserts|move: Protect
|
|-damage|p2a: Vikavolt|76/100|[from] Leech Seed|[of] p1a: Desserts
|upkeep
|turn|36
|
|t:|1641847928
|move|p2a: Vikavolt|Bug Buzz|p1a: Desserts
|-supereffective|p1a: Desserts
|-damage|p1a: Desserts|28/100
|move|p1a: Desserts|Recover|p1a: Desserts
|-heal|p1a: Desserts|78/100
|
|-heal|p1a: Desserts|84/100|[from] item: Leftovers
|-damage|p2a: Vikavolt|64/100|[from] Leech Seed|[of] p1a: Desserts
|-heal|p1a: Desserts|95/100|[silent]
|upkeep
|turn|37
|inactive|ZaidSolrock has 90 seconds left.
|inactive|ZaidSolrock has 60 seconds left.
|
|t:|1641847989
|switch|p2a: Snorlax|Snorlax, F|78/100
|move|p1a: Desserts|Recover|p1a: Desserts
|-heal|p1a: Desserts|100/100
|
|upkeep
|turn|38
|
|t:|1641847997
|move|p2a: Snorlax|Rest|p2a: Snorlax
|-status|p2a: Snorlax|slp|[from] move: Rest
|-heal|p2a: Snorlax|100/100 slp|[silent]
|move|p1a: Desserts|Leech Seed|p2a: Snorlax
|-start|p2a: Snorlax|move: Leech Seed
|
|-damage|p2a: Snorlax|88/100 slp|[from] Leech Seed|[of] p1a: Desserts
|upkeep
|turn|39
|inactive|ZaidSolrock has 30 seconds left.
|
|t:|1641848026
|cant|p2a: Snorlax|slp
|move|p1a: Desserts|Apple Acid|p2a: Snorlax
|-damage|p2a: Snorlax|72/100 slp
|-unboost|p2a: Snorlax|spd|1
|
|-damage|p2a: Snorlax|60/100 slp|[from] Leech Seed|[of] p1a: Desserts
|upkeep
|turn|40
|inactive|Mad_Tournesol has 120 seconds left.
|
|t:|1641848049
|switch|p2a: Toxicroak|Toxicroak, M|60/100
|move|p1a: Desserts|Apple Acid|p2a: Toxicroak
|-resisted|p2a: Toxicroak
|-damage|p2a: Toxicroak|42/100
|-unboost|p2a: Toxicroak|spd|1
|
|upkeep
|turn|41
|
|t:|1641848060
|move|p2a: Toxicroak|Gunk Shot|p1a: Desserts
|-supereffective|p1a: Desserts
|-damage|p1a: Desserts|0 fnt
|faint|p1a: Desserts
|
|upkeep
|
|t:|1641848067
|switch|p1a: Sunrise|Torkoal, M, shiny|61/100
|-weather|SunnyDay|[from] ability: Drought|[of] p1a: Sunrise
|turn|42
|inactive|ZaidSolrock has 30 seconds left.
|
|t:|1641848096
|switch|p2a: Claydol|Claydol|65/100
|move|p1a: Sunrise|Lava Plume|p2a: Claydol
|-damage|p2a: Claydol|31/100
|
|-weather|SunnyDay|[upkeep]
|-heal|p2a: Claydol|38/100|[from] item: Leftovers
|upkeep
|turn|43
|inactive|Mad_Tournesol has 120 seconds left.
|
|t:|1641848106
|move|p1a: Sunrise|Solar Beam||[still]
|-prepare|p1a: Sunrise|Solar Beam
|-anim|p1a: Sunrise|Solar Beam|p2a: Claydol
|-supereffective|p2a: Claydol
|-damage|p2a: Claydol|0 fnt
|faint|p2a: Claydol
|
|-weather|SunnyDay|[upkeep]
|upkeep
|
|t:|1641848133
|switch|p2a: Snorlax|Snorlax, F|60/100 slp
|turn|44
|
|t:|1641848141
|cant|p2a: Snorlax|slp
|move|p1a: Sunrise|Stealth Rock|p2a: Snorlax
|-sidestart|p2: Mad_Tournesol|move: Stealth Rock
|
|-weather|SunnyDay|[upkeep]
|upkeep
|turn|45
|
|t:|1641848155
|switch|p1a: Rotom|Rotom-Heat|35/100
|-curestatus|p2a: Snorlax|slp|[msg]
|move|p2a: Snorlax|Earthquake|p1a: Rotom
|-immune|p1a: Rotom|[from] ability: Levitate
|
|-weather|SunnyDay|[upkeep]
|-heal|p1a: Rotom|41/100|[from] item: Leftovers
|upkeep
|turn|46
|
|t:|1641848169
|move|p1a: Rotom|Will-O-Wisp|p2a: Snorlax
|-status|p2a: Snorlax|brn
|move|p2a: Snorlax|Earthquake|p1a: Rotom
|-immune|p1a: Rotom|[from] ability: Levitate
|
|-weather|SunnyDay|[upkeep]
|-heal|p1a: Rotom|47/100|[from] item: Leftovers
|-damage|p2a: Snorlax|54/100 brn|[from] brn
|upkeep
|turn|47
|
|t:|1641848183
|switch|p2a: Dusknoir|Dusknoir, F|21/100
|-damage|p2a: Dusknoir|9/100|[from] Stealth Rock
|-item|p1a: Rotom|Leftovers|[from] ability: Frisk|[of] p2a: Dusknoir|[identify]
|move|p1a: Rotom|Volt Switch|p2a: Dusknoir
|-damage|p2a: Dusknoir|0 fnt
|faint|p2a: Dusknoir
|
|t:|1641848193
|switch|p1a: Beyond Meat|Venusaur, F, shiny|100/100|[from]move: Volt Switch
|
|-weather|SunnyDay|[upkeep]
|upkeep
|
|t:|1641848207
|switch|p2a: Snorlax|Snorlax, F|54/100 brn
|-damage|p2a: Snorlax|42/100 brn|[from] Stealth Rock
|turn|48
|inactive|ZaidSolrock has 60 seconds left.
|
|t:|1641848225
|move|p1a: Beyond Meat|Weather Ball|p2a: Snorlax
|-damage|p2a: Snorlax|25/100 brn
|move|p2a: Snorlax|Rest|p2a: Snorlax
|-status|p2a: Snorlax|slp|[from] move: Rest
|-heal|p2a: Snorlax|100/100 slp|[silent]
|
|-weather|SunnyDay|[upkeep]
|upkeep
|turn|49
|inactive|ZaidSolrock has 60 seconds left.
|inactive|Mad_Tournesol has 120 seconds left.
|
|t:|1641848234
|switch|p1a: Thugnificent|Zeraora|100/100
|cant|p2a: Snorlax|slp
|
|-weather|none
|upkeep
|turn|50
|inactive|ZaidSolrock has 60 seconds left.
|inactive|Mad_Tournesol has 120 seconds left.
|
|t:|1641848252
|move|p1a: Thugnificent|Plasma Fists|p2a: Snorlax
|-damage|p2a: Snorlax|37/100 slp
|-fieldactivate|move: Ion Deluge
|-hint|Normal-type moves become Electric-type after using Plasma Fists.
|cant|p2a: Snorlax|slp
|
|upkeep
|turn|51
|inactive|Mad_Tournesol has 120 seconds left.
|
|t:|1641848271
|switch|p2a: Vikavolt|Vikavolt, F|64/100
|move|p1a: Thugnificent|Plasma Fists|p2a: Vikavolt
|-resisted|p2a: Vikavolt
|-damage|p2a: Vikavolt|25/100
|-fieldactivate|move: Ion Deluge
|-hint|Normal-type moves become Electric-type after using Plasma Fists.
|
|upkeep
|turn|52
|inactive|ZaidSolrock has 60 seconds left.
|
|t:|1641848302
|move|p1a: Thugnificent|Plasma Fists|p2a: Vikavolt
|-resisted|p2a: Vikavolt
|-damage|p2a: Vikavolt|0 fnt
|-fieldactivate|move: Ion Deluge
|-hint|Normal-type moves become Electric-type after using Plasma Fists.
|faint|p2a: Vikavolt
|
|upkeep
|
|t:|1641848310
|switch|p2a: Toxicroak|Toxicroak, M|42/100
|-damage|p2a: Toxicroak|36/100|[from] Stealth Rock
|turn|53
|
|t:|1641848315
|move|p2a: Toxicroak|Sucker Punch|p1a: Thugnificent
|-damage|p1a: Thugnificent|71/100
|move|p1a: Thugnificent|Plasma Fists|p2a: Toxicroak
|-damage|p2a: Toxicroak|0 fnt
|-fieldactivate|move: Ion Deluge
|-hint|Normal-type moves become Electric-type after using Plasma Fists.
|faint|p2a: Toxicroak
|
|upkeep
|
|t:|1641848324
|switch|p2a: Snorlax|Snorlax, F|37/100 slp
|-damage|p2a: Snorlax|25/100 slp|[from] Stealth Rock
|turn|54
|
|t:|1641848334
|move|p1a: Thugnificent|Plasma Fists|p2a: Snorlax
|-damage|p2a: Snorlax|0 fnt
|-fieldactivate|move: Ion Deluge
|-hint|Normal-type moves become Electric-type after using Plasma Fists.
|faint|p2a: Snorlax
|
|win|ZaidSolrock
|raw|ZaidSolrock's rating: 1159 &rarr; <strong>1185</strong><br />(+26 for winning)
|raw|Mad_Tournesol's rating: 1178 &rarr; <strong>1152</strong><br />(-26 for losing)
|l|☆Mad_Tournesol
||Ladder isn't responding, score probably updated but might not have (Request timeout).
|l|☆ZaidSolrock
|j|☆ZaidSolrock
|player|p1|ZaidSolrock|silver
