|j|☆rejemond863
|j|☆NotRandom2Goated
|t:|1641734794
|gametype|singles
|player|p1|rejemond863|265|1449
|player|p2|NotRandom2Goated|2|1481
|teamsize|p1|6
|teamsize|p2|6
|gen|8
|tier|[Gen 8] OU
|rated|
|rule|Sleep Clause Mod: Limit one foe put to sleep
|rule|Species Clause: Limit one of each Pokémon
|rule|OHKO Clause: OHKO moves are banned
|rule|Evasion Moves Clause: Evasion moves are banned
|rule|Endless Battle Clause: Forcing endless battles is banned
|rule|HP Percentage Mod: HP is shown in percentages
|rule|Dynamax Clause: You cannot dynamax
|clearpoke
|poke|p1|Ferrothorn, M|
|poke|p1|Landorus-Therian, M|
|poke|p1|Toxapex, F|
|poke|p1|Weavile, M|
|poke|p1|Dragapult, F|
|poke|p1|Urshifu-*, F|
|poke|p2|Tyranitar, F|
|poke|p2|Aegislash, M|
|poke|p2|Rillaboom, F|
|poke|p2|Kartana|
|poke|p2|Landorus-Therian, M|
|poke|p2|Zapdos|
|teampreview
|
|t:|1641734807
|start
|switch|p1a: Ferrothorn|Ferrothorn, M|100/100
|switch|p2a: Tyranitar|Tyranitar, F|100/100
|-weather|Sandstorm|[from] ability: Sand Stream|[of] p2a: Tyranitar
|turn|1
|
|t:|1641734815
|move|p2a: Tyranitar|Fire Punch|p1a: Ferrothorn
|-supereffective|p1a: Ferrothorn
|-damage|p1a: Ferrothorn|0 fnt
|-damage|p2a: Tyranitar|88/100|[from] ability: Iron Barbs|[of] p1a: Ferrothorn
|faint|p1a: Ferrothorn
|
|-weather|Sandstorm|[upkeep]
|upkeep
|
|t:|1641734822
|switch|p1a: Urshifu|Urshifu-Rapid-Strike, F|100/100
|turn|2
|
|t:|1641734829
|switch|p2a: Zapdos|Zapdos|100/100
|move|p1a: Urshifu|Drain Punch|p2a: Zapdos
|-resisted|p2a: Zapdos
|-damage|p2a: Zapdos|84/100
|-status|p1a: Urshifu|par|[from] ability: Static|[of] p2a: Zapdos
|
|-weather|Sandstorm|[upkeep]
|-damage|p2a: Zapdos|78/100|[from] Sandstorm
|-damage|p1a: Urshifu|94/100 par|[from] Sandstorm
|-heal|p1a: Urshifu|100/100 par|[from] item: Leftovers
|upkeep
|turn|3
|
|t:|1641734839
|move|p2a: Zapdos|Hurricane|p1a: Urshifu
|-supereffective|p1a: Urshifu
|-damage|p1a: Urshifu|0 fnt
|faint|p1a: Urshifu
|
|-weather|Sandstorm|[upkeep]
|-damage|p2a: Zapdos|72/100|[from] Sandstorm
|upkeep
|
|t:|1641734850
|switch|p1a: Landorus|Landorus-Therian, M|100/100
|-ability|p1a: Landorus|Intimidate|boost
|-unboost|p2a: Zapdos|atk|1
|turn|4
|
|t:|1641734855
|switch|p2a: Landorus|Landorus-Therian, M|100/100
|-ability|p2a: Landorus|Intimidate|boost
|-unboost|p1a: Landorus|atk|1
|move|p1a: Landorus|Stealth Rock|p2a: Landorus
|-sidestart|p2: NotRandom2Goated|move: Stealth Rock
|
|-weather|Sandstorm|[upkeep]
|upkeep
|turn|5
|
|t:|1641734862
|move|p1a: Landorus|Toxic|p2a: Landorus
|-status|p2a: Landorus|tox
|move|p2a: Landorus|U-turn|p1a: Landorus
|-resisted|p1a: Landorus
|-damage|p1a: Landorus|92/100
|
|t:|1641734868
|switch|p2a: Rillaboom|Rillaboom, F|100/100|[from]move: U-turn
|-damage|p2a: Rillaboom|88/100|[from] Stealth Rock
|-fieldstart|move: Grassy Terrain|[from] ability: Grassy Surge|[of] p2a: Rillaboom
|
|-weather|none
|-heal|p2a: Rillaboom|94/100|[from] Grassy Terrain
|-heal|p1a: Landorus|98/100|[from] item: Leftovers
|upkeep
|turn|6
|j| Player paper
|
|t:|1641734877
|move|p2a: Rillaboom|Wood Hammer|p1a: Landorus
|-damage|p1a: Landorus|1/100
|-damage|p2a: Rillaboom|59/100|[from] Recoil
|move|p1a: Landorus|Toxic|p2a: Rillaboom
|-status|p2a: Rillaboom|tox
|
|-heal|p2a: Rillaboom|65/100 tox|[from] Grassy Terrain
|-heal|p1a: Landorus|7/100|[from] item: Leftovers
|-damage|p2a: Rillaboom|59/100 tox|[from] psn
|upkeep
|turn|7
|
|t:|1641734888
|move|p2a: Rillaboom|Wood Hammer|p1a: Landorus
|-damage|p1a: Landorus|0 fnt
|faint|p1a: Landorus
|-damage|p2a: Rillaboom|56/100 tox|[from] Recoil
|
|-heal|p2a: Rillaboom|62/100 tox|[from] Grassy Terrain
|-damage|p2a: Rillaboom|50/100 tox|[from] psn
|upkeep
|
|t:|1641734896
|switch|p1a: Toxapex|Toxapex, F|100/100
|turn|8
|
|t:|1641734903
|switch|p2a: Aegislash|Aegislash, M|100/100
|-damage|p2a: Aegislash|94/100|[from] Stealth Rock
|move|p1a: Toxapex|Baneful Bunker||[still]
|-fail|p1a: Toxapex
|
|-heal|p2a: Aegislash|100/100|[from] Grassy Terrain
|upkeep
|turn|9
|
|t:|1641734911
|switch|p2a: Zapdos|Zapdos|72/100
|move|p1a: Toxapex|Scald|p2a: Zapdos
|-damage|p2a: Zapdos|57/100
|
|-fieldend|move: Grassy Terrain
|upkeep
|turn|10
|
|t:|1641734919
|move|p2a: Zapdos|Roost|p2a: Zapdos
|-heal|p2a: Zapdos|100/100
|-singleturn|p2a: Zapdos|move: Roost
|move|p1a: Toxapex|Toxic|p2a: Zapdos
|-status|p2a: Zapdos|tox
|
|-damage|p2a: Zapdos|94/100 tox|[from] psn
|upkeep
|turn|11
|
|t:|1641734929
|move|p2a: Zapdos|Defog|p1a: Toxapex
|-unboost|p1a: Toxapex|evasion|1
|-sideend|p2: NotRandom2Goated|Stealth Rock|[from] move: Defog|[of] p2a: Zapdos
|move|p1a: Toxapex|Scald|p2a: Zapdos
|-damage|p2a: Zapdos|77/100 tox
|
|-damage|p2a: Zapdos|65/100 tox|[from] psn
|upkeep
|turn|12
|
|t:|1641734937
|move|p1a: Toxapex|Baneful Bunker|p1a: Toxapex
|-singleturn|p1a: Toxapex|move: Protect
|move|p2a: Zapdos|Volt Switch|p1a: Toxapex
|-activate|p1a: Toxapex|move: Protect
|
|-damage|p2a: Zapdos|47/100 tox|[from] psn
|upkeep
|turn|13
|
|t:|1641734950
|switch|p2a: Landorus|Landorus-Therian, M|100/100 tox
|-ability|p2a: Landorus|Intimidate|boost
|-unboost|p1a: Toxapex|atk|1
|move|p1a: Toxapex|Scald|p2a: Landorus
|-supereffective|p2a: Landorus
|-damage|p2a: Landorus|62/100 tox
|
|-heal|p2a: Landorus|68/100 tox|[from] item: Leftovers
|-damage|p2a: Landorus|62/100 tox|[from] psn
|upkeep
|turn|14
|inactive|Battle timer is ON: inactive players will automatically lose when time's up. (requested by NotRandom2Goated)
|
|t:|1641734960
|move|p2a: Landorus|Earthquake|p1a: Toxapex
|-supereffective|p1a: Toxapex
|-damage|p1a: Toxapex|29/100
|move|p1a: Toxapex|Scald|p2a: Landorus
|-supereffective|p2a: Landorus
|-damage|p2a: Landorus|28/100 tox
|
|-heal|p2a: Landorus|34/100 tox|[from] item: Leftovers
|-damage|p2a: Landorus|22/100 tox|[from] psn
|upkeep
|turn|15
|
|t:|1641734972
|move|p1a: Toxapex|Baneful Bunker|p1a: Toxapex
|-singleturn|p1a: Toxapex|move: Protect
|move|p2a: Landorus|Knock Off|p1a: Toxapex
|-activate|p1a: Toxapex|move: Protect
|
|-heal|p2a: Landorus|28/100 tox|[from] item: Leftovers
|-damage|p2a: Landorus|10/100 tox|[from] psn
|upkeep
|turn|16
|
|t:|1641734980
|move|p2a: Landorus|Earthquake|p1a: Toxapex
|-supereffective|p1a: Toxapex
|-damage|p1a: Toxapex|0 fnt
|faint|p1a: Toxapex
|
|-heal|p2a: Landorus|16/100 tox|[from] item: Leftovers
|-damage|p2a: Landorus|0 fnt|[from] psn
|faint|p2a: Landorus
|upkeep
|
|t:|1641734989
|switch|p2a: Kartana|Kartana|100/100
|switch|p1a: Weavile|Weavile, M|100/100
|turn|17
|
|t:|1641734995
|switch|p1a: Dragapult|Dragapult, F|100/100
|move|p2a: Kartana|Smart Strike|p1a: Dragapult
|-damage|p1a: Dragapult|39/100
|
|upkeep
|turn|18
|
|t:|1641735001
|move|p2a: Kartana|Smart Strike|p1a: Dragapult
|-damage|p1a: Dragapult|0 fnt
|faint|p1a: Dragapult
|-ability|p2a: Kartana|Beast Boost|boost
|-boost|p2a: Kartana|atk|1
|
|upkeep
|
|t:|1641735006
|switch|p1a: Weavile|Weavile, M|100/100
|turn|19
|
|t:|1641735011
|move|p2a: Kartana|Smart Strike|p1a: Weavile
|-supereffective|p1a: Weavile
|-damage|p1a: Weavile|0 fnt
|faint|p1a: Weavile
|
|win|NotRandom2Goated
|raw|rejemond863's rating: 1449 &rarr; <strong>1431</strong><br />(-18 for losing)
|raw|NotRandom2Goated's rating: 1481 &rarr; <strong>1499</strong><br />(+18 for winning)
|c| Player paper|gg
|l|☆rejemond863
|l| Player paper
