|j|☆Mankys
|j|☆lapt1
|t:|1641836123
|gametype|singles
|player|p1|Mankys|170|1393
|player|p2|lapt1|red-gen7|1349
|teamsize|p1|6
|teamsize|p2|6
|gen|8
|tier|[Gen 8] OU
|rated|
|rule|Sleep Clause Mod: Limit one foe put to sleep
|rule|Species Clause: Limit one of each Pokémon
|rule|OHKO Clause: OHKO moves are banned
|rule|Evasion Moves Clause: Evasion moves are banned
|rule|Endless Battle Clause: Forcing endless battles is banned
|rule|HP Percentage Mod: HP is shown in percentages
|rule|Dynamax Clause: You cannot dynamax
|clearpoke
|poke|p1|Hippowdon, M|
|poke|p1|Toxapex, F|
|poke|p1|Buzzwole|
|poke|p1|Weavile, M|
|poke|p1|Tapu Koko|
|poke|p1|Excadrill, F|
|poke|p2|Blacephalon|
|poke|p2|Ninetales-Alola, F|
|poke|p2|Corviknight, M|
|poke|p2|Arctozolt|
|poke|p2|Landorus-Therian, M|
|poke|p2|Tornadus-Therian, M|
|teampreview
|
|t:|1641836132
|start
|switch|p1a: Hippowdon|Hippowdon, M|100/100
|switch|p2a: Landorus|Landorus-Therian, M|100/100
|-ability|p2a: Landorus|Intimidate|boost
|-unboost|p1a: Hippowdon|atk|1
|-weather|Sandstorm|[from] ability: Sand Stream|[of] p1a: Hippowdon
|turn|1
|inactive|Battle timer is ON: inactive players will automatically lose when time's up. (requested by Mankys)
|
|t:|1641836139
|move|p2a: Landorus|Toxic|p1a: Hippowdon
|-status|p1a: Hippowdon|tox
|move|p1a: Hippowdon|Stealth Rock|p2a: Landorus
|-sidestart|p2: lapt1|move: Stealth Rock
|
|-weather|Sandstorm|[upkeep]
|-damage|p1a: Hippowdon|94/100 tox|[from] psn
|upkeep
|turn|2
|
|t:|1641836147
|switch|p2a: Corviknight|Corviknight, M|100/100
|-damage|p2a: Corviknight|88/100|[from] Stealth Rock
|-ability|p2a: Corviknight|Pressure
|move|p1a: Hippowdon|Roar|p2a: Corviknight
|drag|p2a: Tornadus|Tornadus-Therian, M|100/100
|-damage|p2a: Tornadus|76/100|[from] Stealth Rock
|
|-weather|Sandstorm|[upkeep]
|-damage|p2a: Tornadus|69/100|[from] Sandstorm
|-heal|p1a: Hippowdon|100/100 tox|[from] item: Leftovers
|-damage|p1a: Hippowdon|88/100 tox|[from] psn
|upkeep
|turn|3
|
|t:|1641836155
|switch|p1a: Tapu Koko|Tapu Koko|100/100
|-fieldstart|move: Electric Terrain|[from] ability: Electric Surge|[of] p1a: Tapu Koko
|move|p2a: Tornadus|U-turn|p1a: Tapu Koko
|-resisted|p1a: Tapu Koko
|-damage|p1a: Tapu Koko|90/100
|
|t:|1641836164
|switch|p2a: Landorus|Landorus-Therian, M|100/100|[from]move: U-turn
|-damage|p2a: Landorus|88/100|[from] Stealth Rock
|-ability|p2a: Landorus|Intimidate|boost
|-unboost|p1a: Tapu Koko|atk|1
|
|-weather|Sandstorm|[upkeep]
|-damage|p1a: Tapu Koko|84/100|[from] Sandstorm
|-heal|p2a: Landorus|94/100|[from] item: Leftovers
|upkeep
|turn|4
|
|t:|1641836171
|move|p1a: Tapu Koko|U-turn|p2a: Landorus
|-resisted|p2a: Landorus
|-damage|p2a: Landorus|86/100
|
|t:|1641836173
|switch|p1a: Excadrill|Excadrill, F|100/100|[from]move: U-turn
|-item|p1a: Excadrill|Air Balloon
|move|p2a: Landorus|Earthquake|p1a: Excadrill
|-immune|p1a: Excadrill
|
|-weather|Sandstorm|[upkeep]
|-heal|p2a: Landorus|92/100|[from] item: Leftovers
|upkeep
|turn|5
|
|t:|1641836179
|move|p1a: Excadrill|Substitute|p1a: Excadrill
|-start|p1a: Excadrill|Substitute
|-damage|p1a: Excadrill|76/100
|move|p2a: Landorus|U-turn|p1a: Excadrill
|-resisted|p1a: Excadrill
|-activate|p1a: Excadrill|move: Substitute|[damage]
|-enditem|p1a: Excadrill|Air Balloon
|
|t:|1641836191
|switch|p2a: Ninetales|Ninetales-Alola, F|100/100|[from]move: U-turn
|-damage|p2a: Ninetales|76/100|[from] Stealth Rock
|-weather|Hail|[from] ability: Snow Warning|[of] p2a: Ninetales
|
|-weather|Hail|[upkeep]
|-damage|p1a: Excadrill|69/100|[from] Hail
|upkeep
|turn|6
|
|t:|1641836204
|switch|p2a: Corviknight|Corviknight, M|88/100
|-damage|p2a: Corviknight|75/100|[from] Stealth Rock
|-ability|p2a: Corviknight|Pressure
|move|p1a: Excadrill|Iron Head|p2a: Corviknight
|-resisted|p2a: Corviknight
|-damage|p2a: Corviknight|61/100
|-damage|p1a: Excadrill|53/100|[from] item: Rocky Helmet|[of] p2a: Corviknight
|
|-weather|Hail|[upkeep]
|-damage|p1a: Excadrill|47/100|[from] Hail
|-damage|p2a: Corviknight|55/100|[from] Hail
|upkeep
|turn|7
|
|t:|1641836210
|switch|p1a: Tapu Koko|Tapu Koko|84/100
|move|p2a: Corviknight|Defog|p1a: Tapu Koko
|-unboost|p1a: Tapu Koko|evasion|1
|-sideend|p2: lapt1|Stealth Rock|[from] move: Defog|[of] p2a: Corviknight
|-fieldend|move: Electric Terrain
|
|-weather|Hail|[upkeep]
|-damage|p1a: Tapu Koko|78/100|[from] Hail
|-damage|p2a: Corviknight|49/100|[from] Hail
|upkeep
|turn|8
|
|t:|1641836217
|switch|p2a: Landorus|Landorus-Therian, M|92/100
|-ability|p2a: Landorus|Intimidate|boost
|-unboost|p1a: Tapu Koko|atk|1
|move|p1a: Tapu Koko|Brave Bird|p2a: Landorus
|-damage|p2a: Landorus|66/100
|-damage|p1a: Tapu Koko|66/100|[from] Recoil
|
|-weather|Hail|[upkeep]
|-damage|p1a: Tapu Koko|60/100|[from] Hail
|-damage|p2a: Landorus|60/100|[from] Hail
|-heal|p2a: Landorus|66/100|[from] item: Leftovers
|upkeep
|turn|9
|
|t:|1641836234
|switch|p1a: Excadrill|Excadrill, F|47/100
|move|p2a: Landorus|Earthquake|p1a: Excadrill
|-supereffective|p1a: Excadrill
|-damage|p1a: Excadrill|0 fnt
|faint|p1a: Excadrill
|
|-weather|Hail|[upkeep]
|-damage|p2a: Landorus|60/100|[from] Hail
|-heal|p2a: Landorus|66/100|[from] item: Leftovers
|upkeep
|
|t:|1641836236
|switch|p1a: Weavile|Weavile, M|100/100
|turn|10
|
|t:|1641836252
|switch|p2a: Corviknight|Corviknight, M|49/100
|-ability|p2a: Corviknight|Pressure
|move|p1a: Weavile|Triple Axel|p2a: Corviknight
|-damage|p2a: Corviknight|43/100
|-damage|p1a: Weavile|84/100|[from] item: Rocky Helmet|[of] p2a: Corviknight
|-damage|p2a: Corviknight|31/100
|-damage|p1a: Weavile|68/100|[from] item: Rocky Helmet|[of] p2a: Corviknight
|-damage|p2a: Corviknight|13/100
|-damage|p1a: Weavile|51/100|[from] item: Rocky Helmet|[of] p2a: Corviknight
|-hitcount|p2a: Corviknight|3
|
|-weather|Hail|[upkeep]
|-damage|p2a: Corviknight|7/100|[from] Hail
|upkeep
|turn|11
|
|t:|1641836276
|switch|p2a: Arctozolt|Arctozolt|100/100
|move|p1a: Weavile|Triple Axel|p2a: Arctozolt
|-resisted|p2a: Arctozolt
|-damage|p2a: Arctozolt|94/100
|-resisted|p2a: Arctozolt
|-damage|p2a: Arctozolt|83/100
|-resisted|p2a: Arctozolt
|-damage|p2a: Arctozolt|64/100
|-hitcount|p2a: Arctozolt|3
|
|-weather|Hail|[upkeep]
|-heal|p2a: Arctozolt|71/100|[from] item: Leftovers
|upkeep
|turn|12
|
|t:|1641836288
|move|p2a: Arctozolt|Substitute|p2a: Arctozolt
|-start|p2a: Arctozolt|Substitute
|-damage|p2a: Arctozolt|46/100
|move|p1a: Weavile|Knock Off|p2a: Arctozolt
|-end|p2a: Arctozolt|Substitute
|
|-weather|none
|-heal|p2a: Arctozolt|52/100|[from] item: Leftovers
|upkeep
|turn|13
|inactive|lapt1 has 120 seconds left.
|
|t:|1641836304
|switch|p2a: Ninetales|Ninetales-Alola, F|76/100
|-weather|Hail|[from] ability: Snow Warning|[of] p2a: Ninetales
|move|p1a: Weavile|Knock Off|p2a: Ninetales
|-resisted|p2a: Ninetales
|-damage|p2a: Ninetales|46/100
|-enditem|p2a: Ninetales|Icy Rock|[from] move: Knock Off|[of] p1a: Weavile
|
|-weather|Hail|[upkeep]
|upkeep
|turn|14
|
|t:|1641836314
|move|p1a: Weavile|Taunt|p2a: Ninetales
|-start|p2a: Ninetales|move: Taunt
|cant|p2a: Ninetales|move: Taunt|Aurora Veil
|
|-weather|Hail|[upkeep]
|upkeep
|turn|15
|
|t:|1641836321
|switch|p1a: Hippowdon|Hippowdon, M|88/100 tox
|-weather|Sandstorm|[from] ability: Sand Stream|[of] p1a: Hippowdon
|move|p2a: Ninetales|Dazzling Gleam|p1a: Hippowdon
|-damage|p1a: Hippowdon|64/100 tox
|
|-weather|Sandstorm|[upkeep]
|-damage|p2a: Ninetales|40/100|[from] Sandstorm
|-heal|p1a: Hippowdon|70/100 tox|[from] item: Leftovers
|-damage|p1a: Hippowdon|64/100 tox|[from] psn
|upkeep
|turn|16
|
|t:|1641836332
|switch|p2a: Corviknight|Corviknight, M|7/100
|-ability|p2a: Corviknight|Pressure
|move|p1a: Hippowdon|Earthquake|p2a: Corviknight
|-immune|p2a: Corviknight
|
|-weather|Sandstorm|[upkeep]
|-heal|p1a: Hippowdon|70/100 tox|[from] item: Leftovers
|-damage|p1a: Hippowdon|58/100 tox|[from] psn
|upkeep
|turn|17
|
|t:|1641836338
|move|p1a: Hippowdon|Stealth Rock|p2a: Corviknight
|-sidestart|p2: lapt1|move: Stealth Rock
|move|p2a: Corviknight|Roost|p2a: Corviknight
|-heal|p2a: Corviknight|57/100
|-singleturn|p2a: Corviknight|move: Roost
|
|-weather|Sandstorm|[upkeep]
|-heal|p1a: Hippowdon|64/100 tox|[from] item: Leftovers
|-damage|p1a: Hippowdon|45/100 tox|[from] psn
|upkeep
|turn|18
|
|t:|1641836347
|switch|p1a: Tapu Koko|Tapu Koko|60/100
|-fieldstart|move: Electric Terrain|[from] ability: Electric Surge|[of] p1a: Tapu Koko
|move|p2a: Corviknight|Defog|p1a: Tapu Koko
|-unboost|p1a: Tapu Koko|evasion|1
|-sideend|p2: lapt1|Stealth Rock|[from] move: Defog|[of] p2a: Corviknight
|-fieldend|move: Electric Terrain
|
|-weather|Sandstorm|[upkeep]
|-damage|p1a: Tapu Koko|54/100|[from] Sandstorm
|upkeep
|turn|19
|
|t:|1641836358
|switch|p2a: Landorus|Landorus-Therian, M|66/100
|-ability|p2a: Landorus|Intimidate|boost
|-unboost|p1a: Tapu Koko|atk|1
|move|p1a: Tapu Koko|Wild Charge|p2a: Landorus
|-immune|p2a: Landorus
|
|-weather|none
|-heal|p2a: Landorus|72/100|[from] item: Leftovers
|upkeep
|turn|20
|
|t:|1641836369
|switch|p1a: Hippowdon|Hippowdon, M|45/100 tox
|-weather|Sandstorm|[from] ability: Sand Stream|[of] p1a: Hippowdon
|move|p2a: Landorus|U-turn|p1a: Hippowdon
|-damage|p1a: Hippowdon|33/100 tox
|
|t:|1641836380
|switch|p2a: Ninetales|Ninetales-Alola, F|40/100|[from]move: U-turn
|-weather|Hail|[from] ability: Snow Warning|[of] p2a: Ninetales
|
|-weather|Hail|[upkeep]
|-damage|p1a: Hippowdon|27/100 tox|[from] Hail
|-heal|p1a: Hippowdon|33/100 tox|[from] item: Leftovers
|-damage|p1a: Hippowdon|27/100 tox|[from] psn
|upkeep
|turn|21
|
|t:|1641836399
|move|p2a: Ninetales|Freeze-Dry|p1a: Hippowdon
|-supereffective|p1a: Hippowdon
|-damage|p1a: Hippowdon|0 fnt
|faint|p1a: Hippowdon
|
|-weather|Hail|[upkeep]
|upkeep
|
|t:|1641836403
|switch|p1a: Tapu Koko|Tapu Koko|54/100
|-fieldstart|move: Electric Terrain|[from] ability: Electric Surge|[of] p1a: Tapu Koko
|turn|22
|
|t:|1641836411
|switch|p2a: Landorus|Landorus-Therian, M|72/100
|-ability|p2a: Landorus|Intimidate|boost
|-unboost|p1a: Tapu Koko|atk|1
|move|p1a: Tapu Koko|Wild Charge|p2a: Landorus
|-immune|p2a: Landorus
|
|-weather|Hail|[upkeep]
|-damage|p1a: Tapu Koko|48/100|[from] Hail
|-damage|p2a: Landorus|66/100|[from] Hail
|-heal|p2a: Landorus|72/100|[from] item: Leftovers
|upkeep
|turn|23
|
|t:|1641836423
|switch|p1a: Buzzwole|Buzzwole|100/100
|move|p2a: Landorus|U-turn|p1a: Buzzwole
|-resisted|p1a: Buzzwole
|-damage|p1a: Buzzwole|94/100
|
|t:|1641836436
|switch|p2a: Tornadus|Tornadus-Therian, M|100/100|[from]move: U-turn
|
|-weather|Hail|[upkeep]
|-damage|p2a: Tornadus|94/100|[from] Hail
|-damage|p1a: Buzzwole|88/100|[from] Hail
|upkeep
|turn|24
|
|t:|1641836442
|switch|p1a: Toxapex|Toxapex, F|100/100
|move|p2a: Tornadus|U-turn|p1a: Toxapex
|-resisted|p1a: Toxapex
|-damage|p1a: Toxapex|95/100
|
|t:|1641836449
|switch|p2a: Arctozolt|Arctozolt|52/100|[from]move: U-turn
|
|-weather|none
|-heal|p2a: Arctozolt|58/100|[from] item: Leftovers
|-heal|p1a: Toxapex|100/100|[from] item: Black Sludge
|upkeep
|turn|25
|
|t:|1641836459
|move|p2a: Arctozolt|Bolt Beak|p1a: Toxapex
|-supereffective|p1a: Toxapex
|-damage|p1a: Toxapex|0 fnt
|faint|p1a: Toxapex
|
|-heal|p2a: Arctozolt|64/100|[from] item: Leftovers
|upkeep
|
|t:|1641836462
|switch|p1a: Weavile|Weavile, M|51/100
|turn|26
|
|t:|1641836467
|move|p1a: Weavile|Knock Off|p2a: Arctozolt
|-damage|p2a: Arctozolt|10/100
|-enditem|p2a: Arctozolt|Leftovers|[from] move: Knock Off|[of] p1a: Weavile
|move|p2a: Arctozolt|Low Kick|p1a: Weavile
|-supereffective|p1a: Weavile
|-damage|p1a: Weavile|0 fnt
|faint|p1a: Weavile
|
|-fieldend|move: Electric Terrain
|upkeep
|
|t:|1641836470
|switch|p1a: Tapu Koko|Tapu Koko|48/100
|-fieldstart|move: Electric Terrain|[from] ability: Electric Surge|[of] p1a: Tapu Koko
|turn|27
|
|t:|1641836479
|switch|p2a: Landorus|Landorus-Therian, M|72/100
|-ability|p2a: Landorus|Intimidate|boost
|-unboost|p1a: Tapu Koko|atk|1
|move|p1a: Tapu Koko|U-turn|p2a: Landorus
|-resisted|p2a: Landorus
|-damage|p2a: Landorus|63/100
|
|t:|1641836481
|switch|p1a: Buzzwole|Buzzwole|88/100|[from]move: U-turn
|
|-heal|p2a: Landorus|70/100|[from] item: Leftovers
|upkeep
|turn|28
|
|t:|1641836490
|move|p2a: Landorus|Toxic|p1a: Buzzwole
|-status|p1a: Buzzwole|tox
|move|p1a: Buzzwole|Power-Up Punch|p2a: Landorus
|-resisted|p2a: Landorus
|-damage|p2a: Landorus|58/100
|-boost|p1a: Buzzwole|atk|1
|
|-heal|p2a: Landorus|64/100|[from] item: Leftovers
|-damage|p1a: Buzzwole|82/100 tox|[from] psn
|upkeep
|turn|29
|-message|Mankys forfeited.
|
|win|lapt1
|raw|Mankys's rating: 1393 &rarr; <strong>1370</strong><br />(-23 for losing)
|raw|lapt1's rating: 1349 &rarr; <strong>1372</strong><br />(+23 for winning)
|l|☆Mankys
