|j|☆A_Stupid_Fish
|j|☆alkazoth
|t:|1641707703
|gametype|singles
|player|p1|A_Stupid_Fish|colress|1557
|player|p2|alkazoth|170|1521
|teamsize|p1|6
|teamsize|p2|6
|gen|8
|tier|[Gen 8] OU
|rated|
|rule|Sleep Clause Mod: Limit one foe put to sleep
|rule|Species Clause: Limit one of each Pokémon
|rule|OHKO Clause: OHKO moves are banned
|rule|Evasion Moves Clause: Evasion moves are banned
|rule|Endless Battle Clause: Forcing endless battles is banned
|rule|HP Percentage Mod: HP is shown in percentages
|rule|Dynamax Clause: You cannot dynamax
|clearpoke
|poke|p1|Ferrothorn, F|
|poke|p1|Toxapex, M|
|poke|p1|Landorus-Therian, M|
|poke|p1|Tapu Lele|
|poke|p1|Heatran, M|
|poke|p1|Buzzwole|
|poke|p2|Dragapult, M|
|poke|p2|Blacephalon|
|poke|p2|Corviknight, M|
|poke|p2|Zarude|
|poke|p2|Toxapex, M|
|poke|p2|Landorus-Therian, M|
|teampreview
|inactive|Battle timer is ON: inactive players will automatically lose when time's up. (requested by A_Stupid_Fish)
|j| spectatoring
|
|t:|1641707724
|start
|switch|p1a: Landorus|Landorus-Therian, M|100/100
|switch|p2a: Landorus|Landorus-Therian, M|100/100
|-ability|p1a: Landorus|Intimidate|boost
|-unboost|p2a: Landorus|atk|1
|-ability|p2a: Landorus|Intimidate|boost
|-unboost|p1a: Landorus|atk|1
|turn|1
|
|t:|1641707741
|switch|p2a: Corviknight|Corviknight, M|100/100
|-ability|p2a: Corviknight|Pressure
|move|p1a: Landorus|U-turn|p2a: Corviknight
|-resisted|p2a: Corviknight
|-damage|p2a: Corviknight|98/100
|-damage|p1a: Landorus|84/100|[from] item: Rocky Helmet|[of] p2a: Corviknight
|
|t:|1641707748
|switch|p1a: Heatran|Heatran, M|100/100|[from]move: U-turn
|
|upkeep
|turn|2
|
|t:|1641707752
|switch|p2a: Toxapex|Toxapex, M|100/100
|move|p1a: Heatran|Magma Storm|p2a: Toxapex
|-resisted|p2a: Toxapex
|-damage|p2a: Toxapex|85/100
|-activate|p2a: Toxapex|move: Magma Storm|[of] p1a: Heatran
|
|-damage|p2a: Toxapex|73/100|[from] move: Magma Storm|[partiallytrapped]
|upkeep
|turn|3
|
|t:|1641707760
|move|p1a: Heatran|Earth Power|p2a: Toxapex
|-supereffective|p2a: Toxapex
|-damage|p2a: Toxapex|34/100
|move|p2a: Toxapex|Knock Off|p1a: Heatran
|-damage|p1a: Heatran|89/100
|-enditem|p1a: Heatran|Leftovers|[from] move: Knock Off|[of] p2a: Toxapex
|
|-damage|p2a: Toxapex|21/100|[from] move: Magma Storm|[partiallytrapped]
|upkeep
|turn|4
|
|t:|1641707768
|switch|p2a: Landorus|Landorus-Therian, M|100/100
|-ability|p2a: Landorus|Intimidate|boost
|-unboost|p1a: Heatran|atk|1
|move|p1a: Heatran|Earth Power|p2a: Landorus
|-immune|p2a: Landorus
|
|upkeep
|turn|5
|
|t:|1641707777
|switch|p1a: Buzzwole|Buzzwole|100/100
|move|p2a: Landorus|Stealth Rock|p1a: Buzzwole
|-sidestart|p1: A_Stupid_Fish|move: Stealth Rock
|
|upkeep
|turn|6
|
|t:|1641707783
|switch|p1a: Landorus|Landorus-Therian, M|84/100
|-damage|p1a: Landorus|72/100|[from] Stealth Rock
|-ability|p1a: Landorus|Intimidate|boost
|-unboost|p2a: Landorus|atk|1
|switch|p2a: Corviknight|Corviknight, M|98/100
|-ability|p2a: Corviknight|Pressure
|
|-heal|p1a: Landorus|78/100|[from] item: Leftovers
|upkeep
|turn|7
|
|t:|1641707793
|move|p1a: Landorus|Stealth Rock|p2a: Corviknight
|-sidestart|p2: alkazoth|move: Stealth Rock
|move|p2a: Corviknight|U-turn|p1a: Landorus
|-resisted|p1a: Landorus
|-damage|p1a: Landorus|70/100
|
|t:|1641707797
|switch|p2a: Toxapex|Toxapex, M|55/100|[from]move: U-turn
|-damage|p2a: Toxapex|42/100|[from] Stealth Rock
|
|-heal|p1a: Landorus|76/100|[from] item: Leftovers
|upkeep
|turn|8
|
|t:|1641707803
|switch|p2a: Corviknight|Corviknight, M|98/100
|-damage|p2a: Corviknight|86/100|[from] Stealth Rock
|-ability|p2a: Corviknight|Pressure
|move|p1a: Landorus|Earthquake|p2a: Corviknight
|-immune|p2a: Corviknight
|
|-heal|p1a: Landorus|82/100|[from] item: Leftovers
|upkeep
|turn|9
|
|t:|1641707813
|move|p1a: Landorus|Knock Off|p2a: Corviknight
|-damage|p2a: Corviknight|67/100
|-damage|p1a: Landorus|65/100|[from] item: Rocky Helmet|[of] p2a: Corviknight
|-enditem|p2a: Corviknight|Rocky Helmet|[from] move: Knock Off|[of] p1a: Landorus
|move|p2a: Corviknight|Defog|p1a: Landorus
|-unboost|p1a: Landorus|evasion|1
|-sideend|p1: A_Stupid_Fish|Stealth Rock|[from] move: Defog|[of] p2a: Corviknight
|-sideend|p2: alkazoth|Stealth Rock|[from] move: Defog|[of] p2a: Corviknight
|
|-heal|p1a: Landorus|71/100|[from] item: Leftovers
|upkeep
|turn|10
|
|t:|1641707824
|move|p1a: Landorus|Stealth Rock|p2a: Corviknight
|-sidestart|p2: alkazoth|move: Stealth Rock
|move|p2a: Corviknight|Roost|p2a: Corviknight
|-heal|p2a: Corviknight|100/100
|-singleturn|p2a: Corviknight|move: Roost
|
|-heal|p1a: Landorus|77/100|[from] item: Leftovers
|upkeep
|turn|11
|
|t:|1641707831
|switch|p1a: Heatran|Heatran, M|89/100
|move|p2a: Corviknight|Defog|p1a: Heatran
|-unboost|p1a: Heatran|evasion|1
|-sideend|p2: alkazoth|Stealth Rock|[from] move: Defog|[of] p2a: Corviknight
|
|upkeep
|turn|12
|
|t:|1641707838
|switch|p2a: Landorus|Landorus-Therian, M|100/100
|-ability|p2a: Landorus|Intimidate|boost
|-unboost|p1a: Heatran|atk|1
|move|p1a: Heatran|Magma Storm|p2a: Landorus
|-damage|p2a: Landorus|68/100
|-activate|p2a: Landorus|move: Magma Storm|[of] p1a: Heatran
|
|-heal|p2a: Landorus|74/100|[from] item: Leftovers
|-damage|p2a: Landorus|62/100|[from] move: Magma Storm|[partiallytrapped]
|upkeep
|turn|13
|
|t:|1641707848
|switch|p1a: Buzzwole|Buzzwole|100/100
|move|p2a: Landorus|Earthquake|p1a: Buzzwole
|-resisted|p1a: Buzzwole
|-damage|p1a: Buzzwole|83/100
|
|-heal|p2a: Landorus|68/100|[from] item: Leftovers
|-end|p2a: Landorus|Magma Storm|[partiallytrapped]|[silent]
|upkeep
|turn|14
|
|t:|1641707855
|switch|p2a: Toxapex|Toxapex, M|76/100
|move|p1a: Buzzwole|Close Combat|p2a: Toxapex
|-resisted|p2a: Toxapex
|-damage|p2a: Toxapex|54/100
|-unboost|p1a: Buzzwole|def|1
|-unboost|p1a: Buzzwole|spd|1
|
|upkeep
|turn|15
|
|t:|1641707863
|switch|p1a: Ferrothorn|Ferrothorn, F|100/100
|move|p2a: Toxapex|Knock Off|p1a: Ferrothorn
|-damage|p1a: Ferrothorn|92/100
|-damage|p2a: Toxapex|42/100|[from] ability: Iron Barbs|[of] p1a: Ferrothorn
|-enditem|p1a: Ferrothorn|Leftovers|[from] move: Knock Off|[of] p2a: Toxapex
|
|upkeep
|turn|16
|
|t:|1641707871
|switch|p2a: Zarude|Zarude|100/100
|move|p1a: Ferrothorn|Knock Off|p2a: Zarude
|-resisted|p2a: Zarude
|-damage|p2a: Zarude|90/100
|-enditem|p2a: Zarude|Leftovers|[from] move: Knock Off|[of] p1a: Ferrothorn
|
|upkeep
|turn|17
|
|t:|1641707878
|switch|p1a: Toxapex|Toxapex, M|100/100
|move|p2a: Zarude|Bulk Up|p2a: Zarude
|-boost|p2a: Zarude|atk|1
|-boost|p2a: Zarude|def|1
|
|upkeep
|turn|18
|
|t:|1641707883
|move|p2a: Zarude|Power Whip|p1a: Toxapex
|-damage|p1a: Toxapex|50/100
|move|p1a: Toxapex|Toxic|p2a: Zarude
|-status|p2a: Zarude|tox
|
|-heal|p1a: Toxapex|56/100|[from] item: Black Sludge
|-damage|p2a: Zarude|83/100 tox|[from] psn
|upkeep
|turn|19
|
|t:|1641707892
|switch|p1a: Landorus|Landorus-Therian, M|77/100
|-ability|p1a: Landorus|Intimidate|boost
|-unboost|p2a: Zarude|atk|1
|move|p2a: Zarude|Power Whip|p1a: Landorus|[miss]
|-miss|p2a: Zarude|p1a: Landorus
|
|-heal|p1a: Landorus|83/100|[from] item: Leftovers
|-damage|p2a: Zarude|71/100 tox|[from] psn
|upkeep
|turn|20
|
|t:|1641707905
|switch|p2a: Corviknight|Corviknight, M|100/100
|-ability|p2a: Corviknight|Pressure
|move|p1a: Landorus|U-turn|p2a: Corviknight
|-resisted|p2a: Corviknight
|-damage|p2a: Corviknight|97/100
|
|t:|1641707909
|switch|p1a: Heatran|Heatran, M|89/100|[from]move: U-turn
|
|upkeep
|turn|21
|l| spectatoring
|
|t:|1641707926
|switch|p2a: Toxapex|Toxapex, M|75/100
|move|p1a: Heatran|Toxic|p2a: Toxapex
|-immune|p2a: Toxapex
|
|upkeep
|turn|22
|
|t:|1641707934
|switch|p1a: Ferrothorn|Ferrothorn, F|92/100
|move|p2a: Toxapex|Scald|p1a: Ferrothorn
|-resisted|p1a: Ferrothorn
|-damage|p1a: Ferrothorn|86/100
|
|upkeep
|turn|23
|
|t:|1641707946
|switch|p2a: Zarude|Zarude|71/100 tox
|move|p1a: Ferrothorn|Knock Off|p2a: Zarude
|-resisted|p2a: Zarude
|-damage|p2a: Zarude|64/100 tox
|
|-damage|p2a: Zarude|58/100 tox|[from] psn
|upkeep
|turn|24
|
|t:|1641707953
|switch|p1a: Landorus|Landorus-Therian, M|83/100
|-ability|p1a: Landorus|Intimidate|boost
|-unboost|p2a: Zarude|atk|1
|move|p2a: Zarude|Jungle Healing|p2a: Zarude
|-heal|p2a: Zarude|83/100 tox
|-curestatus|p2a: Zarude|tox|[msg]
|
|-heal|p1a: Landorus|89/100|[from] item: Leftovers
|upkeep
|turn|25
|
|t:|1641707963
|switch|p2a: Corviknight|Corviknight, M|97/100
|-ability|p2a: Corviknight|Pressure
|move|p1a: Landorus|U-turn|p2a: Corviknight
|-resisted|p2a: Corviknight
|-damage|p2a: Corviknight|94/100
|
|t:|1641707970
|switch|p1a: Heatran|Heatran, M|89/100|[from]move: U-turn
|
|upkeep
|turn|26
|
|t:|1641707977
|switch|p1a: Landorus|Landorus-Therian, M|89/100
|-ability|p1a: Landorus|Intimidate|boost
|-unboost|p2a: Corviknight|atk|1
|switch|p2a: Toxapex|Toxapex, M|100/100
|
|-heal|p1a: Landorus|95/100|[from] item: Leftovers
|upkeep
|turn|27
|
|t:|1641707986
|switch|p2a: Corviknight|Corviknight, M|94/100
|-ability|p2a: Corviknight|Pressure
|move|p1a: Landorus|Stealth Rock|p2a: Corviknight
|-sidestart|p2: alkazoth|move: Stealth Rock
|
|-heal|p1a: Landorus|100/100|[from] item: Leftovers
|upkeep
|turn|28
|
|t:|1641707993
|move|p1a: Landorus|U-turn|p2a: Corviknight
|-resisted|p2a: Corviknight
|-damage|p2a: Corviknight|90/100
|
|t:|1641707996
|switch|p1a: Ferrothorn|Ferrothorn, F|86/100|[from]move: U-turn
|move|p2a: Corviknight|Defog|p1a: Ferrothorn
|-unboost|p1a: Ferrothorn|evasion|1
|-sideend|p2: alkazoth|Stealth Rock|[from] move: Defog|[of] p2a: Corviknight
|
|upkeep
|turn|29
|
|t:|1641708003
|switch|p2a: Zarude|Zarude|83/100
|switch|p1a: Buzzwole|Buzzwole|83/100
|
|upkeep
|turn|30
|
|t:|1641708009
|switch|p2a: Toxapex|Toxapex, M|100/100
|move|p1a: Buzzwole|Ice Punch|p2a: Toxapex
|-resisted|p2a: Toxapex
|-damage|p2a: Toxapex|91/100
|
|upkeep
|turn|31
|
|t:|1641708014
|switch|p1a: Ferrothorn|Ferrothorn, F|86/100
|move|p2a: Toxapex|Knock Off|p1a: Ferrothorn
|-damage|p1a: Ferrothorn|80/100
|-damage|p2a: Toxapex|78/100|[from] ability: Iron Barbs|[of] p1a: Ferrothorn
|
|upkeep
|turn|32
|inactive|A_Stupid_Fish has 120 seconds left.
|
|t:|1641708049
|switch|p2a: Zarude|Zarude|83/100
|move|p1a: Ferrothorn|Knock Off|p2a: Zarude
|-resisted|p2a: Zarude
|-damage|p2a: Zarude|76/100
|
|upkeep
|turn|33
|
|t:|1641708055
|switch|p1a: Landorus|Landorus-Therian, M|100/100
|-ability|p1a: Landorus|Intimidate|boost
|-unboost|p2a: Zarude|atk|1
|move|p2a: Zarude|Bulk Up|p2a: Zarude
|-boost|p2a: Zarude|atk|1
|-boost|p2a: Zarude|def|1
|
|upkeep
|turn|34
|
|t:|1641708062
|switch|p2a: Corviknight|Corviknight, M|90/100
|-ability|p2a: Corviknight|Pressure
|move|p1a: Landorus|U-turn|p2a: Corviknight
|-resisted|p2a: Corviknight
|-damage|p2a: Corviknight|87/100
|
|t:|1641708065
|switch|p1a: Heatran|Heatran, M|89/100|[from]move: U-turn
|
|upkeep
|turn|35
|
|t:|1641708070
|switch|p1a: Landorus|Landorus-Therian, M|100/100
|-ability|p1a: Landorus|Intimidate|boost
|-unboost|p2a: Corviknight|atk|1
|switch|p2a: Toxapex|Toxapex, M|100/100
|
|upkeep
|turn|36
|
|t:|1641708077
|switch|p1a: Tapu Lele|Tapu Lele|100/100
|-fieldstart|move: Psychic Terrain|[from] ability: Psychic Surge|[of] p1a: Tapu Lele
|switch|p2a: Corviknight|Corviknight, M|87/100
|-ability|p2a: Corviknight|Pressure
|
|upkeep
|turn|37
|
|t:|1641708087
|switch|p1a: Ferrothorn|Ferrothorn, F|80/100
|move|p2a: Corviknight|Roost|p2a: Corviknight
|-heal|p2a: Corviknight|100/100
|-singleturn|p2a: Corviknight|move: Roost
|
|upkeep
|turn|38
|
|t:|1641708092
|switch|p2a: Zarude|Zarude|76/100
|switch|p1a: Buzzwole|Buzzwole|83/100
|
|upkeep
|turn|39
|
|t:|1641708101
|switch|p2a: Toxapex|Toxapex, M|100/100
|switch|p1a: Landorus|Landorus-Therian, M|100/100
|-ability|p1a: Landorus|Intimidate|boost
|-unboost|p2a: Toxapex|atk|1
|
|upkeep
|turn|40
|
|t:|1641708109
|switch|p2a: Corviknight|Corviknight, M|100/100
|-ability|p2a: Corviknight|Pressure
|move|p1a: Landorus|Stealth Rock|p2a: Corviknight
|-sidestart|p2: alkazoth|move: Stealth Rock
|
|-fieldend|move: Psychic Terrain
|upkeep
|turn|41
|
|t:|1641708114
|switch|p1a: Ferrothorn|Ferrothorn, F|80/100
|move|p2a: Corviknight|Defog|p1a: Ferrothorn
|-unboost|p1a: Ferrothorn|evasion|1
|-sideend|p2: alkazoth|Stealth Rock|[from] move: Defog|[of] p2a: Corviknight
|
|upkeep
|turn|42
|
|t:|1641708126
|switch|p2a: Zarude|Zarude|76/100
|move|p1a: Ferrothorn|Spikes|p2a: Zarude
|-sidestart|p2: alkazoth|Spikes
|
|upkeep
|turn|43
|
|t:|1641708133
|move|p2a: Zarude|Bulk Up|p2a: Zarude
|-boost|p2a: Zarude|atk|1
|-boost|p2a: Zarude|def|1
|move|p1a: Ferrothorn|Spikes|p2a: Zarude
|-sidestart|p2: alkazoth|Spikes
|
|upkeep
|turn|44
|
|t:|1641708138
|switch|p1a: Buzzwole|Buzzwole|83/100
|move|p2a: Zarude|Bulk Up|p2a: Zarude
|-boost|p2a: Zarude|atk|1
|-boost|p2a: Zarude|def|1
|
|upkeep
|turn|45
|
|t:|1641708144
|switch|p2a: Corviknight|Corviknight, M|100/100
|-ability|p2a: Corviknight|Pressure
|move|p1a: Buzzwole|Leech Life|p2a: Corviknight
|-resisted|p2a: Corviknight
|-damage|p2a: Corviknight|93/100
|-heal|p1a: Buzzwole|87/100|[from] drain|[of] p2a: Corviknight
|
|upkeep
|turn|46
|
|t:|1641708152
|switch|p1a: Ferrothorn|Ferrothorn, F|80/100
|move|p2a: Corviknight|Defog|p1a: Ferrothorn
|-unboost|p1a: Ferrothorn|evasion|1
|-sideend|p2: alkazoth|Spikes|[from] move: Defog|[of] p2a: Corviknight
|
|upkeep
|turn|47
|
|t:|1641708158
|move|p2a: Corviknight|Body Press|p1a: Ferrothorn
|-supereffective|p1a: Ferrothorn
|-damage|p1a: Ferrothorn|51/100
|-damage|p2a: Corviknight|80/100|[from] ability: Iron Barbs|[of] p1a: Ferrothorn
|move|p1a: Ferrothorn|Spikes|p2a: Corviknight
|-sidestart|p2: alkazoth|Spikes
|
|upkeep
|turn|48
|
|t:|1641708165
|switch|p2a: Zarude|Zarude|76/100
|-damage|p2a: Zarude|64/100|[from] Spikes
|move|p1a: Ferrothorn|Leech Seed|p2a: Zarude
|-immune|p2a: Zarude
|
|upkeep
|turn|49
|
|t:|1641708171
|switch|p1a: Buzzwole|Buzzwole|87/100
|move|p2a: Zarude|Jungle Healing|p2a: Zarude
|-heal|p2a: Zarude|89/100
|
|upkeep
|turn|50
|
|t:|1641708183
|switch|p2a: Corviknight|Corviknight, M|80/100
|-ability|p2a: Corviknight|Pressure
|switch|p1a: Ferrothorn|Ferrothorn, F|51/100
|
|upkeep
|turn|51
|
|t:|1641708189
|switch|p2a: Zarude|Zarude|89/100
|-damage|p2a: Zarude|76/100|[from] Spikes
|move|p1a: Ferrothorn|Leech Seed|p2a: Zarude
|-immune|p2a: Zarude
|
|upkeep
|turn|52
|
|t:|1641708195
|switch|p1a: Buzzwole|Buzzwole|87/100
|move|p2a: Zarude|Darkest Lariat|p1a: Buzzwole
|-resisted|p1a: Buzzwole
|-damage|p1a: Buzzwole|72/100
|
|upkeep
|turn|53
|
|t:|1641708201
|switch|p2a: Corviknight|Corviknight, M|80/100
|-ability|p2a: Corviknight|Pressure
|move|p1a: Buzzwole|Close Combat|p2a: Corviknight
|-damage|p2a: Corviknight|35/100
|-unboost|p1a: Buzzwole|def|1
|-unboost|p1a: Buzzwole|spd|1
|
|upkeep
|turn|54
|
|t:|1641708211
|switch|p1a: Heatran|Heatran, M|89/100
|switch|p2a: Toxapex|Toxapex, M|100/100
|-damage|p2a: Toxapex|88/100|[from] Spikes
|
|upkeep
|turn|55
|
|t:|1641708218
|move|p1a: Heatran|Magma Storm|p2a: Toxapex
|-resisted|p2a: Toxapex
|-damage|p2a: Toxapex|70/100
|-activate|p2a: Toxapex|move: Magma Storm|[of] p1a: Heatran
|move|p2a: Toxapex|Scald|p1a: Heatran
|-supereffective|p1a: Heatran
|-crit|p1a: Heatran
|-damage|p1a: Heatran|59/100
|
|-damage|p2a: Toxapex|58/100|[from] move: Magma Storm|[partiallytrapped]
|upkeep
|turn|56
|
|t:|1641708226
|switch|p2a: Landorus|Landorus-Therian, M|68/100
|-ability|p2a: Landorus|Intimidate|boost
|-unboost|p1a: Heatran|atk|1
|move|p1a: Heatran|Magma Storm|p2a: Landorus
|-damage|p2a: Landorus|35/100
|-activate|p2a: Landorus|move: Magma Storm|[of] p1a: Heatran
|
|-heal|p2a: Landorus|41/100|[from] item: Leftovers
|-damage|p2a: Landorus|29/100|[from] move: Magma Storm|[partiallytrapped]
|upkeep
|turn|57
|
|t:|1641708236
|switch|p1a: Buzzwole|Buzzwole|72/100
|move|p2a: Landorus|Stealth Rock|p1a: Buzzwole
|-sidestart|p1: A_Stupid_Fish|move: Stealth Rock
|
|-heal|p2a: Landorus|35/100|[from] item: Leftovers
|-end|p2a: Landorus|Magma Storm|[partiallytrapped]|[silent]
|upkeep
|turn|58
|
|t:|1641708246
|switch|p2a: Toxapex|Toxapex, M|92/100
|-damage|p2a: Toxapex|79/100|[from] Spikes
|move|p1a: Buzzwole|Ice Punch|p2a: Toxapex
|-resisted|p2a: Toxapex
|-damage|p2a: Toxapex|70/100
|
|upkeep
|turn|59
|
|t:|1641708255
|move|p1a: Buzzwole|Close Combat|p2a: Toxapex
|-resisted|p2a: Toxapex
|-damage|p2a: Toxapex|48/100
|-unboost|p1a: Buzzwole|def|1
|-unboost|p1a: Buzzwole|spd|1
|move|p2a: Toxapex|Scald|p1a: Buzzwole
|-damage|p1a: Buzzwole|33/100
|
|upkeep
|turn|60
|
|t:|1641708263
|switch|p1a: Ferrothorn|Ferrothorn, F|51/100
|-damage|p1a: Ferrothorn|45/100|[from] Stealth Rock
|move|p2a: Toxapex|Recover|p2a: Toxapex
|-heal|p2a: Toxapex|98/100
|
|upkeep
|turn|61
|
|t:|1641708269
|switch|p2a: Zarude|Zarude|76/100
|-damage|p2a: Zarude|64/100|[from] Spikes
|move|p1a: Ferrothorn|Leech Seed|p2a: Zarude
|-immune|p2a: Zarude
|
|upkeep
|turn|62
|
|t:|1641708276
|switch|p1a: Buzzwole|Buzzwole|33/100
|move|p2a: Zarude|Jungle Healing|p2a: Zarude
|-heal|p2a: Zarude|89/100
|
|upkeep
|turn|63
|
|t:|1641708282
|switch|p2a: Toxapex|Toxapex, M|100/100
|-damage|p2a: Toxapex|88/100|[from] Spikes
|move|p1a: Buzzwole|Ice Punch|p2a: Toxapex
|-resisted|p2a: Toxapex
|-damage|p2a: Toxapex|79/100
|
|upkeep
|turn|64
|
|t:|1641708289
|move|p1a: Buzzwole|Roost|p1a: Buzzwole
|-heal|p1a: Buzzwole|83/100
|-singleturn|p1a: Buzzwole|move: Roost
|move|p2a: Toxapex|Scald|p1a: Buzzwole
|-damage|p1a: Buzzwole|57/100
|-status|p1a: Buzzwole|brn
|
|-damage|p1a: Buzzwole|51/100 brn|[from] brn
|upkeep
|turn|65
|
|t:|1641708297
|move|p1a: Buzzwole|Roost|p1a: Buzzwole
|-heal|p1a: Buzzwole|100/100 brn
|-singleturn|p1a: Buzzwole|move: Roost
|move|p2a: Toxapex|Knock Off|p1a: Buzzwole
|-resisted|p1a: Buzzwole
|-damage|p1a: Buzzwole|96/100 brn
|-enditem|p1a: Buzzwole|Heavy-Duty Boots|[from] move: Knock Off|[of] p2a: Toxapex
|
|-damage|p1a: Buzzwole|90/100 brn|[from] brn
|upkeep
|turn|66
|
|t:|1641708307
|switch|p1a: Ferrothorn|Ferrothorn, F|45/100
|-damage|p1a: Ferrothorn|39/100|[from] Stealth Rock
|move|p2a: Toxapex|Scald|p1a: Ferrothorn
|-resisted|p1a: Ferrothorn
|-damage|p1a: Ferrothorn|31/100
|
|upkeep
|turn|67
|
|t:|1641708314
|switch|p2a: Zarude|Zarude|89/100
|-damage|p2a: Zarude|76/100|[from] Spikes
|move|p1a: Ferrothorn|Gyro Ball|p2a: Zarude
|-damage|p2a: Zarude|27/100
|
|upkeep
|turn|68
|
|t:|1641708321
|move|p2a: Zarude|Darkest Lariat|p1a: Ferrothorn
|-damage|p1a: Ferrothorn|6/100
|-damage|p2a: Zarude|14/100|[from] ability: Iron Barbs|[of] p1a: Ferrothorn
|move|p1a: Ferrothorn|Leech Seed|p2a: Zarude
|-immune|p2a: Zarude
|
|upkeep
|turn|69
|
|t:|1641708328
|move|p2a: Zarude|Darkest Lariat|p1a: Ferrothorn
|-damage|p1a: Ferrothorn|0 fnt
|-damage|p2a: Zarude|2/100|[from] ability: Iron Barbs|[of] p1a: Ferrothorn
|faint|p1a: Ferrothorn
|
|upkeep
|
|t:|1641708337
|switch|p1a: Landorus|Landorus-Therian, M|100/100
|-damage|p1a: Landorus|88/100|[from] Stealth Rock
|-ability|p1a: Landorus|Intimidate|boost
|-unboost|p2a: Zarude|atk|1
|turn|70
|
|t:|1641708358
|switch|p2a: Corviknight|Corviknight, M|35/100
|-ability|p2a: Corviknight|Pressure
|move|p1a: Landorus|U-turn|p2a: Corviknight
|-resisted|p2a: Corviknight
|-damage|p2a: Corviknight|32/100
|
|t:|1641708361
|switch|p1a: Heatran|Heatran, M|59/100|[from]move: U-turn
|-damage|p1a: Heatran|46/100|[from] Stealth Rock
|
|upkeep
|turn|71
|
|t:|1641708367
|switch|p2a: Toxapex|Toxapex, M|100/100
|-damage|p2a: Toxapex|88/100|[from] Spikes
|move|p1a: Heatran|Magma Storm|p2a: Toxapex
|-resisted|p2a: Toxapex
|-damage|p2a: Toxapex|71/100
|-activate|p2a: Toxapex|move: Magma Storm|[of] p1a: Heatran
|
|-damage|p2a: Toxapex|59/100|[from] move: Magma Storm|[partiallytrapped]
|upkeep
|turn|72
|
|t:|1641708377
|move|p1a: Heatran|Earth Power|p2a: Toxapex
|-supereffective|p2a: Toxapex
|-damage|p2a: Toxapex|23/100
|move|p2a: Toxapex|Recover|p2a: Toxapex
|-heal|p2a: Toxapex|73/100
|
|-damage|p2a: Toxapex|61/100|[from] move: Magma Storm|[partiallytrapped]
|upkeep
|turn|73
|
|t:|1641708385
|switch|p1a: Landorus|Landorus-Therian, M|88/100
|-damage|p1a: Landorus|76/100|[from] Stealth Rock
|-ability|p1a: Landorus|Intimidate|boost
|-unboost|p2a: Toxapex|atk|1
|move|p2a: Toxapex|Recover|p2a: Toxapex
|-heal|p2a: Toxapex|100/100
|
|-heal|p1a: Landorus|82/100|[from] item: Leftovers
|-end|p2a: Toxapex|Magma Storm|[partiallytrapped]|[silent]
|upkeep
|turn|74
|
|t:|1641708394
|move|p1a: Landorus|U-turn|p2a: Toxapex
|-resisted|p2a: Toxapex
|-damage|p2a: Toxapex|93/100
|
|t:|1641708396
|switch|p1a: Tapu Lele|Tapu Lele|100/100|[from]move: U-turn
|-damage|p1a: Tapu Lele|88/100|[from] Stealth Rock
|-fieldstart|move: Psychic Terrain|[from] ability: Psychic Surge|[of] p1a: Tapu Lele
|move|p2a: Toxapex|Knock Off|p1a: Tapu Lele
|-damage|p1a: Tapu Lele|73/100
|-enditem|p1a: Tapu Lele|Choice Scarf|[from] move: Knock Off|[of] p2a: Toxapex
|
|upkeep
|turn|75
|
|t:|1641708405
|switch|p2a: Corviknight|Corviknight, M|32/100
|-ability|p2a: Corviknight|Pressure
|move|p1a: Tapu Lele|Psychic|p2a: Corviknight
|-resisted|p2a: Corviknight
|-damage|p2a: Corviknight|7/100
|
|upkeep
|turn|76
|
|t:|1641708415
|move|p1a: Tapu Lele|Psychic|p2a: Corviknight
|-resisted|p2a: Corviknight
|-damage|p2a: Corviknight|0 fnt
|faint|p2a: Corviknight
|
|upkeep
|
|t:|1641708420
|switch|p2a: Blacephalon|Blacephalon|100/100
|-damage|p2a: Blacephalon|88/100|[from] Spikes
|turn|77
|
|t:|1641708425
|switch|p1a: Landorus|Landorus-Therian, M|82/100
|-damage|p1a: Landorus|70/100|[from] Stealth Rock
|-ability|p1a: Landorus|Intimidate|boost
|-unboost|p2a: Blacephalon|atk|1
|move|p2a: Blacephalon|Shadow Ball|p1a: Landorus
|-damage|p1a: Landorus|30/100
|
|-heal|p1a: Landorus|36/100|[from] item: Leftovers
|upkeep
|turn|78
|
|t:|1641708434
|switch|p1a: Toxapex|Toxapex, M|90/100
|-damage|p1a: Toxapex|77/100|[from] Stealth Rock
|move|p2a: Blacephalon|Shadow Ball|p1a: Toxapex
|-damage|p1a: Toxapex|38/100
|
|-heal|p1a: Toxapex|44/100|[from] item: Black Sludge
|-fieldend|move: Psychic Terrain
|upkeep
|turn|79
|
|t:|1641708446
|move|p2a: Blacephalon|Shadow Ball|p1a: Toxapex
|-damage|p1a: Toxapex|8/100
|move|p1a: Toxapex|Recover|p1a: Toxapex
|-heal|p1a: Toxapex|58/100
|
|-heal|p1a: Toxapex|64/100|[from] item: Black Sludge
|upkeep
|turn|80
|
|t:|1641708453
|move|p2a: Blacephalon|Shadow Ball|p1a: Toxapex
|-damage|p1a: Toxapex|28/100
|move|p1a: Toxapex|Scald|p2a: Blacephalon
|-supereffective|p2a: Blacephalon
|-damage|p2a: Blacephalon|30/100
|
|-heal|p1a: Toxapex|35/100|[from] item: Black Sludge
|upkeep
|turn|81
|
|t:|1641708464
|switch|p1a: Buzzwole|Buzzwole|90/100 brn
|-damage|p1a: Buzzwole|77/100 brn|[from] Stealth Rock
|move|p2a: Blacephalon|Shadow Ball|p1a: Buzzwole
|-crit|p1a: Buzzwole
|-damage|p1a: Buzzwole|0 fnt
|faint|p1a: Buzzwole
|-ability|p2a: Blacephalon|Beast Boost|boost
|-boost|p2a: Blacephalon|spa|1
|
|upkeep
|
|t:|1641708468
|switch|p1a: Toxapex|Toxapex, M|68/100
|-damage|p1a: Toxapex|55/100|[from] Stealth Rock
|turn|82
|
|t:|1641708476
|move|p2a: Blacephalon|Shadow Ball|p1a: Toxapex
|-damage|p1a: Toxapex|0 fnt
|faint|p1a: Toxapex
|-ability|p2a: Blacephalon|Beast Boost|boost
|-boost|p2a: Blacephalon|spa|1
|
|upkeep
|
|t:|1641708480
|switch|p1a: Tapu Lele|Tapu Lele|73/100
|-damage|p1a: Tapu Lele|61/100|[from] Stealth Rock
|-fieldstart|move: Psychic Terrain|[from] ability: Psychic Surge|[of] p1a: Tapu Lele
|turn|83
|
|t:|1641708485
|move|p2a: Blacephalon|Shadow Ball|p1a: Tapu Lele
|-supereffective|p1a: Tapu Lele
|-damage|p1a: Tapu Lele|0 fnt
|faint|p1a: Tapu Lele
|-ability|p2a: Blacephalon|Beast Boost|boost
|-boost|p2a: Blacephalon|spa|1
|
|upkeep
|-message|A_Stupid_Fish forfeited.
|
|win|alkazoth
|raw|A_Stupid_Fish's rating: 1557 &rarr; <strong>1535</strong><br />(-22 for losing)
|raw|alkazoth's rating: 1521 &rarr; <strong>1543</strong><br />(+22 for winning)
|l|☆A_Stupid_Fish
