|j|☆MonstersOutside
|j|☆PokeDumbBoy
|t:|1641738946
|gametype|singles
|player|p1|MonstersOutside|blue|1232
|player|p2|PokeDumbBoy|unknown|1276
|teamsize|p1|6
|teamsize|p2|6
|gen|8
|tier|[Gen 8] OU
|rated|
|rule|Sleep Clause Mod: Limit one foe put to sleep
|rule|Species Clause: Limit one of each Pokémon
|rule|OHKO Clause: OHKO moves are banned
|rule|Evasion Moves Clause: Evasion moves are banned
|rule|Endless Battle Clause: Forcing endless battles is banned
|rule|HP Percentage Mod: HP is shown in percentages
|rule|Dynamax Clause: You cannot dynamax
|clearpoke
|poke|p1|Blastoise, M|
|poke|p1|Arcanine, M|
|poke|p1|Alakazam, M|
|poke|p1|Snorlax, M|
|poke|p1|Dragonite, M|
|poke|p1|Mew|
|poke|p2|Beheeyem, M|
|poke|p2|Terrakion|
|poke|p2|Dragapult, F|
|poke|p2|Rotom-Wash|
|poke|p2|Landorus-Therian, M|
|poke|p2|Scizor, M|
|teampreview
|inactive|Battle timer is ON: inactive players will automatically lose when time's up. (requested by MonstersOutside)
|inactive|PokeDumbBoy also wants the timer to be on.
|
|t:|1641738959
|start
|switch|p1a: Mew|Mew|100/100
|switch|p2a: Beheeyem|Beheeyem, M, shiny|100/100
|turn|1
|
|t:|1641738964
|switch|p1a: Snorlax|Snorlax, M|100/100
|move|p2a: Beheeyem|Future Sight|p1a: Snorlax
|-start|p2a: Beheeyem|move: Future Sight
|
|upkeep
|turn|2
|
|t:|1641738973
|switch|p2a: Landorus|Landorus-Therian, M|100/100
|-ability|p2a: Landorus|Intimidate|boost
|-unboost|p1a: Snorlax|atk|1
|switch|p1a: Mew|Mew|100/100
|
|upkeep
|turn|3
|
|t:|1641738984
|move|p1a: Mew|Ice Beam|p2a: Landorus
|-supereffective|p2a: Landorus
|-crit|p2a: Landorus
|-damage|p2a: Landorus|0 fnt
|faint|p2a: Landorus
|
|-end|p1a: Mew|move: Future Sight
|-resisted|p1a: Mew
|-damage|p1a: Mew|69/100
|upkeep
|
|t:|1641738990
|switch|p2a: Scizor|Scizor, M, shiny|100/100
|turn|4
|
|t:|1641738997
|switch|p1a: Arcanine|Arcanine, M|100/100
|-ability|p1a: Arcanine|Intimidate|boost
|-unboost|p2a: Scizor|atk|1
|move|p2a: Scizor|U-turn|p1a: Arcanine
|-resisted|p1a: Arcanine
|-damage|p1a: Arcanine|93/100
|-damage|p2a: Scizor|84/100|[from] item: Rocky Helmet|[of] p1a: Arcanine
|
|t:|1641739011
|switch|p2a: Rotom|Rotom-Wash, shiny|100/100|[from]move: U-turn
|
|upkeep
|turn|5
|
|t:|1641739016
|switch|p1a: Mew|Mew|69/100
|move|p2a: Rotom|Thunder Wave|p1a: Mew
|-status|p1a: Mew|par
|-activate|p1a: Mew|ability: Synchronize
|-immune|p2a: Rotom
|
|upkeep
|turn|6
|
|t:|1641739028
|move|p2a: Rotom|Volt Switch|p1a: Mew
|-damage|p1a: Mew|42/100 par
|
|t:|1641739033
|switch|p2a: Beheeyem|Beheeyem, M, shiny|100/100|[from]move: Volt Switch
|move|p1a: Mew|Overheat|p2a: Beheeyem
|-damage|p2a: Beheeyem|58/100
|-unboost|p1a: Mew|spa|2
|
|upkeep
|turn|7
|
|t:|1641739051
|switch|p1a: Snorlax|Snorlax, M|100/100
|move|p2a: Beheeyem|Future Sight|p1a: Snorlax
|-start|p2a: Beheeyem|move: Future Sight
|
|upkeep
|turn|8
|
|t:|1641739064
|-singleturn|p1a: Snorlax|move: Focus Punch
|switch|p2a: Rotom|Rotom-Wash, shiny|100/100
|move|p1a: Snorlax|Focus Punch|p2a: Rotom
|-damage|p2a: Rotom|43/100
|
|-heal|p2a: Rotom|49/100|[from] item: Leftovers
|upkeep
|turn|9
|
|t:|1641739074
|switch|p1a: Mew|Mew|42/100 par
|move|p2a: Rotom|Thunder Wave|p1a: Mew
|-fail|p1a: Mew|par
|
|-end|p1a: Mew|move: Future Sight
|-resisted|p1a: Mew
|-damage|p1a: Mew|10/100 par
|-heal|p2a: Rotom|55/100|[from] item: Leftovers
|upkeep
|turn|10
|
|t:|1641739083
|move|p2a: Rotom|Volt Switch|p1a: Mew
|-damage|p1a: Mew|0 fnt
|faint|p1a: Mew
|
|t:|1641739108
|switch|p2a: Beheeyem|Beheeyem, M, shiny|58/100|[from]move: Volt Switch
|
|upkeep
|
|t:|1641739115
|switch|p1a: Snorlax|Snorlax, M|100/100
|turn|11
|
|t:|1641739119
|move|p2a: Beheeyem|Future Sight|p1a: Snorlax
|-start|p2a: Beheeyem|move: Future Sight
|move|p1a: Snorlax|Gunk Shot|p2a: Beheeyem
|-damage|p2a: Beheeyem|2/100
|
|upkeep
|turn|12
|
|t:|1641739130
|switch|p2a: Dragapult|Dragapult, F|100/100
|move|p1a: Snorlax|Rock Slide|p2a: Dragapult
|-damage|p2a: Dragapult|65/100
|
|upkeep
|turn|13
|
|t:|1641739137
|move|p2a: Dragapult|Thunder Wave|p1a: Snorlax
|-status|p1a: Snorlax|par
|cant|p1a: Snorlax|par
|
|-end|p1a: Snorlax|move: Future Sight
|-damage|p1a: Snorlax|76/100 par
|upkeep
|turn|14
|
|t:|1641739147
|move|p2a: Dragapult|Draco Meteor|p1a: Snorlax
|-damage|p1a: Snorlax|54/100 par
|-unboost|p2a: Dragapult|spa|2
|move|p1a: Snorlax|Earthquake|p2a: Dragapult
|-damage|p2a: Dragapult|15/100
|
|upkeep
|turn|15
|
|t:|1641739157
|switch|p1a: Alakazam|Alakazam, M|100/100
|move|p2a: Dragapult|U-turn|p1a: Alakazam
|-supereffective|p1a: Alakazam
|-damage|p1a: Alakazam|10/100
|
|t:|1641739162
|switch|p2a: Scizor|Scizor, M, shiny|84/100|[from]move: U-turn
|
|-heal|p2a: Scizor|90/100|[from] item: Leftovers
|upkeep
|turn|16
|
|t:|1641739168
|switch|p1a: Arcanine|Arcanine, M|93/100
|-ability|p1a: Arcanine|Intimidate|boost
|-unboost|p2a: Scizor|atk|1
|move|p2a: Scizor|Bullet Punch|p1a: Arcanine
|-resisted|p1a: Arcanine
|-damage|p1a: Arcanine|87/100
|-damage|p2a: Scizor|73/100|[from] item: Rocky Helmet|[of] p1a: Arcanine
|
|-heal|p2a: Scizor|80/100|[from] item: Leftovers
|upkeep
|turn|17
|
|t:|1641739184
|switch|p1a: Alakazam|Alakazam, M|10/100
|switch|p2a: Rotom|Rotom-Wash, shiny|55/100
|
|-heal|p2a: Rotom|61/100|[from] item: Leftovers
|upkeep
|turn|18
|
|t:|1641739199
|move|p1a: Alakazam|Psychic|p2a: Rotom
|-damage|p2a: Rotom|13/100
|move|p2a: Rotom|Volt Switch|p1a: Alakazam
|-damage|p1a: Alakazam|0 fnt
|faint|p1a: Alakazam
|
|t:|1641739207
|switch|p2a: Beheeyem|Beheeyem, M, shiny|2/100|[from]move: Volt Switch
|
|upkeep
|
|t:|1641739222
|switch|p1a: Blastoise|Blastoise, M|100/100
|turn|19
|
|t:|1641739228
|move|p1a: Blastoise|Shell Smash|p1a: Blastoise
|-unboost|p1a: Blastoise|def|1
|-unboost|p1a: Blastoise|spd|1
|-boost|p1a: Blastoise|atk|2
|-boost|p1a: Blastoise|spa|2
|-boost|p1a: Blastoise|spe|2
|move|p2a: Beheeyem|Thunderbolt|p1a: Blastoise
|-supereffective|p1a: Blastoise
|-enditem|p1a: Blastoise|Focus Sash
|-damage|p1a: Blastoise|1/100
|
|upkeep
|turn|20
|
|t:|1641739237
|move|p1a: Blastoise|Ice Beam|p2a: Beheeyem
|-damage|p2a: Beheeyem|0 fnt
|faint|p2a: Beheeyem
|
|upkeep
|
|t:|1641739249
|switch|p2a: Terrakion|Terrakion, shiny|100/100
|turn|21
|
|t:|1641739253
|move|p2a: Terrakion|Quick Attack|p1a: Blastoise
|-damage|p1a: Blastoise|0 fnt
|faint|p1a: Blastoise
|
|upkeep
|
|t:|1641739255
|switch|p1a: Arcanine|Arcanine, M|87/100
|-ability|p1a: Arcanine|Intimidate|boost
|-unboost|p2a: Terrakion|atk|1
|turn|22
|
|t:|1641739262
|switch|p2a: Rotom|Rotom-Wash, shiny|13/100
|move|p1a: Arcanine|Burn Up|p2a: Rotom
|-resisted|p2a: Rotom
|-damage|p2a: Rotom|0 fnt
|-start|p1a: Arcanine|typechange|???|[from] move: Burn Up
|faint|p2a: Rotom
|
|upkeep
|
|t:|1641739273
|switch|p2a: Dragapult|Dragapult, F|15/100
|turn|23
|
|t:|1641739292
|switch|p1a: Snorlax|Snorlax, M|54/100 par
|move|p2a: Dragapult|Thunder Wave|p1a: Snorlax
|-fail|p1a: Snorlax|par
|
|upkeep
|turn|24
|
|t:|1641739299
|move|p2a: Dragapult|U-turn|p1a: Snorlax
|-damage|p1a: Snorlax|33/100 par
|
|t:|1641739304
|switch|p2a: Scizor|Scizor, M, shiny|80/100|[from]move: U-turn
|move|p1a: Snorlax|Earthquake|p2a: Scizor
|-damage|p2a: Scizor|52/100
|
|-heal|p2a: Scizor|58/100|[from] item: Leftovers
|upkeep
|turn|25
|
|t:|1641739310
|switch|p1a: Arcanine|Arcanine, M|87/100
|-ability|p1a: Arcanine|Intimidate|boost
|-unboost|p2a: Scizor|atk|1
|move|p2a: Scizor|Roost|p2a: Scizor
|-heal|p2a: Scizor|100/100
|-singleturn|p2a: Scizor|move: Roost
|
|upkeep
|turn|26
|
|t:|1641739327
|switch|p2a: Dragapult|Dragapult, F|15/100
|move|p1a: Arcanine|Burn Up|p2a: Dragapult
|-resisted|p2a: Dragapult
|-damage|p2a: Dragapult|0 fnt
|-start|p1a: Arcanine|typechange|???|[from] move: Burn Up
|faint|p2a: Dragapult
|
|upkeep
|
|t:|1641739334
|switch|p2a: Terrakion|Terrakion, shiny|100/100
|turn|27
|
|t:|1641739337
|move|p2a: Terrakion|Stone Edge|p1a: Arcanine
|-damage|p1a: Arcanine|28/100
|move|p1a: Arcanine|Close Combat|p2a: Terrakion
|-supereffective|p2a: Terrakion
|-damage|p2a: Terrakion|26/100
|-unboost|p1a: Arcanine|def|1
|-unboost|p1a: Arcanine|spd|1
|
|upkeep
|turn|28
|
|t:|1641739344
|switch|p1a: Snorlax|Snorlax, M|33/100 par
|move|p2a: Terrakion|Stone Edge|p1a: Snorlax|[miss]
|-miss|p2a: Terrakion|p1a: Snorlax
|
|upkeep
|turn|29
|
|t:|1641739348
|move|p2a: Terrakion|Stone Edge|p1a: Snorlax
|-crit|p1a: Snorlax
|-damage|p1a: Snorlax|0 fnt
|faint|p1a: Snorlax
|
|upkeep
|
|t:|1641739352
|switch|p1a: Dragonite|Dragonite, M|100/100
|turn|30
|
|t:|1641739356
|move|p2a: Terrakion|Stone Edge|p1a: Dragonite
|-supereffective|p1a: Dragonite
|-damage|p1a: Dragonite|49/100
|move|p1a: Dragonite|Body Press|p2a: Terrakion
|-supereffective|p2a: Terrakion
|-damage|p2a: Terrakion|0 fnt
|faint|p2a: Terrakion
|
|upkeep
|
|t:|1641739363
|switch|p2a: Scizor|Scizor, M, shiny|100/100
|turn|31
|
|t:|1641739368
|move|p1a: Dragonite|Roost|p1a: Dragonite
|-heal|p1a: Dragonite|99/100
|-singleturn|p1a: Dragonite|move: Roost
|move|p2a: Scizor|Swords Dance|p2a: Scizor
|-boost|p2a: Scizor|atk|2
|
|upkeep
|turn|32
|
|t:|1641739371
|move|p1a: Dragonite|Body Press|p2a: Scizor
|-damage|p2a: Scizor|79/100
|move|p2a: Scizor|Swords Dance|p2a: Scizor
|-boost|p2a: Scizor|atk|2
|
|-heal|p2a: Scizor|85/100|[from] item: Leftovers
|upkeep
|turn|33
|
|t:|1641739374
|move|p1a: Dragonite|Body Press|p2a: Scizor
|-damage|p2a: Scizor|63/100
|move|p2a: Scizor|Swords Dance|p2a: Scizor
|-boost|p2a: Scizor|atk|2
|
|-heal|p2a: Scizor|70/100|[from] item: Leftovers
|upkeep
|turn|34
|
|t:|1641739377
|move|p1a: Dragonite|Body Press|p2a: Scizor
|-damage|p2a: Scizor|50/100
|move|p2a: Scizor|Roost|p2a: Scizor
|-heal|p2a: Scizor|99/100
|-singleturn|p2a: Scizor|move: Roost
|
|-heal|p2a: Scizor|100/100|[from] item: Leftovers
|upkeep
|turn|35
|
|t:|1641739380
|move|p2a: Scizor|Bullet Punch|p1a: Dragonite
|-damage|p1a: Dragonite|28/100
|-damage|p2a: Scizor|84/100|[from] item: Rocky Helmet|[of] p1a: Dragonite
|move|p1a: Dragonite|Body Press|p2a: Scizor
|-damage|p2a: Scizor|63/100
|
|-heal|p2a: Scizor|69/100|[from] item: Leftovers
|upkeep
|turn|36
|
|t:|1641739384
|move|p1a: Dragonite|Body Press|p2a: Scizor
|-damage|p2a: Scizor|49/100
|move|p2a: Scizor|Roost|p2a: Scizor
|-heal|p2a: Scizor|99/100
|-singleturn|p2a: Scizor|move: Roost
|
|-heal|p2a: Scizor|100/100|[from] item: Leftovers
|upkeep
|turn|37
|
|t:|1641739389
|move|p1a: Dragonite|Extreme Speed|p2a: Scizor
|-resisted|p2a: Scizor
|-damage|p2a: Scizor|90/100
|move|p2a: Scizor|Bullet Punch|p1a: Dragonite
|-damage|p1a: Dragonite|0 fnt
|-damage|p2a: Scizor|74/100|[from] item: Rocky Helmet|[of] p1a: Dragonite
|faint|p1a: Dragonite
|
|-heal|p2a: Scizor|80/100|[from] item: Leftovers
|upkeep
|
|t:|1641739392
|switch|p1a: Arcanine|Arcanine, M|28/100
|-ability|p1a: Arcanine|Intimidate|boost
|-unboost|p2a: Scizor|atk|1
|turn|38
|
|t:|1641739399
|move|p2a: Scizor|Bullet Punch|p1a: Arcanine
|-resisted|p1a: Arcanine
|-damage|p1a: Arcanine|0 fnt
|-damage|p2a: Scizor|63/100|[from] item: Rocky Helmet|[of] p1a: Arcanine
|faint|p1a: Arcanine
|
|win|PokeDumbBoy
|raw|MonstersOutside's rating: 1232 &rarr; <strong>1210</strong><br />(-22 for losing)
|raw|PokeDumbBoy's rating: 1276 &rarr; <strong>1298</strong><br />(+22 for winning)
|c|☆PokeDumbBoy|Gg
|l|☆MonstersOutside
