|j|☆Emblema de Fuego
|j|☆CloudNineIsGoated
|t:|1641780817
|gametype|singles
|player|p1|Emblema de Fuego|102|1730
|player|p2|CloudNineIsGoated|170|1676
|teamsize|p1|6
|teamsize|p2|6
|gen|8
|tier|[Gen 8] OU
|rated|
|rule|Sleep Clause Mod: Limit one foe put to sleep
|rule|Species Clause: Limit one of each Pokémon
|rule|OHKO Clause: OHKO moves are banned
|rule|Evasion Moves Clause: Evasion moves are banned
|rule|Endless Battle Clause: Forcing endless battles is banned
|rule|HP Percentage Mod: HP is shown in percentages
|rule|Dynamax Clause: You cannot dynamax
|clearpoke
|poke|p1|Marowak-Alola, M|
|poke|p1|Slowbro, M|
|poke|p1|Hatterene, F|
|poke|p1|Garchomp, M|
|poke|p1|Ferrothorn, M|
|poke|p1|Drampa, M|
|poke|p2|Garchomp, F|
|poke|p2|Tornadus-Therian, M|
|poke|p2|Blissey, F|
|poke|p2|Mew|
|poke|p2|Umbreon, M|
|poke|p2|Toxapex, F|
|teampreview
|j| Poliboiz
|inactive|Battle timer is ON: inactive players will automatically lose when time's up. (requested by CloudNineIsGoated)
|
|t:|1641780833
|start
|switch|p1a: Sharko|Garchomp, M|100/100
|switch|p2a: Garchomp|Garchomp, F|100/100
|turn|1
|j| YousuckIampro
|
|t:|1641780841
|switch|p1a: Sonso|Slowbro, M|100/100
|move|p2a: Garchomp|Toxic|p1a: Sonso|[miss]
|-miss|p2a: Garchomp|p1a: Sonso
|
|upkeep
|turn|2
|
|t:|1641780848
|switch|p2a: Tornadus|Tornadus-Therian, M|100/100
|switch|p1a: Gorra|Hatterene, F, shiny|100/100
|
|upkeep
|turn|3
|
|t:|1641780854
|move|p2a: Tornadus|Knock Off|p1a: Gorra
|-damage|p1a: Gorra|78/100
|-enditem|p1a: Gorra|Kasib Berry|[from] move: Knock Off|[of] p2a: Tornadus
|move|p1a: Gorra|Trick Room|p1a: Gorra
|-fieldstart|move: Trick Room|[of] p1a: Gorra
|
|upkeep
|turn|4
|
|t:|1641780860
|switch|p1a: Falkor|Drampa, M|100/100
|move|p2a: Tornadus|Knock Off|p1a: Falkor
|-damage|p1a: Falkor|80/100
|-enditem|p1a: Falkor|Life Orb|[from] move: Knock Off|[of] p2a: Tornadus
|
|upkeep
|turn|5
|j| 4seulgi
|
|t:|1641780886
|switch|p2a: Blissey|Blissey, F|100/100
|move|p1a: Falkor|Thunderbolt|p2a: Blissey
|-damage|p2a: Blissey|87/100
|
|upkeep
|turn|6
|inactive|Emblema de Fuego has 120 seconds left.
|
|t:|1641780933
|switch|p1a: Billy B.|Marowak-Alola, M, shiny|100/100
|move|p2a: Blissey|Toxic|p1a: Billy B.
|-status|p1a: Billy B.|tox
|
|-damage|p1a: Billy B.|94/100 tox|[from] psn
|upkeep
|turn|7
|
|t:|1641780941
|switch|p2a: Toxapex|Toxapex, F|100/100
|move|p1a: Billy B.|Poltergeist|p2a: Toxapex
|-activate|p2a: Toxapex|move: Poltergeist|Rocky Helmet
|-damage|p2a: Toxapex|44/100
|
|-damage|p1a: Billy B.|82/100 tox|[from] psn
|-fieldend|move: Trick Room
|upkeep
|turn|8
|
|t:|1641780951
|switch|p1a: Thorns|Ferrothorn, M|100/100
|switch|p2a: Tornadus|Tornadus-Therian, M|100/100
|
|upkeep
|turn|9
|inactive|Emblema de Fuego has 120 seconds left.
|
|t:|1641780956
|move|p2a: Tornadus|Heat Wave|p1a: Thorns
|-supereffective|p1a: Thorns
|-damage|p1a: Thorns|37/100
|-status|p1a: Thorns|brn
|move|p1a: Thorns|Gyro Ball|p2a: Tornadus
|-damage|p2a: Tornadus|76/100
|
|-damage|p1a: Thorns|31/100 brn|[from] brn
|upkeep
|turn|10
|
|t:|1641780965
|switch|p1a: Sonso|Slowbro, M|100/100
|move|p2a: Tornadus|Heat Wave|p1a: Sonso
|-resisted|p1a: Sonso
|-damage|p1a: Sonso|88/100
|
|upkeep
|turn|11
|
|t:|1641780973
|move|p2a: Tornadus|Knock Off|p1a: Sonso
|-supereffective|p1a: Sonso
|-enditem|p1a: Sonso|Colbur Berry|[eat]
|-enditem|p1a: Sonso|Colbur Berry|[weaken]
|-damage|p1a: Sonso|77/100
|move|p1a: Sonso|Trick Room|p1a: Sonso
|-fieldstart|move: Trick Room|[of] p1a: Sonso
|
|upkeep
|turn|12
|
|t:|1641780979
|switch|p1a: Thorns|Ferrothorn, M|31/100 brn
|move|p2a: Tornadus|U-turn|p1a: Thorns
|-damage|p1a: Thorns|20/100 brn
|-damage|p2a: Tornadus|63/100|[from] ability: Iron Barbs|[of] p1a: Thorns
|
|t:|1641780985
|switch|p2a: Toxapex|Toxapex, F|77/100|[from]move: U-turn
|
|-damage|p1a: Thorns|13/100 brn|[from] brn
|upkeep
|turn|13
|
|t:|1641780992
|move|p1a: Thorns|Stealth Rock|p2a: Toxapex
|-sidestart|p2: CloudNineIsGoated|move: Stealth Rock
|move|p2a: Toxapex|Toxic Spikes|p1a: Thorns
|-sidestart|p1: Emblema de Fuego|move: Toxic Spikes
|
|-damage|p1a: Thorns|7/100 brn|[from] brn
|upkeep
|turn|14
|
|t:|1641781000
|move|p1a: Thorns|Leech Seed|p2a: Toxapex|[miss]
|-miss|p1a: Thorns|p2a: Toxapex
|move|p2a: Toxapex|Scald|p1a: Thorns
|-resisted|p1a: Thorns
|-damage|p1a: Thorns|1/100 brn
|
|-damage|p1a: Thorns|0 fnt|[from] brn
|faint|p1a: Thorns
|upkeep
|j| OUTH MO
|
|t:|1641781013
|switch|p1a: Falkor|Drampa, M|80/100
|-status|p1a: Falkor|psn
|turn|15
|
|t:|1641781019
|switch|p2a: Blissey|Blissey, F|87/100
|move|p1a: Falkor|Thunderbolt|p2a: Blissey
|-crit|p2a: Blissey
|-damage|p2a: Blissey|69/100
|
|-damage|p1a: Falkor|67/100 psn|[from] psn
|-fieldend|move: Trick Room
|upkeep
|turn|16
|
|t:|1641781027
|move|p1a: Falkor|Focus Blast|p2a: Blissey
|-supereffective|p2a: Blissey
|-damage|p2a: Blissey|35/100
|move|p2a: Blissey|Teleport|p2a: Blissey
|
|t:|1641781045
|switch|p2a: Mew|Mew|100/100|[from]move: Teleport
|-damage|p2a: Mew|88/100|[from] Stealth Rock
|
|-heal|p2a: Mew|94/100|[from] item: Leftovers
|-damage|p1a: Falkor|55/100 psn|[from] psn
|upkeep
|turn|17
|
|t:|1641781053
|move|p2a: Mew|Night Shade|p1a: Falkor
|-immune|p1a: Falkor
|move|p1a: Falkor|Roost|p1a: Falkor
|-heal|p1a: Falkor|100/100 psn
|-singleturn|p1a: Falkor|move: Roost
|
|-heal|p2a: Mew|100/100|[from] item: Leftovers
|-damage|p1a: Falkor|88/100 psn|[from] psn
|upkeep
|turn|18
|l| Poliboiz
|
|t:|1641781063
|move|p2a: Mew|Taunt|p1a: Falkor
|-start|p1a: Falkor|move: Taunt
|move|p1a: Falkor|Hyper Voice|p2a: Mew
|-damage|p2a: Mew|53/100
|
|-heal|p2a: Mew|59/100|[from] item: Leftovers
|-damage|p1a: Falkor|76/100 psn|[from] psn
|upkeep
|turn|19
|
|t:|1641781071
|switch|p1a: Sharko|Garchomp, M|100/100
|-status|p1a: Sharko|psn
|move|p2a: Mew|Soft-Boiled|p2a: Mew
|-heal|p2a: Mew|100/100
|
|-damage|p1a: Sharko|88/100 psn|[from] psn
|upkeep
|turn|20
|
|t:|1641781081
|move|p1a: Sharko|Swords Dance|p1a: Sharko
|-boost|p1a: Sharko|atk|2
|move|p2a: Mew|Taunt|p1a: Sharko
|-start|p1a: Sharko|move: Taunt
|
|-heal|p1a: Sharko|94/100 psn|[from] item: Leftovers
|-damage|p1a: Sharko|82/100 psn|[from] psn
|upkeep
|turn|21
|
|t:|1641781091
|move|p1a: Sharko|Scale Shot|p2a: Mew
|-damage|p2a: Mew|85/100
|-damage|p2a: Mew|68/100
|-damage|p2a: Mew|50/100
|-damage|p2a: Mew|34/100
|-hitcount|p2a: Mew|4
|-unboost|p1a: Sharko|def|1
|-boost|p1a: Sharko|spe|1
|move|p2a: Mew|Night Shade|p1a: Sharko
|-damage|p1a: Sharko|54/100 psn
|
|-heal|p1a: Sharko|60/100 psn|[from] item: Leftovers
|-heal|p2a: Mew|40/100|[from] item: Leftovers
|-damage|p1a: Sharko|48/100 psn|[from] psn
|upkeep
|turn|22
|
|t:|1641781105
|move|p1a: Sharko|Earthquake|p2a: Mew
|-damage|p2a: Mew|0 fnt
|faint|p2a: Mew
|
|-heal|p1a: Sharko|54/100 psn|[from] item: Leftovers
|-damage|p1a: Sharko|42/100 psn|[from] psn
|upkeep
|
|t:|1641781108
|switch|p2a: Umbreon|Umbreon, M|100/100
|-damage|p2a: Umbreon|88/100|[from] Stealth Rock
|turn|23
|
|t:|1641781116
|switch|p1a: Falkor|Drampa, M|76/100 psn
|move|p2a: Umbreon|Foul Play|p1a: Falkor
|-damage|p1a: Falkor|56/100 psn
|
|-heal|p2a: Umbreon|94/100|[from] item: Leftovers
|-damage|p1a: Falkor|44/100 psn|[from] psn
|upkeep
|turn|24
|
|t:|1641781125
|move|p2a: Umbreon|Wish|p2a: Umbreon
|move|p1a: Falkor|Roost|p1a: Falkor
|-heal|p1a: Falkor|94/100 psn
|-singleturn|p1a: Falkor|move: Roost
|
|-heal|p2a: Umbreon|99/100|[from] item: Leftovers
|-damage|p1a: Falkor|82/100 psn|[from] psn
|upkeep
|turn|25
|l| 4seulgi
|
|t:|1641781134
|switch|p2a: Blissey|Blissey, F|35/100
|move|p1a: Falkor|Focus Blast|p2a: Blissey|[miss]
|-miss|p1a: Falkor|p2a: Blissey
|
|-heal|p2a: Blissey|63/100|[from] move: Wish|[wisher] Umbreon
|-damage|p1a: Falkor|70/100 psn|[from] psn
|upkeep
|turn|26
|c|☆Emblema de Fuego|of curse
|
|t:|1641781143
|move|p2a: Blissey|Soft-Boiled|p2a: Blissey
|-heal|p2a: Blissey|100/100
|move|p1a: Falkor|Roost|p1a: Falkor
|-heal|p1a: Falkor|100/100 psn
|-singleturn|p1a: Falkor|move: Roost
|
|-damage|p1a: Falkor|88/100 psn|[from] psn
|upkeep
|turn|27
|
|t:|1641781152
|move|p2a: Blissey|Seismic Toss|p1a: Falkor
|-damage|p1a: Falkor|60/100 psn
|move|p1a: Falkor|Hyper Voice|p2a: Blissey
|-damage|p2a: Blissey|82/100
|
|-damage|p1a: Falkor|48/100 psn|[from] psn
|upkeep
|turn|28
|
|t:|1641781159
|move|p2a: Blissey|Seismic Toss|p1a: Falkor
|-damage|p1a: Falkor|20/100 psn
|move|p1a: Falkor|Roost|p1a: Falkor
|-heal|p1a: Falkor|70/100 psn
|-singleturn|p1a: Falkor|move: Roost
|
|-damage|p1a: Falkor|58/100 psn|[from] psn
|upkeep
|turn|29
|l| YousuckIampro
|
|t:|1641781170
|move|p2a: Blissey|Seismic Toss|p1a: Falkor
|-damage|p1a: Falkor|30/100 psn
|-ability|p1a: Falkor|Berserk|boost
|-boost|p1a: Falkor|spa|1
|move|p1a: Falkor|Roost|p1a: Falkor
|-heal|p1a: Falkor|80/100 psn
|-singleturn|p1a: Falkor|move: Roost
|
|-damage|p1a: Falkor|68/100 psn|[from] psn
|upkeep
|turn|30
|
|t:|1641781179
|move|p2a: Blissey|Seismic Toss|p1a: Falkor
|-damage|p1a: Falkor|40/100 psn
|-ability|p1a: Falkor|Berserk|boost
|-boost|p1a: Falkor|spa|1
|move|p1a: Falkor|Roost|p1a: Falkor
|-heal|p1a: Falkor|90/100 psn
|-singleturn|p1a: Falkor|move: Roost
|
|-damage|p1a: Falkor|78/100 psn|[from] psn
|upkeep
|turn|31
|
|t:|1641781191
|move|p2a: Blissey|Seismic Toss|p1a: Falkor
|-damage|p1a: Falkor|50/100 psn
|-ability|p1a: Falkor|Berserk|boost
|-boost|p1a: Falkor|spa|1
|move|p1a: Falkor|Hyper Voice|p2a: Blissey
|-damage|p2a: Blissey|34/100
|
|-damage|p1a: Falkor|38/100 psn|[from] psn
|upkeep
|turn|32
|
|t:|1641781199
|move|p2a: Blissey|Soft-Boiled|p2a: Blissey
|-heal|p2a: Blissey|84/100
|move|p1a: Falkor|Roost|p1a: Falkor
|-heal|p1a: Falkor|88/100 psn
|-singleturn|p1a: Falkor|move: Roost
|
|-damage|p1a: Falkor|76/100 psn|[from] psn
|upkeep
|turn|33
|
|t:|1641781217
|move|p2a: Blissey|Seismic Toss|p1a: Falkor
|-damage|p1a: Falkor|48/100 psn
|-ability|p1a: Falkor|Berserk|boost
|-boost|p1a: Falkor|spa|1
|move|p1a: Falkor|Focus Blast|p2a: Blissey
|-supereffective|p2a: Blissey
|-damage|p2a: Blissey|0 fnt
|faint|p2a: Blissey
|
|-damage|p1a: Falkor|36/100 psn|[from] psn
|upkeep
|
|t:|1641781221
|switch|p2a: Toxapex|Toxapex, F|100/100
|-damage|p2a: Toxapex|88/100|[from] Stealth Rock
|turn|34
|
|t:|1641781230
|move|p2a: Toxapex|Haze|p2a: Toxapex
|-clearallboost
|move|p1a: Falkor|Roost|p1a: Falkor
|-heal|p1a: Falkor|86/100 psn
|-singleturn|p1a: Falkor|move: Roost
|
|-damage|p1a: Falkor|74/100 psn|[from] psn
|upkeep
|turn|35
|
|t:|1641781240
|move|p2a: Toxapex|Toxic Spikes|p1a: Falkor
|-sidestart|p1: Emblema de Fuego|move: Toxic Spikes
|move|p1a: Falkor|Thunderbolt|p2a: Toxapex
|-supereffective|p2a: Toxapex
|-damage|p2a: Toxapex|25/100
|
|-damage|p1a: Falkor|62/100 psn|[from] psn
|upkeep
|turn|36
|
|t:|1641781247
|switch|p2a: Umbreon|Umbreon, M|99/100
|-damage|p2a: Umbreon|88/100|[from] Stealth Rock
|move|p1a: Falkor|Hyper Voice|p2a: Umbreon
|-damage|p2a: Umbreon|54/100
|
|-heal|p2a: Umbreon|60/100|[from] item: Leftovers
|-damage|p1a: Falkor|49/100 psn|[from] psn
|upkeep
|turn|37
|
|t:|1641781256
|move|p2a: Umbreon|Wish|p2a: Umbreon
|move|p1a: Falkor|Focus Blast|p2a: Umbreon
|-supereffective|p2a: Umbreon
|-damage|p2a: Umbreon|0 fnt
|faint|p2a: Umbreon
|
|-damage|p1a: Falkor|37/100 psn|[from] psn
|upkeep
|
|t:|1641781265
|switch|p2a: Garchomp|Garchomp, F|100/100
|-damage|p2a: Garchomp|94/100|[from] Stealth Rock
|turn|38
|
|t:|1641781269
|switch|p1a: Sonso|Slowbro, M|100/100
|-status|p1a: Sonso|tox
|move|p2a: Garchomp|Earthquake|p1a: Sonso
|-damage|p1a: Sonso|75/100 tox
|
|-heal|p2a: Garchomp|100/100|[from] move: Wish|[wisher] Umbreon
|-damage|p1a: Sonso|69/100 tox|[from] psn
|upkeep
|turn|39
|
|t:|1641781280
|move|p2a: Garchomp|Stealth Rock|p1a: Sonso
|-sidestart|p1: Emblema de Fuego|move: Stealth Rock
|move|p1a: Sonso|Scald|p2a: Garchomp
|-damage|p2a: Garchomp|75/100
|
|-heal|p2a: Garchomp|81/100|[from] item: Leftovers
|-damage|p1a: Sonso|57/100 tox|[from] psn
|upkeep
|turn|40
|
|t:|1641781292
|switch|p2a: Toxapex|Toxapex, F|59/100
|-damage|p2a: Toxapex|46/100|[from] Stealth Rock
|move|p1a: Sonso|Trick Room|p1a: Sonso
|-fieldstart|move: Trick Room|[of] p1a: Sonso
|
|-damage|p1a: Sonso|39/100 tox|[from] psn
|upkeep
|turn|41
|
|t:|1641781302
|switch|p1a: Falkor|Drampa, M|37/100 psn
|-damage|p1a: Falkor|25/100 psn|[from] Stealth Rock
|switch|p2a: Tornadus|Tornadus-Therian, M|97/100
|
|-damage|p1a: Falkor|12/100 psn|[from] psn
|upkeep
|turn|42
|
|t:|1641781313
|move|p1a: Falkor|Roost|p1a: Falkor
|-heal|p1a: Falkor|63/100 psn
|-singleturn|p1a: Falkor|move: Roost
|move|p2a: Tornadus|U-turn|p1a: Falkor
|-damage|p1a: Falkor|48/100 psn
|-ability|p1a: Falkor|Berserk|boost
|-boost|p1a: Falkor|spa|1
|
|t:|1641781318
|switch|p2a: Garchomp|Garchomp, F|81/100|[from]move: U-turn
|-damage|p2a: Garchomp|75/100|[from] Stealth Rock
|
|-heal|p2a: Garchomp|81/100|[from] item: Leftovers
|-damage|p1a: Falkor|35/100 psn|[from] psn
|upkeep
|turn|43
|j| The Dragon Gyrados
|
|t:|1641781326
|move|p1a: Falkor|Roost|p1a: Falkor
|-heal|p1a: Falkor|85/100 psn
|-singleturn|p1a: Falkor|move: Roost
|move|p2a: Garchomp|Earthquake|p1a: Falkor
|-damage|p1a: Falkor|38/100 psn
|-ability|p1a: Falkor|Berserk|boost
|-boost|p1a: Falkor|spa|1
|
|-heal|p2a: Garchomp|87/100|[from] item: Leftovers
|-damage|p1a: Falkor|26/100 psn|[from] psn
|upkeep
|turn|44
|
|t:|1641781335
|move|p1a: Falkor|Hyper Voice|p2a: Garchomp
|-damage|p2a: Garchomp|0 fnt
|faint|p2a: Garchomp
|
|-damage|p1a: Falkor|13/100 psn|[from] psn
|-fieldend|move: Trick Room
|upkeep
|
|t:|1641781341
|switch|p2a: Tornadus|Tornadus-Therian, M|100/100
|turn|45
|j| 4seulgi
|l| 4seulgi
|j| 4seulgi
|inactive|Emblema de Fuego has 120 seconds left.
|inactive|Emblema de Fuego has 90 seconds left.
|l| 4seulgi
|inactive|Emblema de Fuego has 60 seconds left.
|l| OUTH MO
|j| skyexperimenter
|j| 4seulgi
|l| 4seulgi
|inactive|Emblema de Fuego has 30 seconds left.
|
|t:|1641781465
|switch|p1a: Billy B.|Marowak-Alola, M, shiny|82/100 tox
|-damage|p1a: Billy B.|57/100 tox|[from] Stealth Rock
|move|p2a: Tornadus|Knock Off|p1a: Billy B.
|-supereffective|p1a: Billy B.
|-damage|p1a: Billy B.|16/100 tox
|-enditem|p1a: Billy B.|Thick Club|[from] move: Knock Off|[of] p2a: Tornadus
|
|-damage|p1a: Billy B.|9/100 tox|[from] psn
|upkeep
|turn|46
|
|t:|1641781474
|move|p2a: Tornadus|Knock Off|p1a: Billy B.
|-supereffective|p1a: Billy B.
|-damage|p1a: Billy B.|0 fnt
|faint|p1a: Billy B.
|
|upkeep
|inactive|Emblema de Fuego has 30 seconds left.
|j| MarketablePlushie
|
|t:|1641781490
|switch|p1a: Gorra|Hatterene, F, shiny|78/100
|-status|p1a: Gorra|tox
|-damage|p1a: Gorra|66/100 tox|[from] Stealth Rock
|turn|47
|inactive|Emblema de Fuego has 30 seconds left.
|
|t:|1641781501
|move|p2a: Tornadus|Heat Wave|p1a: Gorra
|-damage|p1a: Gorra|48/100 tox
|move|p1a: Gorra|Draining Kiss|p2a: Tornadus
|-damage|p2a: Tornadus|80/100
|-heal|p1a: Gorra|66/100 tox|[from] drain|[of] p2a: Tornadus
|
|-damage|p1a: Gorra|60/100 tox|[from] psn
|upkeep
|turn|48
|l| skyexperimenter
|inactive|Emblema de Fuego has 30 seconds left.
|inactive|Emblema de Fuego has 20 seconds left.
|
|t:|1641781516
|move|p2a: Tornadus|Heat Wave|p1a: Gorra|[miss]
|-miss|p2a: Tornadus|p1a: Gorra
|move|p1a: Gorra|Trick Room|p1a: Gorra
|-fieldstart|move: Trick Room|[of] p1a: Gorra
|
|-damage|p1a: Gorra|48/100 tox|[from] psn
|upkeep
|turn|49
|inactive|Emblema de Fuego has 30 seconds left this turn.
|l| MarketablePlushie
|
|t:|1641781527
|move|p1a: Gorra|Healing Wish|p1a: Gorra
|faint|p1a: Gorra
|move|p2a: Tornadus|Knock Off|p1: Gorra|[notarget]
|-fail|p2a: Tornadus
|
|upkeep
|inactive|Emblema de Fuego has 30 seconds left this turn.
|
|t:|1641781530
|switch|p1a: Falkor|Drampa, M|13/100 psn
|-heal|p1a: Falkor|100/100|[from] move: Healing Wish
|-status|p1a: Falkor|tox
|-damage|p1a: Falkor|88/100 tox|[from] Stealth Rock
|turn|50
|
|t:|1641781550
|move|p1a: Falkor|Thunderbolt|p2a: Tornadus
|-supereffective|p2a: Tornadus
|-crit|p2a: Tornadus
|-damage|p2a: Tornadus|0 fnt
|faint|p2a: Tornadus
|
|-damage|p1a: Falkor|82/100 tox|[from] psn
|upkeep
|
|t:|1641781555
|switch|p2a: Toxapex|Toxapex, F|79/100
|-damage|p2a: Toxapex|67/100|[from] Stealth Rock
|turn|51
|
|t:|1641781559
|move|p1a: Falkor|Thunderbolt|p2a: Toxapex
|-supereffective|p2a: Toxapex
|-damage|p2a: Toxapex|11/100
|move|p2a: Toxapex|Recover|p2a: Toxapex
|-heal|p2a: Toxapex|61/100
|
|-damage|p1a: Falkor|70/100 tox|[from] psn
|upkeep
|turn|52
|
|t:|1641781567
|move|p1a: Falkor|Thunderbolt|p2a: Toxapex
|-supereffective|p2a: Toxapex
|-damage|p2a: Toxapex|1/100
|move|p2a: Toxapex|Recover|p2a: Toxapex
|-heal|p2a: Toxapex|51/100
|
|-damage|p1a: Falkor|51/100 tox|[from] psn
|-fieldend|move: Trick Room
|upkeep
|turn|53
|inactive|Emblema de Fuego has 60 seconds left.
|
|t:|1641781574
|move|p2a: Toxapex|Recover|p2a: Toxapex
|-heal|p2a: Toxapex|100/100
|move|p1a: Falkor|Roost|p1a: Falkor
|-heal|p1a: Falkor|100/100 tox
|-singleturn|p1a: Falkor|move: Roost
|
|-damage|p1a: Falkor|76/100 tox|[from] psn
|upkeep
|turn|54
|
|t:|1641781581
|switch|p1a: Sonso|Slowbro, M|72/100 tox
|-damage|p1a: Sonso|59/100 tox|[from] Stealth Rock
|move|p2a: Toxapex|Recover||[still]
|-fail|p2a: Toxapex|heal
|
|-damage|p1a: Sonso|53/100 tox|[from] psn
|upkeep
|turn|55
|
|t:|1641781592
|move|p2a: Toxapex|Scald|p1a: Sonso
|-resisted|p1a: Sonso
|-damage|p1a: Sonso|45/100 tox
|move|p1a: Sonso|Scald|p2a: Toxapex
|-resisted|p2a: Toxapex
|-damage|p2a: Toxapex|90/100
|-status|p2a: Toxapex|brn
|
|-damage|p1a: Sonso|33/100 tox|[from] psn
|-damage|p2a: Toxapex|84/100 brn|[from] brn
|upkeep
|turn|56
|
|t:|1641781602
|move|p2a: Toxapex|Scald|p1a: Sonso
|-resisted|p1a: Sonso
|-damage|p1a: Sonso|24/100 tox
|move|p1a: Sonso|Slack Off|p1a: Sonso
|-heal|p1a: Sonso|74/100 tox
|
|-damage|p1a: Sonso|56/100 tox|[from] psn
|-damage|p2a: Toxapex|77/100 brn|[from] brn
|upkeep
|turn|57
|
|t:|1641781610
|move|p2a: Toxapex|Recover|p2a: Toxapex
|-heal|p2a: Toxapex|100/100 brn
|move|p1a: Sonso|Slack Off|p1a: Sonso
|-heal|p1a: Sonso|100/100 tox
|
|-damage|p1a: Sonso|76/100 tox|[from] psn
|-damage|p2a: Toxapex|94/100 brn|[from] brn
|upkeep
|turn|58
|
|t:|1641781618
|switch|p1a: Falkor|Drampa, M|76/100 tox
|-damage|p1a: Falkor|64/100 tox|[from] Stealth Rock
|move|p2a: Toxapex|Scald|p1a: Falkor
|-resisted|p1a: Falkor
|-damage|p1a: Falkor|56/100 tox
|
|-damage|p1a: Falkor|50/100 tox|[from] psn
|-damage|p2a: Toxapex|88/100 brn|[from] brn
|upkeep
|turn|59
|j| Dionys09
|
|t:|1641781629
|move|p2a: Toxapex|Scald|p1a: Falkor
|-resisted|p1a: Falkor
|-damage|p1a: Falkor|41/100 tox
|move|p1a: Falkor|Roost|p1a: Falkor
|-heal|p1a: Falkor|91/100 tox
|-singleturn|p1a: Falkor|move: Roost
|
|-damage|p1a: Falkor|78/100 tox|[from] psn
|-damage|p2a: Toxapex|82/100 brn|[from] brn
|upkeep
|turn|60
|
|t:|1641781638
|switch|p1a: Sonso|Slowbro, M|100/100 tox
|-damage|p1a: Sonso|88/100 tox|[from] Stealth Rock
|move|p2a: Toxapex|Recover|p2a: Toxapex
|-heal|p2a: Toxapex|100/100 brn
|
|-damage|p1a: Sonso|82/100 tox|[from] psn
|-damage|p2a: Toxapex|94/100 brn|[from] brn
|upkeep
|turn|61
|inactive|Emblema de Fuego has 90 seconds left.
|
|t:|1641781646
|move|p2a: Toxapex|Haze|p2a: Toxapex
|-clearallboost
|move|p1a: Sonso|Scald|p2a: Toxapex
|-resisted|p2a: Toxapex
|-damage|p2a: Toxapex|83/100 brn
|
|-damage|p1a: Sonso|70/100 tox|[from] psn
|-damage|p2a: Toxapex|76/100 brn|[from] brn
|upkeep
|turn|62
|c| The Dragon Gyrados|that pex gone lose
|inactive|Emblema de Fuego has 90 seconds left.
|
|t:|1641781659
|switch|p1a: Falkor|Drampa, M|78/100 tox
|-damage|p1a: Falkor|66/100 tox|[from] Stealth Rock
|move|p2a: Toxapex|Scald|p1a: Falkor
|-resisted|p1a: Falkor
|-damage|p1a: Falkor|57/100 tox
|
|-damage|p1a: Falkor|51/100 tox|[from] psn
|-damage|p2a: Toxapex|70/100 brn|[from] brn
|upkeep
|turn|63
|
|t:|1641781668
|move|p2a: Toxapex|Recover|p2a: Toxapex
|-heal|p2a: Toxapex|100/100 brn
|move|p1a: Falkor|Thunderbolt|p2a: Toxapex
|-supereffective|p2a: Toxapex
|-damage|p2a: Toxapex|42/100 brn
|
|-damage|p1a: Falkor|39/100 tox|[from] psn
|-damage|p2a: Toxapex|36/100 brn|[from] brn
|upkeep
|turn|64
|
|t:|1641781679
|move|p2a: Toxapex|Recover|p2a: Toxapex
|-heal|p2a: Toxapex|86/100 brn
|move|p1a: Falkor|Roost|p1a: Falkor
|-heal|p1a: Falkor|89/100 tox
|-singleturn|p1a: Falkor|move: Roost
|
|-damage|p1a: Falkor|70/100 tox|[from] psn
|-damage|p2a: Toxapex|79/100 brn|[from] brn
|upkeep
|turn|65
|c| The Dragon Gyrados|wow
|
|t:|1641781687
|switch|p1a: Sonso|Slowbro, M|100/100 tox
|-damage|p1a: Sonso|88/100 tox|[from] Stealth Rock
|move|p2a: Toxapex|Scald|p1a: Sonso
|-resisted|p1a: Sonso
|-damage|p1a: Sonso|80/100 tox
|
|-damage|p1a: Sonso|74/100 tox|[from] psn
|-damage|p2a: Toxapex|73/100 brn|[from] brn
|upkeep
|turn|66
|c| The Dragon Gyrados|at being slower than pex
|c| The Dragon Gyrados|lmao
|
|t:|1641781697
|move|p2a: Toxapex|Haze|p2a: Toxapex
|-clearallboost
|move|p1a: Sonso|Scald|p2a: Toxapex
|-resisted|p2a: Toxapex
|-damage|p2a: Toxapex|61/100 brn
|
|-damage|p1a: Sonso|62/100 tox|[from] psn
|-damage|p2a: Toxapex|55/100 brn|[from] brn
|upkeep
|turn|67
|
|t:|1641781706
|switch|p1a: Sharko|Garchomp, M|42/100 psn
|-damage|p1a: Sharko|36/100 psn|[from] Stealth Rock
|move|p2a: Toxapex|Scald|p1a: Sharko
|-damage|p1a: Sharko|17/100 psn
|
|-heal|p1a: Sharko|23/100 psn|[from] item: Leftovers
|-damage|p1a: Sharko|11/100 psn|[from] psn
|-damage|p2a: Toxapex|49/100 brn|[from] brn
|upkeep
|turn|68
|c| The Dragon Gyrados|oh
|
|t:|1641781716
|move|p1a: Sharko|Earthquake|p2a: Toxapex
|-supereffective|p2a: Toxapex
|-damage|p2a: Toxapex|0 fnt
|faint|p2a: Toxapex
|
|win|Emblema de Fuego
|raw|Emblema de Fuego's rating: 1730 &rarr; <strong>1747</strong><br />(+17 for winning)
|raw|CloudNineIsGoated's rating: 1676 &rarr; <strong>1659</strong><br />(-17 for losing)
|c| The Dragon Gyrados|nice
|l|☆CloudNineIsGoated
