|j|☆Lynnocent
|j|☆BlueVapour
|t:|1641888596
|gametype|singles
|player|p1|Lynnocent|hilda-wonderlauncher|1138
|player|p2|BlueVapour|candice|1154
|teamsize|p1|6
|teamsize|p2|6
|gen|8
|tier|[Gen 8] OU
|rated|
|rule|Sleep Clause Mod: Limit one foe put to sleep
|rule|Species Clause: Limit one of each Pokémon
|rule|OHKO Clause: OHKO moves are banned
|rule|Evasion Moves Clause: Evasion moves are banned
|rule|Endless Battle Clause: Forcing endless battles is banned
|rule|HP Percentage Mod: HP is shown in percentages
|rule|Dynamax Clause: You cannot dynamax
|clearpoke
|poke|p1|Barraskewda, F|
|poke|p1|Pelipper, F|
|poke|p1|Regieleki|
|poke|p1|Landorus-Therian, M|
|poke|p1|Ferrothorn, M|
|poke|p1|Tapu Lele|
|poke|p2|Landorus-Therian, M|
|poke|p2|Scizor, F|
|poke|p2|Toxapex, F|
|poke|p2|Corviknight, M|
|poke|p2|Slowking-Galar, F|
|poke|p2|Urshifu-*, M|
|teampreview
|
|t:|1641888607
|start
|switch|p1a: Ferrothorn|Ferrothorn, M|100/100
|switch|p2a: Landorus|Landorus-Therian, M|100/100
|-ability|p2a: Landorus|Intimidate|boost
|-unboost|p1a: Ferrothorn|atk|1
|turn|1
|
|t:|1641888616
|move|p2a: Landorus|Stealth Rock|p1a: Ferrothorn
|-sidestart|p1: Lynnocent|move: Stealth Rock
|move|p1a: Ferrothorn|Knock Off|p2a: Landorus
|-damage|p2a: Landorus|90/100
|-enditem|p2a: Landorus|Leftovers|[from] move: Knock Off|[of] p1a: Ferrothorn
|
|upkeep
|turn|2
|
|t:|1641888632
|switch|p2a: Urshifu|Urshifu-Rapid-Strike, M|100/100
|move|p1a: Ferrothorn|Leech Seed|p2a: Urshifu
|-start|p2a: Urshifu|move: Leech Seed
|
|-damage|p2a: Urshifu|88/100|[from] Leech Seed|[of] p1a: Ferrothorn
|upkeep
|turn|3
|
|t:|1641888645
|switch|p1a: Pelipper|Pelipper, F|100/100
|-damage|p1a: Pelipper|75/100|[from] Stealth Rock
|-weather|RainDance|[from] ability: Drizzle|[of] p1a: Pelipper
|move|p2a: Urshifu|Close Combat|p1a: Pelipper
|-resisted|p1a: Pelipper
|-damage|p1a: Pelipper|19/100
|-unboost|p2a: Urshifu|def|1
|-unboost|p2a: Urshifu|spd|1
|
|-weather|RainDance|[upkeep]
|-damage|p2a: Urshifu|76/100|[from] Leech Seed|[of] p1a: Pelipper
|-heal|p1a: Pelipper|34/100|[silent]
|upkeep
|turn|4
|
|t:|1641888668
|switch|p2a: Toxapex|Toxapex, F|100/100
|move|p1a: Pelipper|Hurricane|p2a: Toxapex
|-damage|p2a: Toxapex|39/100
|
|-weather|RainDance|[upkeep]
|upkeep
|turn|5
|
|t:|1641888675
|switch|p2a: Slowking|Slowking-Galar, F|100/100
|move|p1a: Pelipper|Hurricane|p2a: Slowking
|-damage|p2a: Slowking|66/100
|
|-weather|RainDance|[upkeep]
|upkeep
|turn|6
|
|t:|1641888689
|switch|p1a: Barraskewda|Barraskewda, F, shiny|100/100
|-damage|p1a: Barraskewda|88/100|[from] Stealth Rock
|move|p2a: Slowking|Sludge Bomb|p1a: Barraskewda
|-damage|p1a: Barraskewda|0 fnt
|faint|p1a: Barraskewda
|
|-weather|RainDance|[upkeep]
|upkeep
|
|t:|1641888709
|switch|p1a: Landorus|Landorus-Therian, M|100/100
|-damage|p1a: Landorus|88/100|[from] Stealth Rock
|-ability|p1a: Landorus|Intimidate|boost
|-unboost|p2a: Slowking|atk|1
|turn|7
|
|t:|1641888717
|switch|p2a: Landorus|Landorus-Therian, M|90/100
|-ability|p2a: Landorus|Intimidate|boost
|-unboost|p1a: Landorus|atk|1
|move|p1a: Landorus|Earthquake|p2a: Landorus
|-immune|p2a: Landorus
|
|-weather|none
|-heal|p1a: Landorus|94/100|[from] item: Leftovers
|upkeep
|turn|8
|
|t:|1641888726
|move|p2a: Landorus|Toxic|p1a: Landorus
|-status|p1a: Landorus|tox
|move|p1a: Landorus|Stealth Rock|p2a: Landorus
|-sidestart|p2: BlueVapour|move: Stealth Rock
|
|-heal|p1a: Landorus|99/100 tox|[from] item: Leftovers
|-damage|p1a: Landorus|94/100 tox|[from] psn
|upkeep
|turn|9
|
|t:|1641888737
|move|p2a: Landorus|U-turn|p1a: Landorus
|-resisted|p1a: Landorus
|-crit|p1a: Landorus
|-damage|p1a: Landorus|77/100 tox
|
|t:|1641888742
|switch|p2a: Corviknight|Corviknight, M|100/100|[from]move: U-turn
|-damage|p2a: Corviknight|88/100|[from] Stealth Rock
|-ability|p2a: Corviknight|Pressure
|move|p1a: Landorus|U-turn|p2a: Corviknight
|-resisted|p2a: Corviknight
|-damage|p2a: Corviknight|85/100
|
|t:|1641888750
|switch|p1a: Regieleki|Regieleki, shiny|100/100|[from]move: U-turn
|
|-heal|p2a: Corviknight|92/100|[from] item: Leftovers
|upkeep
|turn|10
|
|t:|1641888759
|switch|p2a: Landorus|Landorus-Therian, M|90/100
|-damage|p2a: Landorus|78/100|[from] Stealth Rock
|-ability|p2a: Landorus|Intimidate|boost
|-unboost|p1a: Regieleki|atk|1
|move|p1a: Regieleki|Rapid Spin|p2a: Landorus
|-crit|p2a: Landorus
|-damage|p2a: Landorus|64/100
|-boost|p1a: Regieleki|spe|1
|-sideend|p1: Lynnocent|Stealth Rock|[from] move: Rapid Spin|[of] p1a: Regieleki
|
|upkeep
|turn|11
|inactive|Battle timer is ON: inactive players will automatically lose when time's up. (requested by Lynnocent)
|
|t:|1641888815
|switch|p1a: Ferrothorn|Ferrothorn, M|100/100
|move|p2a: Landorus|Toxic|p1a: Ferrothorn
|-immune|p1a: Ferrothorn
|
|upkeep
|turn|12
|
|t:|1641888839
|switch|p2a: Slowking|Slowking-Galar, F|99/100
|-damage|p2a: Slowking|87/100|[from] Stealth Rock
|move|p1a: Ferrothorn|Knock Off|p2a: Slowking
|-supereffective|p2a: Slowking
|-damage|p2a: Slowking|47/100
|-enditem|p2a: Slowking|Assault Vest|[from] move: Knock Off|[of] p1a: Ferrothorn
|
|upkeep
|turn|13
|
|t:|1641888852
|move|p2a: Slowking|Flamethrower|p1a: Ferrothorn
|-supereffective|p1a: Ferrothorn
|-damage|p1a: Ferrothorn|31/100
|move|p1a: Ferrothorn|Spikes|p2a: Slowking
|-sidestart|p2: BlueVapour|Spikes
|
|-heal|p1a: Ferrothorn|37/100|[from] item: Leftovers
|upkeep
|turn|14
|
|t:|1641888861
|switch|p1a: Pelipper|Pelipper, F|34/100
|-weather|RainDance|[from] ability: Drizzle|[of] p1a: Pelipper
|move|p2a: Slowking|Future Sight|p1a: Pelipper
|-start|p2a: Slowking|move: Future Sight
|
|-weather|RainDance|[upkeep]
|upkeep
|turn|15
|
|t:|1641888885
|switch|p2a: Scizor|Scizor, F|100/100
|-damage|p2a: Scizor|88/100|[from] Stealth Rock
|-damage|p2a: Scizor|76/100|[from] Spikes
|move|p1a: Pelipper|Surf|p2a: Scizor
|-damage|p2a: Scizor|0 fnt
|faint|p2a: Scizor
|
|-weather|RainDance|[upkeep]
|upkeep
|inactive|BlueVapour has 120 seconds left.
|
|t:|1641888903
|switch|p2a: Urshifu|Urshifu-Rapid-Strike, M|76/100
|-damage|p2a: Urshifu|64/100|[from] Spikes
|-damage|p2a: Urshifu|57/100|[from] Stealth Rock
|turn|16
|
|t:|1641888914
|move|p2a: Urshifu|Surging Strikes|p1a: Pelipper
|-resisted|p1a: Pelipper
|-crit|p1a: Pelipper
|-damage|p1a: Pelipper|7/100
|-resisted|p1a: Pelipper
|-crit|p1a: Pelipper
|-damage|p1a: Pelipper|0 fnt
|faint|p1a: Pelipper
|-hitcount|p1: Pelipper|2
|
|-weather|RainDance|[upkeep]
|-hint|Future Sight did not hit because the target is fainted.
|upkeep
|
|t:|1641888922
|switch|p1a: Tapu Lele|Tapu Lele, shiny|100/100
|-fieldstart|move: Psychic Terrain|[from] ability: Psychic Surge|[of] p1a: Tapu Lele
|turn|17
|inactive|BlueVapour has 120 seconds left.
|
|t:|1641888963
|switch|p2a: Corviknight|Corviknight, M|92/100
|-damage|p2a: Corviknight|79/100|[from] Stealth Rock
|-ability|p2a: Corviknight|Pressure
|move|p1a: Tapu Lele|Psyshock|p2a: Corviknight
|-resisted|p2a: Corviknight
|-damage|p2a: Corviknight|61/100
|
|-weather|RainDance|[upkeep]
|-heal|p2a: Corviknight|68/100|[from] item: Leftovers
|upkeep
|turn|18
|
|t:|1641888980
|switch|p1a: Landorus|Landorus-Therian, M|77/100 tox
|-ability|p1a: Landorus|Intimidate|boost
|-unboost|p2a: Corviknight|atk|1
|move|p2a: Corviknight|Defog|p1a: Landorus
|-unboost|p1a: Landorus|evasion|1
|-sideend|p2: BlueVapour|Spikes|[from] move: Defog|[of] p2a: Corviknight
|-sideend|p2: BlueVapour|Stealth Rock|[from] move: Defog|[of] p2a: Corviknight
|-fieldend|move: Psychic Terrain
|
|-weather|none
|-heal|p1a: Landorus|83/100 tox|[from] item: Leftovers
|-heal|p2a: Corviknight|74/100|[from] item: Leftovers
|-damage|p1a: Landorus|77/100 tox|[from] psn
|upkeep
|turn|19
|
|t:|1641888992
|switch|p2a: Landorus|Landorus-Therian, M|64/100
|-ability|p2a: Landorus|Intimidate|boost
|-unboost|p1a: Landorus|atk|1
|move|p1a: Landorus|Stealth Rock|p2a: Landorus
|-sidestart|p2: BlueVapour|move: Stealth Rock
|
|-heal|p1a: Landorus|83/100 tox|[from] item: Leftovers
|-damage|p1a: Landorus|71/100 tox|[from] psn
|upkeep
|turn|20
|
|t:|1641889007
|move|p2a: Landorus|U-turn|p1a: Landorus
|-resisted|p1a: Landorus
|-damage|p1a: Landorus|61/100 tox
|
|t:|1641889015
|switch|p2a: Corviknight|Corviknight, M|74/100|[from]move: U-turn
|-damage|p2a: Corviknight|61/100|[from] Stealth Rock
|-ability|p2a: Corviknight|Pressure
|move|p1a: Landorus|U-turn|p2a: Corviknight
|-resisted|p2a: Corviknight
|-damage|p2a: Corviknight|59/100
|
|t:|1641889023
|switch|p1a: Regieleki|Regieleki, shiny|100/100|[from]move: U-turn
|
|-heal|p2a: Corviknight|65/100|[from] item: Leftovers
|upkeep
|turn|21
|inactive|BlueVapour has 90 seconds left.
|
|t:|1641889060
|switch|p1a: Ferrothorn|Ferrothorn, M|37/100
|switch|p2a: Landorus|Landorus-Therian, M|64/100
|-damage|p2a: Landorus|52/100|[from] Stealth Rock
|-ability|p2a: Landorus|Intimidate|boost
|-unboost|p1a: Ferrothorn|atk|1
|
|-heal|p1a: Ferrothorn|43/100|[from] item: Leftovers
|upkeep
|turn|22
|inactive|BlueVapour has 90 seconds left.
|
|t:|1641889069
|move|p2a: Landorus|Earthquake|p1a: Ferrothorn
|-damage|p1a: Ferrothorn|8/100
|move|p1a: Ferrothorn|Leech Seed|p2a: Landorus
|-start|p2a: Landorus|move: Leech Seed
|
|-heal|p1a: Ferrothorn|14/100|[from] item: Leftovers
|-damage|p2a: Landorus|39/100|[from] Leech Seed|[of] p1a: Ferrothorn
|-heal|p1a: Ferrothorn|27/100|[silent]
|upkeep
|turn|23
|
|t:|1641889080
|switch|p1a: Landorus|Landorus-Therian, M|61/100 tox
|-ability|p1a: Landorus|Intimidate|boost
|-unboost|p2a: Landorus|atk|1
|move|p2a: Landorus|Earthquake|p1a: Landorus
|-immune|p1a: Landorus
|
|-heal|p1a: Landorus|67/100 tox|[from] item: Leftovers
|-damage|p2a: Landorus|27/100|[from] Leech Seed|[of] p1a: Landorus
|-heal|p1a: Landorus|79/100 tox|[silent]
|-damage|p1a: Landorus|73/100 tox|[from] psn
|upkeep
|turn|24
|
|t:|1641889093
|switch|p2a: Corviknight|Corviknight, M|65/100
|-damage|p2a: Corviknight|53/100|[from] Stealth Rock
|-ability|p2a: Corviknight|Pressure
|move|p1a: Landorus|U-turn|p2a: Corviknight
|-resisted|p2a: Corviknight
|-damage|p2a: Corviknight|49/100
|
|t:|1641889100
|switch|p1a: Regieleki|Regieleki, shiny|100/100|[from]move: U-turn
|
|-heal|p2a: Corviknight|56/100|[from] item: Leftovers
|upkeep
|turn|25
|
|t:|1641889109
|switch|p1a: Ferrothorn|Ferrothorn, M|27/100
|switch|p2a: Slowking|Slowking-Galar, F|80/100
|-damage|p2a: Slowking|68/100|[from] Stealth Rock
|
|-heal|p1a: Ferrothorn|33/100|[from] item: Leftovers
|upkeep
|turn|26
|
|t:|1641889121
|switch|p1a: Landorus|Landorus-Therian, M|73/100 tox
|-ability|p1a: Landorus|Intimidate|boost
|-unboost|p2a: Slowking|atk|1
|move|p2a: Slowking|Future Sight|p1a: Landorus
|-start|p2a: Slowking|move: Future Sight
|
|-heal|p1a: Landorus|79/100 tox|[from] item: Leftovers
|-damage|p1a: Landorus|73/100 tox|[from] psn
|upkeep
|turn|27
|inactive|BlueVapour has 90 seconds left.
|
|t:|1641889146
|switch|p2a: Landorus|Landorus-Therian, M|27/100
|-damage|p2a: Landorus|15/100|[from] Stealth Rock
|-ability|p2a: Landorus|Intimidate|boost
|-unboost|p1a: Landorus|atk|1
|move|p1a: Landorus|Knock Off|p2a: Landorus
|-damage|p2a: Landorus|4/100
|
|-heal|p1a: Landorus|79/100 tox|[from] item: Leftovers
|-damage|p1a: Landorus|67/100 tox|[from] psn
|upkeep
|turn|28
|inactive|BlueVapour has 90 seconds left.
|
|t:|1641889160
|move|p2a: Landorus|U-turn|p1a: Landorus
|-resisted|p1a: Landorus
|-damage|p1a: Landorus|56/100 tox
|inactive|BlueVapour has 90 seconds left.
|
|t:|1641889178
|switch|p2a: Slowking|Slowking-Galar, F|100/100|[from]move: U-turn
|-damage|p2a: Slowking|88/100|[from] Stealth Rock
|move|p1a: Landorus|U-turn|p2a: Slowking
|-damage|p2a: Slowking|71/100
|
|t:|1641889194
|switch|p1a: Tapu Lele|Tapu Lele, shiny|100/100|[from]move: U-turn
|-fieldstart|move: Psychic Terrain|[from] ability: Psychic Surge|[of] p1a: Tapu Lele
|
|-end|p1a: Tapu Lele|move: Future Sight
|-resisted|p1a: Tapu Lele
|-damage|p1a: Tapu Lele|67/100
|upkeep
|turn|29
|inactive|BlueVapour has 90 seconds left.
|inactive|Lynnocent has 120 seconds left.
|
|t:|1641889229
|switch|p2a: Corviknight|Corviknight, M|56/100
|-damage|p2a: Corviknight|43/100|[from] Stealth Rock
|-ability|p2a: Corviknight|Pressure
|move|p1a: Tapu Lele|Thunder|p2a: Corviknight
|-supereffective|p2a: Corviknight
|-damage|p2a: Corviknight|0 fnt
|faint|p2a: Corviknight
|
|upkeep
|inactive|BlueVapour has 60 seconds left.
|
|t:|1641889251
|switch|p2a: Slowking|Slowking-Galar, F|100/100
|-damage|p2a: Slowking|88/100|[from] Stealth Rock
|turn|30
|
|t:|1641889255
|switch|p1a: Landorus|Landorus-Therian, M|56/100 tox
|-ability|p1a: Landorus|Intimidate|boost
|-unboost|p2a: Slowking|atk|1
|move|p2a: Slowking|Sludge Bomb|p1a: Landorus
|-resisted|p1a: Landorus
|-damage|p1a: Landorus|41/100 tox
|
|-heal|p1a: Landorus|47/100 tox|[from] item: Leftovers
|-damage|p1a: Landorus|41/100 tox|[from] psn
|upkeep
|turn|31
|inactive|BlueVapour has 60 seconds left.
|
|t:|1641889275
|move|p1a: Landorus|U-turn|p2a: Slowking
|-damage|p2a: Slowking|65/100
|
|t:|1641889285
|switch|p1a: Regieleki|Regieleki, shiny|100/100|[from]move: U-turn
|move|p2a: Slowking|Scald|p1a: Regieleki
|-damage|p1a: Regieleki|59/100
|
|upkeep
|turn|32
|
|t:|1641889300
|move|p1a: Regieleki|Electro Ball|p2a: Slowking
|-damage|p2a: Slowking|10/100
|move|p2a: Slowking|Sludge Bomb|p1a: Regieleki
|-damage|p1a: Regieleki|0 fnt
|faint|p1a: Regieleki
|
|-fieldend|move: Psychic Terrain
|upkeep
|inactive|Lynnocent has 120 seconds left.
|
|t:|1641889324
|switch|p1a: Tapu Lele|Tapu Lele, shiny|67/100
|-fieldstart|move: Psychic Terrain|[from] ability: Psychic Surge|[of] p1a: Tapu Lele
|turn|33
|
|t:|1641889334
|switch|p2a: Landorus|Landorus-Therian, M|4/100
|-damage|p2a: Landorus|0 fnt|[from] Stealth Rock
|faint|p2a: Landorus
|move|p1a: Tapu Lele|Psyshock|p2: Landorus|[notarget]
|-fail|p1a: Tapu Lele
|
|upkeep
|inactive|BlueVapour has 60 seconds left.
|
|t:|1641889379
|switch|p2a: Toxapex|Toxapex, F|73/100
|-damage|p2a: Toxapex|60/100|[from] Stealth Rock
|turn|34
|c|☆Lynnocent|i think that read to pick off corviknight with thunder might have done it
|
|t:|1641889391
|move|p1a: Tapu Lele|Psyshock|p2a: Toxapex
|-supereffective|p2a: Toxapex
|-damage|p2a: Toxapex|0 fnt
|faint|p2a: Toxapex
|
|upkeep
|
|t:|1641889396
|switch|p2a: Urshifu|Urshifu-Rapid-Strike, M|57/100
|-damage|p2a: Urshifu|51/100|[from] Stealth Rock
|turn|35
|
|t:|1641889400
|move|p1a: Tapu Lele|Psyshock|p2a: Urshifu
|-supereffective|p2a: Urshifu
|-damage|p2a: Urshifu|0 fnt
|faint|p2a: Urshifu
|
|upkeep
|c|☆Lynnocent|yup
|
|t:|1641889404
|switch|p2a: Slowking|Slowking-Galar, F|43/100
|-damage|p2a: Slowking|31/100|[from] Stealth Rock
|turn|36
|c|☆Lynnocent|gg man
|c|☆Lynnocent|that was good
|inactive|BlueVapour has 60 seconds left.
|c|☆BlueVapour|yeah gg man
|c|☆BlueVapour|great game
|
|t:|1641889429
|switch|p1a: Landorus|Landorus-Therian, M|41/100 tox
|-ability|p1a: Landorus|Intimidate|boost
|-unboost|p2a: Slowking|atk|1
|move|p2a: Slowking|Sludge Bomb|p1a: Landorus
|-resisted|p1a: Landorus
|-damage|p1a: Landorus|26/100 tox
|
|-heal|p1a: Landorus|32/100 tox|[from] item: Leftovers
|-damage|p1a: Landorus|26/100 tox|[from] psn
|upkeep
|turn|37
|c|☆Lynnocent|it really was
|
|t:|1641889441
|move|p1a: Landorus|Earthquake|p2a: Slowking
|-supereffective|p2a: Slowking
|-damage|p2a: Slowking|0 fnt
|faint|p2a: Slowking
|
|win|Lynnocent
|raw|Lynnocent's rating: 1138 &rarr; <strong>1164</strong><br />(+26 for winning)
|raw|BlueVapour's rating: 1154 &rarr; <strong>1128</strong><br />(-26 for losing)
|c|☆Lynnocent|really good game
|c|☆BlueVapour|gl in future games
|c|☆Lynnocent|good one to sleep on
|c|☆Lynnocent|ggs
|c|☆Lynnocent|you too
|l|☆BlueVapour
|c|☆Lynnocent|have a good night
