|j|☆Bunnyhop 54
|j|☆cowboy cracker boy
|t:|1641857490
|gametype|singles
|player|p1|Bunnyhop 54|lyra|1097
|player|p2|cowboy cracker boy|doctor|1149
|teamsize|p1|6
|teamsize|p2|6
|gen|8
|tier|[Gen 8] OU
|rated|
|rule|Sleep Clause Mod: Limit one foe put to sleep
|rule|Species Clause: Limit one of each Pokémon
|rule|OHKO Clause: OHKO moves are banned
|rule|Evasion Moves Clause: Evasion moves are banned
|rule|Endless Battle Clause: Forcing endless battles is banned
|rule|HP Percentage Mod: HP is shown in percentages
|rule|Dynamax Clause: You cannot dynamax
|clearpoke
|poke|p1|Rillaboom, F|
|poke|p1|Celesteela|
|poke|p1|Regieleki|
|poke|p1|Blissey, F|
|poke|p1|Primarina, F|
|poke|p1|Dragapult, F|
|poke|p2|Swampert, F|
|poke|p2|Jirachi|
|poke|p2|Snorlax, M|
|poke|p2|Latios, M|
|poke|p2|Lucario, M|
|poke|p2|Volcarona, F|
|teampreview
|
|t:|1641857496
|start
|switch|p1a: Primarina|Primarina, F|100/100
|switch|p2a: Snorlax|Snorlax, M, shiny|100/100
|turn|1
|
|t:|1641857503
|move|p1a: Primarina|Perish Song|p1a: Primarina
|-start|p1a: Primarina|perish3|[silent]
|-start|p2a: Snorlax|perish3|[silent]
|-fieldactivate|move: Perish Song
|move|p2a: Snorlax|Body Slam|p1a: Primarina
|-damage|p1a: Primarina|48/100
|
|-start|p1a: Primarina|perish3
|-start|p2a: Snorlax|perish3
|upkeep
|turn|2
|
|t:|1641857515
|switch|p1a: Celesteela|Celesteela|100/100
|move|p2a: Snorlax|Body Slam|p1a: Celesteela
|-resisted|p1a: Celesteela
|-damage|p1a: Celesteela|81/100
|
|-start|p2a: Snorlax|perish2
|upkeep
|turn|3
|
|t:|1641857523
|move|p1a: Celesteela|Autotomize|p1a: Celesteela
|-boost|p1a: Celesteela|spe|2
|-start|p1a: Celesteela|Autotomize
|move|p2a: Snorlax|Body Slam|p1a: Celesteela
|-resisted|p1a: Celesteela
|-damage|p1a: Celesteela|64/100
|-status|p1a: Celesteela|par
|
|-start|p2a: Snorlax|perish1
|upkeep
|turn|4
|
|t:|1641857536
|switch|p2a: Volcarona|Volcarona, F|100/100
|move|p1a: Celesteela|Air Slash|p2a: Volcarona
|-supereffective|p2a: Volcarona
|-damage|p2a: Volcarona|21/100
|
|-heal|p2a: Volcarona|28/100|[from] item: Leftovers
|upkeep
|turn|5
|
|t:|1641857545
|move|p2a: Volcarona|Fiery Dance|p1a: Celesteela
|-supereffective|p1a: Celesteela
|-damage|p1a: Celesteela|0 fnt
|-boost|p2a: Volcarona|spa|1
|faint|p1a: Celesteela
|
|-heal|p2a: Volcarona|34/100|[from] item: Leftovers
|upkeep
|
|t:|1641857558
|switch|p1a: Regieleki|Regieleki|100/100
|turn|6
|
|t:|1641857565
|switch|p2a: Swampert|Swampert, F|100/100
|move|p1a: Regieleki|Thunderbolt|p2a: Swampert
|-immune|p2a: Swampert
|
|upkeep
|turn|7
|
|t:|1641857571
|switch|p1a: Rillaboom|Rillaboom, F|100/100
|-fieldstart|move: Grassy Terrain|[from] ability: Grassy Surge|[of] p1a: Rillaboom
|move|p2a: Swampert|Stealth Rock|p1a: Rillaboom
|-sidestart|p1: Bunnyhop 54|move: Stealth Rock
|
|upkeep
|turn|8
|
|t:|1641857602
|switch|p2a: Snorlax|Snorlax, M, shiny|100/100
|move|p1a: Rillaboom|Fake Out|p2a: Snorlax
|-damage|p2a: Snorlax|89/100
|
|-heal|p2a: Snorlax|95/100|[from] Grassy Terrain
|-heal|p2a: Snorlax|100/100|[from] item: Leftovers
|upkeep
|turn|9
|
|t:|1641857612
|move|p1a: Rillaboom|Grassy Glide|p2a: Snorlax
|-damage|p2a: Snorlax|54/100
|move|p2a: Snorlax|Curse|p2a: Snorlax
|-unboost|p2a: Snorlax|spe|1
|-boost|p2a: Snorlax|atk|1
|-boost|p2a: Snorlax|def|1
|
|-heal|p2a: Snorlax|60/100|[from] Grassy Terrain
|-heal|p2a: Snorlax|66/100|[from] item: Leftovers
|upkeep
|turn|10
|
|t:|1641857627
|move|p1a: Rillaboom|U-turn|p2a: Snorlax
|-damage|p2a: Snorlax|51/100
|
|t:|1641857630
|switch|p1a: Dragapult|Dragapult, F|100/100|[from]move: U-turn
|-damage|p1a: Dragapult|88/100|[from] Stealth Rock
|move|p2a: Snorlax|Body Slam|p1a: Dragapult
|-immune|p1a: Dragapult
|
|-heal|p1a: Dragapult|94/100|[from] Grassy Terrain
|-heal|p2a: Snorlax|58/100|[from] Grassy Terrain
|-heal|p2a: Snorlax|64/100|[from] item: Leftovers
|upkeep
|turn|11
|
|t:|1641857642
|move|p1a: Dragapult|Dragon Dance|p1a: Dragapult
|-boost|p1a: Dragapult|atk|1
|-boost|p1a: Dragapult|spe|1
|move|p2a: Snorlax|Crunch|p1a: Dragapult
|-supereffective|p1a: Dragapult
|-damage|p1a: Dragapult|0 fnt
|faint|p1a: Dragapult
|
|-heal|p2a: Snorlax|70/100|[from] Grassy Terrain
|-heal|p2a: Snorlax|76/100|[from] item: Leftovers
|-fieldend|move: Grassy Terrain
|upkeep
|
|t:|1641857655
|switch|p1a: Rillaboom|Rillaboom, F|100/100
|-damage|p1a: Rillaboom|88/100|[from] Stealth Rock
|-fieldstart|move: Grassy Terrain|[from] ability: Grassy Surge|[of] p1a: Rillaboom
|turn|12
|
|t:|1641857664
|move|p1a: Rillaboom|Fake Out|p2a: Snorlax
|-damage|p2a: Snorlax|67/100
|cant|p2a: Snorlax|flinch
|
|-heal|p1a: Rillaboom|94/100|[from] Grassy Terrain
|-heal|p2a: Snorlax|74/100|[from] Grassy Terrain
|-heal|p2a: Snorlax|80/100|[from] item: Leftovers
|upkeep
|turn|13
|
|t:|1641857673
|move|p1a: Rillaboom|U-turn|p2a: Snorlax
|-damage|p2a: Snorlax|66/100
|
|t:|1641857676
|switch|p1a: Regieleki|Regieleki|100/100|[from]move: U-turn
|-damage|p1a: Regieleki|88/100|[from] Stealth Rock
|move|p2a: Snorlax|Body Slam|p1a: Regieleki
|-damage|p1a: Regieleki|0 fnt
|faint|p1a: Regieleki
|
|-heal|p2a: Snorlax|72/100|[from] Grassy Terrain
|-heal|p2a: Snorlax|78/100|[from] item: Leftovers
|upkeep
|
|t:|1641857688
|switch|p1a: Blissey|Blissey, F|100/100
|-damage|p1a: Blissey|88/100|[from] Stealth Rock
|turn|14
|
|t:|1641857693
|move|p1a: Blissey|Toxic|p2a: Snorlax
|-status|p2a: Snorlax|tox
|move|p2a: Snorlax|Curse|p2a: Snorlax
|-unboost|p2a: Snorlax|spe|1
|-boost|p2a: Snorlax|atk|1
|-boost|p2a: Snorlax|def|1
|
|-heal|p1a: Blissey|94/100|[from] Grassy Terrain
|-heal|p2a: Snorlax|84/100 tox|[from] Grassy Terrain
|-heal|p2a: Snorlax|90/100 tox|[from] item: Leftovers
|-damage|p2a: Snorlax|84/100 tox|[from] psn
|upkeep
|turn|15
|
|t:|1641857709
|move|p1a: Blissey|Stealth Rock|p2a: Snorlax
|-sidestart|p2: cowboy cracker boy|move: Stealth Rock
|move|p2a: Snorlax|Body Slam|p1a: Blissey
|-damage|p1a: Blissey|21/100
|
|-heal|p1a: Blissey|28/100|[from] Grassy Terrain
|-heal|p2a: Snorlax|90/100 tox|[from] Grassy Terrain
|-heal|p2a: Snorlax|96/100 tox|[from] item: Leftovers
|-damage|p2a: Snorlax|84/100 tox|[from] psn
|upkeep
|turn|16
|
|t:|1641857720
|move|p1a: Blissey|Soft-Boiled|p1a: Blissey
|-heal|p1a: Blissey|78/100
|move|p2a: Snorlax|Body Slam|p1a: Blissey
|-damage|p1a: Blissey|2/100
|-status|p1a: Blissey|par
|
|-heal|p1a: Blissey|8/100 par|[from] Grassy Terrain
|-heal|p2a: Snorlax|90/100 tox|[from] Grassy Terrain
|-heal|p2a: Snorlax|96/100 tox|[from] item: Leftovers
|-damage|p2a: Snorlax|78/100 tox|[from] psn
|-fieldend|move: Grassy Terrain
|upkeep
|turn|17
|
|t:|1641857733
|move|p1a: Blissey|Soft-Boiled|p1a: Blissey
|-heal|p1a: Blissey|58/100 par
|move|p2a: Snorlax|Body Slam|p1a: Blissey
|-damage|p1a: Blissey|0 fnt
|faint|p1a: Blissey
|
|-heal|p2a: Snorlax|84/100 tox|[from] item: Leftovers
|-damage|p2a: Snorlax|60/100 tox|[from] psn
|upkeep
|
|t:|1641857747
|switch|p1a: Primarina|Primarina, F|48/100
|-damage|p1a: Primarina|36/100|[from] Stealth Rock
|turn|18
|
|t:|1641857751
|move|p1a: Primarina|Sparkling Aria|p2a: Snorlax
|-damage|p2a: Snorlax|31/100 tox
|move|p2a: Snorlax|Body Slam|p1a: Primarina
|-damage|p1a: Primarina|0 fnt
|faint|p1a: Primarina
|
|-heal|p2a: Snorlax|37/100 tox|[from] item: Leftovers
|-damage|p2a: Snorlax|7/100 tox|[from] psn
|upkeep
|
|t:|1641857762
|switch|p1a: Rillaboom|Rillaboom, F|94/100
|-damage|p1a: Rillaboom|82/100|[from] Stealth Rock
|-fieldstart|move: Grassy Terrain|[from] ability: Grassy Surge|[of] p1a: Rillaboom
|turn|19
|
|t:|1641857767
|move|p1a: Rillaboom|Fake Out|p2a: Snorlax
|-damage|p2a: Snorlax|0 fnt
|faint|p2a: Snorlax
|
|-heal|p1a: Rillaboom|88/100|[from] Grassy Terrain
|upkeep
|
|t:|1641857773
|switch|p2a: Jirachi|Jirachi|100/100
|-damage|p2a: Jirachi|94/100|[from] Stealth Rock
|turn|20
|
|t:|1641857782
|move|p1a: Rillaboom|Wood Hammer|p2a: Jirachi
|-resisted|p2a: Jirachi
|-damage|p2a: Jirachi|59/100
|-damage|p1a: Rillaboom|74/100|[from] Recoil
|move|p2a: Jirachi|Body Slam|p1a: Rillaboom
|-damage|p1a: Rillaboom|52/100
|-status|p1a: Rillaboom|par
|
|-heal|p2a: Jirachi|65/100|[from] Grassy Terrain
|-heal|p2a: Jirachi|71/100|[from] item: Leftovers
|-heal|p1a: Rillaboom|58/100 par|[from] Grassy Terrain
|upkeep
|turn|21
|
|t:|1641857797
|move|p2a: Jirachi|Substitute|p2a: Jirachi
|-start|p2a: Jirachi|Substitute
|-damage|p2a: Jirachi|46/100
|move|p1a: Rillaboom|Wood Hammer|p2a: Jirachi
|-resisted|p2a: Jirachi
|-end|p2a: Jirachi|Substitute
|-damage|p1a: Rillaboom|49/100 par|[from] Recoil|[of] p2a: Jirachi
|
|-heal|p2a: Jirachi|52/100|[from] Grassy Terrain
|-heal|p2a: Jirachi|58/100|[from] item: Leftovers
|-heal|p1a: Rillaboom|55/100 par|[from] Grassy Terrain
|upkeep
|turn|22
|
|t:|1641857810
|move|p2a: Jirachi|Substitute|p2a: Jirachi
|-start|p2a: Jirachi|Substitute
|-damage|p2a: Jirachi|33/100
|cant|p1a: Rillaboom|par
|
|-heal|p2a: Jirachi|40/100|[from] Grassy Terrain
|-heal|p2a: Jirachi|46/100|[from] item: Leftovers
|-heal|p1a: Rillaboom|61/100 par|[from] Grassy Terrain
|upkeep
|turn|23
|
|t:|1641857820
|move|p2a: Jirachi|Iron Head|p1a: Rillaboom
|-damage|p1a: Rillaboom|31/100 par
|move|p1a: Rillaboom|Wood Hammer|p2a: Jirachi
|-resisted|p2a: Jirachi
|-end|p2a: Jirachi|Substitute
|-damage|p1a: Rillaboom|21/100 par|[from] Recoil|[of] p2a: Jirachi
|
|-heal|p2a: Jirachi|52/100|[from] Grassy Terrain
|-heal|p2a: Jirachi|58/100|[from] item: Leftovers
|-heal|p1a: Rillaboom|27/100 par|[from] Grassy Terrain
|-fieldend|move: Grassy Terrain
|upkeep
|turn|24
|
|t:|1641857834
|move|p2a: Jirachi|Substitute|p2a: Jirachi
|-start|p2a: Jirachi|Substitute
|-damage|p2a: Jirachi|33/100
|move|p1a: Rillaboom|Grassy Glide|p2a: Jirachi
|-resisted|p2a: Jirachi
|-crit|p2a: Jirachi
|-activate|p2a: Jirachi|move: Substitute|[damage]
|
|-heal|p2a: Jirachi|39/100|[from] item: Leftovers
|upkeep
|turn|25
|
|t:|1641857845
|move|p2a: Jirachi|Wish|p2a: Jirachi
|cant|p1a: Rillaboom|par
|
|-heal|p2a: Jirachi|46/100|[from] item: Leftovers
|upkeep
|turn|26
|
|t:|1641857854
|move|p2a: Jirachi|Wish||[still]
|-fail|p2a: Jirachi
|move|p1a: Rillaboom|Grassy Glide|p2a: Jirachi
|-resisted|p2a: Jirachi
|-end|p2a: Jirachi|Substitute
|
|-heal|p2a: Jirachi|96/100|[from] move: Wish|[wisher] Jirachi
|-heal|p2a: Jirachi|100/100|[from] item: Leftovers
|upkeep
|turn|27
|
|t:|1641857865
|move|p2a: Jirachi|Substitute|p2a: Jirachi
|-start|p2a: Jirachi|Substitute
|-damage|p2a: Jirachi|75/100
|cant|p1a: Rillaboom|par
|
|-heal|p2a: Jirachi|82/100|[from] item: Leftovers
|upkeep
|turn|28
|
|t:|1641857873
|move|p2a: Jirachi|Wish|p2a: Jirachi
|move|p1a: Rillaboom|Grassy Glide|p2a: Jirachi
|-resisted|p2a: Jirachi
|-activate|p2a: Jirachi|move: Substitute|[damage]
|
|-heal|p2a: Jirachi|88/100|[from] item: Leftovers
|upkeep
|turn|29
|-message|Bunnyhop 54 forfeited.
|
|win|cowboy cracker boy
|raw|Bunnyhop 54's rating: 1097 &rarr; <strong>1076</strong><br />(-21 for losing)
|raw|cowboy cracker boy's rating: 1149 &rarr; <strong>1170</strong><br />(+21 for winning)
|l|☆Bunnyhop 54
