|j|☆MrNom
|j|☆Pindustry
|t:|1641804631
|gametype|singles
|player|p1|MrNom|skyla|
|player|p2|Pindustry|candice|
|teamsize|p1|6
|teamsize|p2|6
|gen|8
|tier|[Gen 8] OU
|rule|Sleep Clause Mod: Limit one foe put to sleep
|rule|Species Clause: Limit one of each Pokémon
|rule|OHKO Clause: OHKO moves are banned
|rule|Evasion Moves Clause: Evasion moves are banned
|rule|Endless Battle Clause: Forcing endless battles is banned
|rule|HP Percentage Mod: HP is shown in percentages
|rule|Dynamax Clause: You cannot dynamax
|clearpoke
|poke|p1|Snorlax, M|
|poke|p1|Turtonator, M|
|poke|p1|Heliolisk, F|
|poke|p1|Chandelure, F|
|poke|p1|Hawlucha, M|
|poke|p1|Polteageist|
|poke|p2|Indeedee, M|
|poke|p2|Tapu Lele|
|poke|p2|Tapu Fini|
|poke|p2|Hawlucha, M|
|poke|p2|Heatran, M|
|poke|p2|Landorus-Therian, M|
|teampreview
|
|t:|1641804647
|start
|switch|p1a: Turtonator|Turtonator, M|100/100
|switch|p2a: Tapu Lele|Tapu Lele|100/100
|-fieldstart|move: Psychic Terrain|[from] ability: Psychic Surge|[of] p2a: Tapu Lele
|turn|1
|
|t:|1641804657
|switch|p1a: Snorlax|Snorlax, M|100/100
|move|p2a: Tapu Lele|Psychic|p1a: Snorlax
|-damage|p1a: Snorlax|61/100
|
|upkeep
|turn|2
|
|t:|1641804665
|move|p2a: Tapu Lele|Psychic|p1a: Snorlax
|-damage|p1a: Snorlax|24/100
|move|p1a: Snorlax|Curse|p1a: Snorlax
|-unboost|p1a: Snorlax|spe|1
|-boost|p1a: Snorlax|atk|1
|-boost|p1a: Snorlax|def|1
|
|upkeep
|turn|3
|
|t:|1641804682
|move|p2a: Tapu Lele|Psychic|p1a: Snorlax
|-damage|p1a: Snorlax|0 fnt
|faint|p1a: Snorlax
|
|upkeep
|
|t:|1641804686
|switch|p1a: The Fryer|Chandelure, F, shiny|100/100
|turn|4
|
|t:|1641804700
|move|p2a: Tapu Lele|Psychic|p1a: The Fryer
|-damage|p1a: The Fryer|0 fnt
|faint|p1a: The Fryer
|
|upkeep
|
|t:|1641804708
|switch|p1a: KFLizard|Heliolisk, F, shiny|100/100
|turn|5
|
|t:|1641804713
|move|p1a: KFLizard|Volt Switch|p2a: Tapu Lele
|-damage|p2a: Tapu Lele|51/100
|-damage|p1a: KFLizard|91/100|[from] item: Life Orb
|
|t:|1641804718
|switch|p1a: Turtonator|Turtonator, M|100/100|[from]move: Volt Switch
|move|p2a: Tapu Lele|Psychic|p1a: Turtonator
|-damage|p1a: Turtonator|0 fnt
|faint|p1a: Turtonator
|
|-fieldend|move: Psychic Terrain
|upkeep
|
|t:|1641804727
|switch|p1a: Polteageist|Polteageist|100/100
|turn|6
|
|t:|1641804729
|move|p2a: Tapu Lele|Psychic|p1a: Polteageist
|-damage|p1a: Polteageist|24/100
|move|p1a: Polteageist|Shell Smash|p1a: Polteageist
|-unboost|p1a: Polteageist|def|1
|-unboost|p1a: Polteageist|spd|1
|-boost|p1a: Polteageist|atk|2
|-boost|p1a: Polteageist|spa|2
|-boost|p1a: Polteageist|spe|2
|
|upkeep
|turn|7
|
|t:|1641804738
|move|p1a: Polteageist|Stored Power|p2a: Tapu Lele
|-resisted|p2a: Tapu Lele
|-damage|p2a: Tapu Lele|0 fnt
|faint|p2a: Tapu Lele
|
|upkeep
|
|t:|1641804741
|switch|p2a: Tapu Fini|Tapu Fini|100/100
|-fieldstart|move: Misty Terrain|[from] ability: Misty Surge|[of] p2a: Tapu Fini
|turn|8
|
|t:|1641804751
|move|p1a: Polteageist|Stored Power|p2a: Tapu Fini
|-damage|p2a: Tapu Fini|0 fnt
|faint|p2a: Tapu Fini
|
|upkeep
|
|t:|1641804757
|switch|p2a: Indeedee|Indeedee, M|100/100
|-fieldstart|move: Psychic Terrain|[from] ability: Psychic Surge|[of] p2a: Indeedee
|turn|9
|
|t:|1641804762
|move|p1a: Polteageist|Shadow Ball|p2a: Indeedee
|-immune|p2a: Indeedee
|move|p2a: Indeedee|Expanding Force|p1a: Polteageist
|-crit|p1a: Polteageist
|-damage|p1a: Polteageist|0 fnt
|faint|p1a: Polteageist
|-damage|p2a: Indeedee|91/100|[from] item: Life Orb
|
|upkeep
|j| Drop A Fish
|
|t:|1641804772
|switch|p1a: KFLizard|Heliolisk, F, shiny|91/100
|turn|10
|
|t:|1641804775
|move|p1a: KFLizard|Dark Pulse|p2a: Indeedee
|-supereffective|p2a: Indeedee
|-damage|p2a: Indeedee|0 fnt
|faint|p2a: Indeedee
|-damage|p1a: KFLizard|81/100|[from] item: Life Orb
|
|upkeep
|
|t:|1641804791
|switch|p2a: Landorus|Landorus-Therian, M|100/100
|-ability|p2a: Landorus|Intimidate|boost
|-unboost|p1a: KFLizard|atk|1
|turn|11
|
|t:|1641804799
|move|p1a: KFLizard|Surf|p2a: Landorus
|-supereffective|p2a: Landorus
|-damage|p2a: Landorus|13/100
|-damage|p1a: KFLizard|71/100|[from] item: Life Orb
|move|p2a: Landorus|Knock Off|p1a: KFLizard
|-damage|p1a: KFLizard|0 fnt
|-enditem|p1a: KFLizard|Life Orb|[from] move: Knock Off|[of] p2a: Landorus
|faint|p1a: KFLizard
|
|-heal|p2a: Landorus|19/100|[from] item: Leftovers
|upkeep
|
|t:|1641804808
|switch|p1a: Hawlucha|Hawlucha, M|100/100
|turn|12
|
|t:|1641804814
|move|p1a: Hawlucha|Close Combat|p2a: Landorus
|-resisted|p2a: Landorus
|-damage|p2a: Landorus|0 fnt
|-unboost|p1a: Hawlucha|def|1
|-unboost|p1a: Hawlucha|spd|1
|-enditem|p1a: Hawlucha|White Herb
|-clearnegativeboost|p1a: Hawlucha|[silent]
|faint|p2a: Landorus
|
|upkeep
|
|t:|1641804829
|switch|p2a: Hawlucha|Hawlucha, M|100/100
|-enditem|p2a: Hawlucha|Psychic Seed
|-boost|p2a: Hawlucha|spd|1|[from] item: Psychic Seed
|turn|13
|inactive|Battle timer is ON: inactive players will automatically lose when time's up. (requested by MrNom)
|
|t:|1641804846
|move|p1a: Hawlucha|Acrobatics|p2a: Hawlucha
|-supereffective|p2a: Hawlucha
|-crit|p2a: Hawlucha
|-damage|p2a: Hawlucha|0 fnt
|faint|p2a: Hawlucha
|
|-fieldend|move: Psychic Terrain
|upkeep
|
|t:|1641804850
|switch|p2a: Heatran|Heatran, M|100/100
|turn|14
|
|t:|1641804853
|move|p1a: Hawlucha|Close Combat|p2a: Heatran
|-supereffective|p2a: Heatran
|-damage|p2a: Heatran|11/100
|-unboost|p1a: Hawlucha|def|1
|-unboost|p1a: Hawlucha|spd|1
|move|p2a: Heatran|Eruption|p1a: Hawlucha
|-damage|p1a: Hawlucha|80/100
|
|upkeep
|turn|15
|
|t:|1641804860
|move|p1a: Hawlucha|Drain Punch|p2a: Heatran
|-supereffective|p2a: Heatran
|-damage|p2a: Heatran|0 fnt
|-heal|p1a: Hawlucha|86/100|[from] drain|[of] p2a: Heatran
|faint|p2a: Heatran
|
|win|MrNom
|l|☆Pindustry
