|j|☆schoolgoer72
|j|‽shakthar_fan
|t:|1641850556
|gametype|singles
|player|p1|schoolgoer72|riley|1515
|player|p2|shakthar_fan|265|1546
|teamsize|p1|6
|teamsize|p2|6
|gen|8
|tier|[Gen 8] OU
|rated|
|rule|Sleep Clause Mod: Limit one foe put to sleep
|rule|Species Clause: Limit one of each Pokémon
|rule|OHKO Clause: OHKO moves are banned
|rule|Evasion Moves Clause: Evasion moves are banned
|rule|Endless Battle Clause: Forcing endless battles is banned
|rule|HP Percentage Mod: HP is shown in percentages
|rule|Dynamax Clause: You cannot dynamax
|clearpoke
|poke|p1|Shuckle, F|
|poke|p1|Blaziken, M|
|poke|p1|Tapu Lele|
|poke|p1|Zapdos-Galar|
|poke|p1|Gengar, M|
|poke|p1|Garchomp, F|
|poke|p2|Blacephalon|
|poke|p2|Corviknight, F|
|poke|p2|Slowking-Galar, M|
|poke|p2|Weavile, M|
|poke|p2|Landorus-Therian, M|
|poke|p2|Toxapex, F|
|teampreview
|inactive|Battle timer is ON: inactive players will automatically lose when time's up. (requested by schoolgoer72)
|
|t:|1641850564
|start
|switch|p1a: Shuckle|Shuckle, F|100/100
|switch|p2a: Landorus|Landorus-Therian, M|100/100
|-ability|p2a: Landorus|Intimidate|boost
|-unboost|p1a: Shuckle|atk|1
|turn|1
|
|t:|1641850568
|move|p2a: Landorus|Toxic|p1a: Shuckle
|-status|p1a: Shuckle|tox
|move|p1a: Shuckle|Sticky Web|p2a: Landorus
|-sidestart|p2: shakthar_fan|move: Sticky Web
|
|-damage|p1a: Shuckle|94/100 tox|[from] psn
|upkeep
|turn|2
|
|t:|1641850570
|move|p2a: Landorus|Defog|p1a: Shuckle
|-unboost|p1a: Shuckle|evasion|1
|-sideend|p2: shakthar_fan|Sticky Web|[from] move: Defog|[of] p2a: Landorus
|move|p1a: Shuckle|Stealth Rock|p2a: Landorus
|-sidestart|p2: shakthar_fan|move: Stealth Rock
|
|-damage|p1a: Shuckle|82/100 tox|[from] psn
|upkeep
|turn|3
|
|t:|1641850572
|move|p2a: Landorus|Defog|p1a: Shuckle
|-unboost|p1a: Shuckle|evasion|1
|-sideend|p2: shakthar_fan|Stealth Rock|[from] move: Defog|[of] p2a: Landorus
|move|p1a: Shuckle|Encore|p2a: Landorus
|-start|p2a: Landorus|Encore
|
|-damage|p1a: Shuckle|64/100 tox|[from] psn
|upkeep
|turn|4
|
|t:|1641850574
|switch|p1a: Zapdos|Zapdos-Galar|100/100
|move|p2a: Landorus|Defog|p1a: Zapdos
|-unboost|p1a: Zapdos|evasion|1
|-ability|p1a: Zapdos|Defiant
|-boost|p1a: Zapdos|atk|2
|
|upkeep
|turn|5
|
|t:|1641850579
|switch|p2a: Toxapex|Toxapex, F|100/100
|move|p1a: Zapdos|Brave Bird|p2a: Toxapex
|-damage|p2a: Toxapex|14/100
|-damage|p1a: Zapdos|74/100|[from] Recoil
|-enditem|p2a: Toxapex|Eject Button
|
|t:|1641850582
|switch|p2a: Weavile|Weavile, M|100/100
|-ability|p2a: Weavile|Pressure
|
|upkeep
|turn|6
|
|t:|1641850587
|move|p2a: Weavile|Ice Shard|p1a: Zapdos
|-supereffective|p1a: Zapdos
|-damage|p1a: Zapdos|3/100
|move|p1a: Zapdos|Brave Bird|p2a: Weavile
|-damage|p2a: Weavile|0 fnt
|faint|p2a: Weavile
|-damage|p1a: Zapdos|0 fnt|[from] Recoil
|faint|p1a: Zapdos
|
|upkeep
|
|t:|1641850599
|switch|p2a: Toxapex|Toxapex, F|48/100
|switch|p1a: Tapu Lele|Tapu Lele|100/100
|-fieldstart|move: Psychic Terrain|[from] ability: Psychic Surge|[of] p1a: Tapu Lele
|turn|7
|
|t:|1641850602
|switch|p2a: Slowking|Slowking-Galar, M|100/100
|move|p1a: Tapu Lele|Psychic|p2a: Slowking
|-damage|p2a: Slowking|45/100
|
|upkeep
|turn|8
|
|t:|1641850604
|switch|p2a: Corviknight|Corviknight, F|100/100
|-ability|p2a: Corviknight|Pressure
|move|p1a: Tapu Lele|Psychic|p2a: Corviknight
|-resisted|p2a: Corviknight
|-damage|p2a: Corviknight|53/100
|
|-heal|p2a: Corviknight|59/100|[from] item: Leftovers
|upkeep
|turn|9
|
|t:|1641850612
|switch|p1a: Shuckle|Shuckle, F|64/100 tox
|move|p2a: Corviknight|Roost|p2a: Corviknight
|-heal|p2a: Corviknight|100/100
|-singleturn|p2a: Corviknight|move: Roost
|
|-damage|p1a: Shuckle|57/100 tox|[from] psn
|upkeep
|turn|10
|
|t:|1641850614
|move|p2a: Corviknight|Body Press|p1a: Shuckle
|-damage|p1a: Shuckle|42/100 tox
|move|p1a: Shuckle|Stealth Rock|p2a: Corviknight
|-sidestart|p2: shakthar_fan|move: Stealth Rock
|
|-damage|p1a: Shuckle|30/100 tox|[from] psn
|upkeep
|turn|11
|
|t:|1641850617
|move|p2a: Corviknight|Defog|p1a: Shuckle
|-unboost|p1a: Shuckle|evasion|1
|-sideend|p2: shakthar_fan|Stealth Rock|[from] move: Defog|[of] p2a: Corviknight
|-fieldend|move: Psychic Terrain
|move|p1a: Shuckle|Encore|p2a: Corviknight
|-start|p2a: Corviknight|Encore
|
|-damage|p1a: Shuckle|12/100 tox|[from] psn
|upkeep
|turn|12
|
|t:|1641850622
|switch|p2a: Blacephalon|Blacephalon|100/100
|move|p1a: Shuckle|Stealth Rock|p2a: Blacephalon
|-sidestart|p2: shakthar_fan|move: Stealth Rock
|
|-damage|p1a: Shuckle|0 fnt|[from] psn
|faint|p1a: Shuckle
|upkeep
|
|t:|1641850629
|switch|p1a: Garchomp|Garchomp, F|100/100
|turn|13
|
|t:|1641850634
|move|p2a: Blacephalon|Trick|p1a: Garchomp
|-activate|p2a: Blacephalon|move: Trick|[of] p1a: Garchomp
|-item|p1a: Garchomp|Choice Specs|[from] move: Trick
|-item|p2a: Blacephalon|Leftovers|[from] move: Trick
|move|p1a: Garchomp|Stone Edge|p2a: Blacephalon
|-supereffective|p2a: Blacephalon
|-damage|p2a: Blacephalon|0 fnt
|faint|p2a: Blacephalon
|
|upkeep
|
|t:|1641850637
|switch|p2a: Landorus|Landorus-Therian, M|100/100
|-damage|p2a: Landorus|88/100|[from] Stealth Rock
|-ability|p2a: Landorus|Intimidate|boost
|-unboost|p1a: Garchomp|atk|1
|turn|14
|
|t:|1641850640
|switch|p1a: Tapu Lele|Tapu Lele|100/100
|-fieldstart|move: Psychic Terrain|[from] ability: Psychic Surge|[of] p1a: Tapu Lele
|move|p2a: Landorus|Defog|p1a: Tapu Lele
|-unboost|p1a: Tapu Lele|evasion|1
|-sideend|p2: shakthar_fan|Stealth Rock|[from] move: Defog|[of] p2a: Landorus
|-fieldend|move: Psychic Terrain
|
|-heal|p2a: Landorus|94/100|[from] item: Leftovers
|upkeep
|turn|15
|
|t:|1641850642
|switch|p2a: Corviknight|Corviknight, F|100/100
|-ability|p2a: Corviknight|Pressure
|move|p1a: Tapu Lele|Psychic|p2a: Corviknight
|-resisted|p2a: Corviknight
|-damage|p2a: Corviknight|66/100
|
|-heal|p2a: Corviknight|72/100|[from] item: Leftovers
|upkeep
|turn|16
|
|t:|1641850644
|switch|p1a: Blaziken|Blaziken, M|100/100
|move|p2a: Corviknight|U-turn|p1a: Blaziken
|-resisted|p1a: Blaziken
|-damage|p1a: Blaziken|95/100
|
|t:|1641850646
|switch|p2a: Landorus|Landorus-Therian, M|94/100|[from]move: U-turn
|-ability|p2a: Landorus|Intimidate|boost
|-unboost|p1a: Blaziken|atk|1
|
|-heal|p2a: Landorus|99/100|[from] item: Leftovers
|upkeep
|turn|17
|
|t:|1641850649
|switch|p1a: Garchomp|Garchomp, F|100/100
|move|p2a: Landorus|Earthquake|p1a: Garchomp
|-damage|p1a: Garchomp|61/100
|
|-heal|p2a: Landorus|100/100|[from] item: Leftovers
|upkeep
|turn|18
|
|t:|1641850654
|switch|p1a: Blaziken|Blaziken, M|95/100
|move|p2a: Landorus|Toxic|p1a: Blaziken
|-status|p1a: Blaziken|tox
|
|-damage|p1a: Blaziken|89/100 tox|[from] psn
|upkeep
|turn|19
|
|t:|1641850658
|switch|p1a: Garchomp|Garchomp, F|61/100
|move|p2a: Landorus|Earthquake|p1a: Garchomp
|-damage|p1a: Garchomp|20/100
|
|upkeep
|turn|20
|
|t:|1641850660
|switch|p2a: Corviknight|Corviknight, F|72/100
|-ability|p2a: Corviknight|Pressure
|move|p1a: Garchomp|Stone Edge|p2a: Corviknight
|-damage|p2a: Corviknight|54/100
|
|-heal|p2a: Corviknight|60/100|[from] item: Leftovers
|upkeep
|turn|21
|
|t:|1641850662
|move|p1a: Garchomp|Stone Edge|p2a: Corviknight|[miss]
|-miss|p1a: Garchomp|p2a: Corviknight
|move|p2a: Corviknight|U-turn|p1a: Garchomp
|-damage|p1a: Garchomp|8/100
|-damage|p2a: Corviknight|48/100|[from] ability: Rough Skin|[of] p1a: Garchomp
|
|t:|1641850665
|switch|p2a: Landorus|Landorus-Therian, M|100/100|[from]move: U-turn
|-ability|p2a: Landorus|Intimidate|boost
|-unboost|p1a: Garchomp|atk|1
|
|upkeep
|turn|22
|
|t:|1641850667
|switch|p2a: Corviknight|Corviknight, F|48/100
|-ability|p2a: Corviknight|Pressure
|move|p1a: Garchomp|Stone Edge|p2a: Corviknight
|-damage|p2a: Corviknight|35/100
|
|-heal|p2a: Corviknight|41/100|[from] item: Leftovers
|upkeep
|turn|23
|
|t:|1641850671
|switch|p1a: Tapu Lele|Tapu Lele|100/100
|-fieldstart|move: Psychic Terrain|[from] ability: Psychic Surge|[of] p1a: Tapu Lele
|move|p2a: Corviknight|Roost|p2a: Corviknight
|-heal|p2a: Corviknight|91/100
|-singleturn|p2a: Corviknight|move: Roost
|
|-heal|p2a: Corviknight|97/100|[from] item: Leftovers
|upkeep
|turn|24
|
|t:|1641850674
|switch|p2a: Slowking|Slowking-Galar, M|79/100
|move|p1a: Tapu Lele|Psychic|p2a: Slowking
|-damage|p2a: Slowking|30/100
|
|upkeep
|turn|25
|
|t:|1641850677
|switch|p2a: Corviknight|Corviknight, F|97/100
|-ability|p2a: Corviknight|Pressure
|move|p1a: Tapu Lele|Psychic|p2a: Corviknight
|-resisted|p2a: Corviknight
|-damage|p2a: Corviknight|47/100
|
|-heal|p2a: Corviknight|53/100|[from] item: Leftovers
|upkeep
|turn|26
|
|t:|1641850680
|move|p1a: Tapu Lele|Psychic|p2a: Corviknight
|-resisted|p2a: Corviknight
|-damage|p2a: Corviknight|2/100
|move|p2a: Corviknight|Roost|p2a: Corviknight
|-heal|p2a: Corviknight|52/100
|-singleturn|p2a: Corviknight|move: Roost
|
|-heal|p2a: Corviknight|58/100|[from] item: Leftovers
|upkeep
|turn|27
|
|t:|1641850682
|move|p1a: Tapu Lele|Psychic|p2a: Corviknight
|-resisted|p2a: Corviknight
|-damage|p2a: Corviknight|11/100
|move|p2a: Corviknight|Roost|p2a: Corviknight
|-heal|p2a: Corviknight|61/100
|-singleturn|p2a: Corviknight|move: Roost
|
|-heal|p2a: Corviknight|67/100|[from] item: Leftovers
|-fieldend|move: Psychic Terrain
|upkeep
|turn|28
|
|t:|1641850684
|move|p1a: Tapu Lele|Psychic|p2a: Corviknight
|-resisted|p2a: Corviknight
|-damage|p2a: Corviknight|32/100
|move|p2a: Corviknight|Roost|p2a: Corviknight
|-heal|p2a: Corviknight|82/100
|-singleturn|p2a: Corviknight|move: Roost
|
|-heal|p2a: Corviknight|88/100|[from] item: Leftovers
|upkeep
|turn|29
|
|t:|1641850687
|switch|p1a: Blaziken|Blaziken, M|89/100 tox
|move|p2a: Corviknight|U-turn|p1a: Blaziken
|-resisted|p1a: Blaziken
|-damage|p1a: Blaziken|84/100 tox
|
|t:|1641850689
|switch|p2a: Landorus|Landorus-Therian, M|100/100|[from]move: U-turn
|-ability|p2a: Landorus|Intimidate|boost
|-unboost|p1a: Blaziken|atk|1
|
|-damage|p1a: Blaziken|78/100 tox|[from] psn
|upkeep
|turn|30
|
|t:|1641850691
|switch|p1a: Garchomp|Garchomp, F|8/100
|move|p2a: Landorus|Earthquake|p1a: Garchomp
|-damage|p1a: Garchomp|0 fnt
|faint|p1a: Garchomp
|
|upkeep
|
|t:|1641850693
|switch|p1a: Tapu Lele|Tapu Lele|100/100
|-fieldstart|move: Psychic Terrain|[from] ability: Psychic Surge|[of] p1a: Tapu Lele
|turn|31
|
|t:|1641850695
|switch|p2a: Corviknight|Corviknight, F|88/100
|-ability|p2a: Corviknight|Pressure
|move|p1a: Tapu Lele|Psychic|p2a: Corviknight
|-resisted|p2a: Corviknight
|-damage|p2a: Corviknight|37/100
|
|-heal|p2a: Corviknight|43/100|[from] item: Leftovers
|upkeep
|turn|32
|
|t:|1641850698
|switch|p1a: Blaziken|Blaziken, M|78/100 tox
|move|p2a: Corviknight|Roost|p2a: Corviknight
|-heal|p2a: Corviknight|93/100
|-singleturn|p2a: Corviknight|move: Roost
|
|-heal|p2a: Corviknight|99/100|[from] item: Leftovers
|-damage|p1a: Blaziken|72/100 tox|[from] psn
|upkeep
|turn|33
|
|t:|1641850703
|move|p1a: Blaziken|Swords Dance|p1a: Blaziken
|-boost|p1a: Blaziken|atk|2
|move|p2a: Corviknight|U-turn|p1a: Blaziken
|-resisted|p1a: Blaziken
|-damage|p1a: Blaziken|67/100 tox
|
|t:|1641850704
|switch|p2a: Landorus|Landorus-Therian, M|100/100|[from]move: U-turn
|-ability|p2a: Landorus|Intimidate|boost
|-unboost|p1a: Blaziken|atk|1
|
|-damage|p1a: Blaziken|55/100 tox|[from] psn
|-ability|p1a: Blaziken|Speed Boost|boost
|-boost|p1a: Blaziken|spe|1
|upkeep
|turn|34
|
|t:|1641850707
|switch|p2a: Toxapex|Toxapex, F|81/100
|move|p1a: Blaziken|Close Combat|p2a: Toxapex
|-resisted|p2a: Toxapex
|-damage|p2a: Toxapex|39/100
|-unboost|p1a: Blaziken|def|1
|-unboost|p1a: Blaziken|spd|1
|-damage|p1a: Blaziken|45/100 tox|[from] item: Life Orb
|
|-damage|p1a: Blaziken|27/100 tox|[from] psn
|-ability|p1a: Blaziken|Speed Boost|boost
|-boost|p1a: Blaziken|spe|1
|upkeep
|turn|35
|
|t:|1641850709
|switch|p2a: Landorus|Landorus-Therian, M|100/100
|-ability|p2a: Landorus|Intimidate|boost
|-unboost|p1a: Blaziken|atk|1
|move|p1a: Blaziken|Close Combat|p2a: Landorus
|-resisted|p2a: Landorus
|-damage|p2a: Landorus|61/100
|-unboost|p1a: Blaziken|def|1
|-unboost|p1a: Blaziken|spd|1
|-damage|p1a: Blaziken|17/100 tox|[from] item: Life Orb
|
|-heal|p2a: Landorus|67/100|[from] item: Leftovers
|-damage|p1a: Blaziken|0 fnt|[from] psn
|faint|p1a: Blaziken
|-fieldend|move: Psychic Terrain
|upkeep
|
|t:|1641850712
|switch|p1a: Tapu Lele|Tapu Lele|100/100
|-fieldstart|move: Psychic Terrain|[from] ability: Psychic Surge|[of] p1a: Tapu Lele
|turn|36
|
|t:|1641850715
|switch|p2a: Toxapex|Toxapex, F|72/100
|move|p1a: Tapu Lele|Moonblast|p2a: Toxapex
|-resisted|p2a: Toxapex
|-damage|p2a: Toxapex|39/100
|
|upkeep
|turn|37
|
|t:|1641850717
|move|p1a: Tapu Lele|Moonblast|p2a: Toxapex
|-resisted|p2a: Toxapex
|-damage|p2a: Toxapex|6/100
|move|p2a: Toxapex|Recover|p2a: Toxapex
|-heal|p2a: Toxapex|56/100
|
|upkeep
|turn|38
|
|t:|1641850720
|switch|p1a: Gengar|Gengar, M|100/100
|move|p2a: Toxapex|Scald|p1a: Gengar
|-damage|p1a: Gengar|70/100
|
|upkeep
|turn|39
|
|t:|1641850722
|move|p1a: Gengar|Nasty Plot|p1a: Gengar
|-boost|p1a: Gengar|spa|2
|move|p2a: Toxapex|Knock Off|p1a: Gengar
|-supereffective|p1a: Gengar
|-damage|p1a: Gengar|12/100
|-enditem|p1a: Gengar|Life Orb|[from] move: Knock Off|[of] p2a: Toxapex
|
|upkeep
|turn|40
|
|t:|1641850723
|move|p1a: Gengar|Shadow Ball|p2a: Toxapex
|-damage|p2a: Toxapex|0 fnt
|faint|p2a: Toxapex
|
|-fieldend|move: Psychic Terrain
|upkeep
|
|t:|1641850726
|switch|p2a: Corviknight|Corviknight, F|99/100
|-ability|p2a: Corviknight|Pressure
|turn|41
|
|t:|1641850728
|move|p1a: Gengar|Shadow Ball|p2a: Corviknight
|-damage|p2a: Corviknight|12/100
|move|p2a: Corviknight|U-turn|p1a: Gengar
|-resisted|p1a: Gengar
|-damage|p1a: Gengar|5/100
|
|t:|1641850731
|switch|p2a: Landorus|Landorus-Therian, M|67/100|[from]move: U-turn
|-ability|p2a: Landorus|Intimidate|boost
|-unboost|p1a: Gengar|atk|1
|
|-heal|p2a: Landorus|73/100|[from] item: Leftovers
|upkeep
|turn|42
|
|t:|1641850736
|move|p1a: Gengar|Shadow Ball|p2a: Landorus
|-damage|p2a: Landorus|9/100
|move|p2a: Landorus|Earthquake|p1a: Gengar
|-supereffective|p1a: Gengar
|-damage|p1a: Gengar|0 fnt
|faint|p1a: Gengar
|
|-heal|p2a: Landorus|15/100|[from] item: Leftovers
|upkeep
|
|t:|1641850738
|switch|p1a: Tapu Lele|Tapu Lele|100/100
|-fieldstart|move: Psychic Terrain|[from] ability: Psychic Surge|[of] p1a: Tapu Lele
|turn|43
|
|t:|1641850742
|move|p1a: Tapu Lele|Psyshock|p2a: Landorus
|-damage|p2a: Landorus|0 fnt
|faint|p2a: Landorus
|
|upkeep
|
|t:|1641850743
|switch|p2a: Slowking|Slowking-Galar, M|63/100
|turn|44
|
|t:|1641850744
|move|p1a: Tapu Lele|Psyshock|p2a: Slowking
|-damage|p2a: Slowking|0 fnt
|faint|p2a: Slowking
|
|upkeep
|
|t:|1641850746
|switch|p2a: Corviknight|Corviknight, F|12/100
|-ability|p2a: Corviknight|Pressure
|turn|45
|l|‽shakthar_fan
|inactive|shakthar_fan disconnected and has a minute to reconnect!
|player|p2|
|inactive|shakthar_fan has 30 seconds to reconnect!
|inactive|shakthar_fan has 20 seconds to reconnect!
|inactive|shakthar_fan has 15 seconds to reconnect!
|inactive|shakthar_fan has 10 seconds to reconnect!
|inactive|shakthar_fan has 5 seconds to reconnect!
|-message|shakthar_fan lost due to inactivity.
|
|win|schoolgoer72
|raw|schoolgoer72's rating: 1515 &rarr; <strong>1536</strong><br />(+21 for winning)
|raw|shakthar_fan's rating: 1526 &rarr; <strong>1505</strong><br />(-21 for losing)
