|j|☆julian113
|j|☆Kyerndo
|t:|1641852943
|gametype|singles
|player|p1|julian113|266|1484
|player|p2|Kyerndo|psychic|1516
|teamsize|p1|6
|teamsize|p2|6
|gen|8
|tier|[Gen 8] OU
|rated|
|rule|Sleep Clause Mod: Limit one foe put to sleep
|rule|Species Clause: Limit one of each Pokémon
|rule|OHKO Clause: OHKO moves are banned
|rule|Evasion Moves Clause: Evasion moves are banned
|rule|Endless Battle Clause: Forcing endless battles is banned
|rule|HP Percentage Mod: HP is shown in percentages
|rule|Dynamax Clause: You cannot dynamax
|clearpoke
|poke|p1|Ninetales-Alola, M|
|poke|p1|Arctozolt|
|poke|p1|Corviknight, M|
|poke|p1|Landorus-Therian, M|
|poke|p1|Urshifu-*, F|
|poke|p1|Tornadus-Therian, M|
|poke|p2|Heatran, F|
|poke|p2|Garchomp, M|
|poke|p2|Tapu Fini|
|poke|p2|Volcarona, F|
|poke|p2|Scizor, F|
|poke|p2|Thundurus, M|
|teampreview
|
|t:|1641852949
|start
|switch|p1a: Ninetales|Ninetales-Alola, M|100/100
|switch|p2a: Thundurus|Thundurus, M|100/100
|-weather|Hail|[from] ability: Snow Warning|[of] p1a: Ninetales
|turn|1
|
|t:|1641852961
|move|p2a: Thundurus|Wild Charge|p1a: Ninetales
|-damage|p1a: Ninetales|14/100
|-damage|p2a: Thundurus|75/100|[from] Recoil
|move|p1a: Ninetales|Aurora Veil|p1a: Ninetales
|-sidestart|p1: julian113|move: Aurora Veil
|
|-weather|Hail|[upkeep]
|-damage|p2a: Thundurus|69/100|[from] Hail
|upkeep
|turn|2
|
|t:|1641852970
|switch|p2a: Scizor|Scizor, F|100/100
|switch|p1a: Landorus|Landorus-Therian, M|100/100
|-ability|p1a: Landorus|Intimidate|boost
|-unboost|p2a: Scizor|atk|1
|
|-weather|Hail|[upkeep]
|-damage|p1a: Landorus|94/100|[from] Hail
|-damage|p2a: Scizor|94/100|[from] Hail
|-heal|p1a: Landorus|100/100|[from] item: Leftovers
|upkeep
|turn|3
|inactive|Battle timer is ON: inactive players will automatically lose when time's up. (requested by julian113)
|
|t:|1641852991
|switch|p2a: Garchomp|Garchomp, M|100/100
|move|p1a: Landorus|Earthquake|p2a: Garchomp
|-damage|p2a: Garchomp|54/100
|
|-weather|Hail|[upkeep]
|-damage|p2a: Garchomp|48/100|[from] Hail
|-damage|p1a: Landorus|94/100|[from] Hail
|-heal|p1a: Landorus|100/100|[from] item: Leftovers
|upkeep
|turn|4
|inactive|julian113 has 120 seconds left.
|
|t:|1641853022
|move|p2a: Garchomp|Stealth Rock|p1a: Landorus
|-sidestart|p1: julian113|move: Stealth Rock
|move|p1a: Landorus|Earthquake|p2a: Garchomp
|-damage|p2a: Garchomp|4/100
|
|-weather|Hail|[upkeep]
|-damage|p2a: Garchomp|0 fnt|[from] Hail
|-damage|p1a: Landorus|94/100|[from] Hail
|faint|p2a: Garchomp
|-heal|p1a: Landorus|100/100|[from] item: Leftovers
|upkeep
|
|t:|1641853036
|switch|p2a: Volcarona|Volcarona, F|100/100
|turn|5
|
|t:|1641853042
|move|p2a: Volcarona|Quiver Dance|p2a: Volcarona
|-boost|p2a: Volcarona|spa|1
|-boost|p2a: Volcarona|spd|1
|-boost|p2a: Volcarona|spe|1
|move|p1a: Landorus|Toxic|p2a: Volcarona
|-status|p2a: Volcarona|tox
|
|-weather|Hail|[upkeep]
|-damage|p2a: Volcarona|94/100 tox|[from] Hail
|-damage|p1a: Landorus|94/100|[from] Hail
|-heal|p1a: Landorus|100/100|[from] item: Leftovers
|-damage|p2a: Volcarona|88/100 tox|[from] psn
|-sideend|p1: julian113|move: Aurora Veil
|upkeep
|turn|6
|
|t:|1641853045
|move|p2a: Volcarona|Flamethrower|p1a: Landorus
|-damage|p1a: Landorus|42/100
|move|p1a: Landorus|Defog|p2a: Volcarona
|-unboost|p2a: Volcarona|evasion|1
|-sideend|p1: julian113|Stealth Rock|[from] move: Defog|[of] p1a: Landorus
|
|-weather|Hail|[upkeep]
|-damage|p2a: Volcarona|82/100 tox|[from] Hail
|-damage|p1a: Landorus|36/100|[from] Hail
|-heal|p1a: Landorus|42/100|[from] item: Leftovers
|-damage|p2a: Volcarona|69/100 tox|[from] psn
|upkeep
|turn|7
|
|t:|1641853055
|switch|p1a: Urshifu|Urshifu-Rapid-Strike, F|100/100
|move|p2a: Volcarona|Psychic|p1a: Urshifu
|-supereffective|p1a: Urshifu
|-damage|p1a: Urshifu|0 fnt
|faint|p1a: Urshifu
|
|-weather|Hail|[upkeep]
|-damage|p2a: Volcarona|63/100 tox|[from] Hail
|-damage|p2a: Volcarona|44/100 tox|[from] psn
|upkeep
|
|t:|1641853065
|switch|p1a: Tornadus|Tornadus-Therian, M|100/100
|turn|8
|
|t:|1641853070
|move|p2a: Volcarona|Flamethrower|p1a: Tornadus
|-damage|p1a: Tornadus|50/100
|move|p1a: Tornadus|Hurricane|p2a: Volcarona
|-supereffective|p2a: Volcarona
|-damage|p2a: Volcarona|0 fnt
|faint|p2a: Volcarona
|
|-weather|none
|upkeep
|
|t:|1641853076
|switch|p2a: Thundurus|Thundurus, M|69/100
|turn|9
|
|t:|1641853083
|switch|p1a: Landorus|Landorus-Therian, M|42/100
|-ability|p1a: Landorus|Intimidate|boost
|-unboost|p2a: Thundurus|atk|1
|-ability|p2a: Thundurus|Defiant
|-boost|p2a: Thundurus|atk|2
|move|p2a: Thundurus|Knock Off|p1a: Landorus
|-damage|p1a: Landorus|0 fnt
|-enditem|p1a: Landorus|Leftovers|[from] move: Knock Off|[of] p2a: Thundurus
|faint|p1a: Landorus
|
|upkeep
|
|t:|1641853086
|switch|p1a: Corviknight|Corviknight, M|100/100
|-ability|p1a: Corviknight|Pressure
|turn|10
|
|t:|1641853090
|move|p2a: Thundurus|Knock Off|p1a: Corviknight
|-damage|p1a: Corviknight|53/100
|-damage|p2a: Thundurus|53/100|[from] item: Rocky Helmet|[of] p1a: Corviknight
|-enditem|p1a: Corviknight|Rocky Helmet|[from] move: Knock Off|[of] p2a: Thundurus
|move|p1a: Corviknight|U-turn|p2a: Thundurus
|-resisted|p2a: Thundurus
|-damage|p2a: Thundurus|43/100
|
|t:|1641853097
|switch|p1a: Ninetales|Ninetales-Alola, M|14/100|[from]move: U-turn
|-weather|Hail|[from] ability: Snow Warning|[of] p1a: Ninetales
|
|-weather|Hail|[upkeep]
|-damage|p2a: Thundurus|37/100|[from] Hail
|upkeep
|turn|11
|
|t:|1641853103
|switch|p1a: Corviknight|Corviknight, M|53/100
|-ability|p1a: Corviknight|Pressure
|move|p2a: Thundurus|Knock Off|p1a: Corviknight
|-damage|p1a: Corviknight|24/100
|
|-weather|Hail|[upkeep]
|-damage|p2a: Thundurus|31/100|[from] Hail
|-damage|p1a: Corviknight|18/100|[from] Hail
|upkeep
|turn|12
|
|t:|1641853108
|move|p2a: Thundurus|Knock Off|p1a: Corviknight
|-crit|p1a: Corviknight
|-damage|p1a: Corviknight|0 fnt
|faint|p1a: Corviknight
|
|-weather|Hail|[upkeep]
|-damage|p2a: Thundurus|25/100|[from] Hail
|upkeep
|
|t:|1641853111
|switch|p1a: Arctozolt|Arctozolt|100/100
|turn|13
|
|t:|1641853126
|move|p1a: Arctozolt|Bolt Beak|p2a: Thundurus
|-damage|p2a: Thundurus|0 fnt
|faint|p2a: Thundurus
|
|-weather|Hail|[upkeep]
|upkeep
|
|t:|1641853128
|switch|p2a: Scizor|Scizor, F|94/100
|turn|14
|inactive|julian113 has 120 seconds left.
|
|t:|1641853159
|switch|p1a: Tornadus|Tornadus-Therian, M|83/100
|move|p2a: Scizor|Bullet Punch|p1a: Tornadus
|-damage|p1a: Tornadus|32/100
|
|-weather|Hail|[upkeep]
|-damage|p1a: Tornadus|26/100|[from] Hail
|-damage|p2a: Scizor|88/100|[from] Hail
|upkeep
|turn|15
|
|t:|1641853163
|move|p2a: Scizor|Bullet Punch|p1a: Tornadus
|-damage|p1a: Tornadus|0 fnt
|faint|p1a: Tornadus
|
|-weather|Hail|[upkeep]
|-damage|p2a: Scizor|82/100|[from] Hail
|upkeep
|-message|julian113 forfeited.
|
|win|Kyerndo
|raw|julian113's rating: 1484 &rarr; <strong>1466</strong><br />(-18 for losing)
|raw|Kyerndo's rating: 1516 &rarr; <strong>1534</strong><br />(+18 for winning)
|l|☆julian113
||Ladder isn't responding, score probably updated but might not have (Request timeout).
