|j|☆Motho
|j|☆blaze11571
|t:|1641714332
|gametype|singles
|player|p1|Motho|roxie|1173
|player|p2|blaze11571|volkner|1148
|teamsize|p1|6
|teamsize|p2|6
|gen|8
|tier|[Gen 8] OU
|rated|
|rule|Sleep Clause Mod: Limit one foe put to sleep
|rule|Species Clause: Limit one of each Pokémon
|rule|OHKO Clause: OHKO moves are banned
|rule|Evasion Moves Clause: Evasion moves are banned
|rule|Endless Battle Clause: Forcing endless battles is banned
|rule|HP Percentage Mod: HP is shown in percentages
|rule|Dynamax Clause: You cannot dynamax
|clearpoke
|poke|p1|Sylveon, M|
|poke|p1|Dragapult, M|
|poke|p1|Scolipede, F|
|poke|p1|Moltres|
|poke|p1|Krookodile, F|
|poke|p1|Lurantis, M|
|poke|p2|Ferrothorn, M|
|poke|p2|Pelipper, M|
|poke|p2|Swampert, M|
|poke|p2|Hydreigon, F|
|poke|p2|Celesteela|
|poke|p2|Metagross|
|teampreview
|
|t:|1641714349
|start
|switch|p1a: TransLivesMatter|Sylveon, M|100/100
|switch|p2a: Ferrothorn|Ferrothorn, M|100/100
|turn|1
|
|t:|1641714357
|move|p1a: TransLivesMatter|Mystical Fire|p2a: Ferrothorn
|-supereffective|p2a: Ferrothorn
|-damage|p2a: Ferrothorn|29/100
|-unboost|p2a: Ferrothorn|spa|1
|move|p2a: Ferrothorn|Stealth Rock|p1a: TransLivesMatter
|-sidestart|p1: Motho|move: Stealth Rock
|
|-heal|p2a: Ferrothorn|35/100|[from] item: Leftovers
|upkeep
|turn|2
|
|t:|1641714368
|switch|p2a: Pelipper|Pelipper, M|100/100
|-weather|RainDance|[from] ability: Drizzle|[of] p2a: Pelipper
|move|p1a: TransLivesMatter|Mystical Fire|p2a: Pelipper
|-resisted|p2a: Pelipper
|-damage|p2a: Pelipper|93/100
|-unboost|p2a: Pelipper|spa|1
|
|-weather|RainDance|[upkeep]
|upkeep
|turn|3
|
|t:|1641714379
|move|p1a: TransLivesMatter|Hyper Voice|p2a: Pelipper
|-damage|p2a: Pelipper|37/100
|-enditem|p1a: TransLivesMatter|Throat Spray
|-boost|p1a: TransLivesMatter|spa|1|[from] item: Throat Spray
|move|p2a: Pelipper|Scald|p1a: TransLivesMatter
|-damage|p1a: TransLivesMatter|78/100
|-status|p1a: TransLivesMatter|brn
|
|-weather|RainDance|[upkeep]
|-damage|p1a: TransLivesMatter|72/100 brn|[from] brn
|upkeep
|turn|4
|
|t:|1641714392
|move|p1a: TransLivesMatter|Calm Mind|p1a: TransLivesMatter
|-boost|p1a: TransLivesMatter|spa|1
|-boost|p1a: TransLivesMatter|spd|1
|move|p2a: Pelipper|U-turn|p1a: TransLivesMatter
|-resisted|p1a: TransLivesMatter
|-damage|p1a: TransLivesMatter|67/100 brn
|
|t:|1641714405
|switch|p2a: Celesteela|Celesteela, shiny|100/100|[from]move: U-turn
|
|-weather|RainDance|[upkeep]
|-damage|p1a: TransLivesMatter|61/100 brn|[from] brn
|upkeep
|turn|5
|
|t:|1641714413
|move|p1a: TransLivesMatter|Mystical Fire|p2a: Celesteela
|-supereffective|p2a: Celesteela
|-damage|p2a: Celesteela|65/100
|-unboost|p2a: Celesteela|spa|1
|move|p2a: Celesteela|Heavy Slam|p1a: TransLivesMatter
|-supereffective|p1a: TransLivesMatter
|-damage|p1a: TransLivesMatter|0 fnt
|faint|p1a: TransLivesMatter
|-ability|p2a: Celesteela|Beast Boost|boost
|-boost|p2a: Celesteela|spd|1
|
|-weather|RainDance|[upkeep]
|-heal|p2a: Celesteela|71/100|[from] item: Leftovers
|upkeep
|
|t:|1641714431
|switch|p1a: Guillot|Lurantis, M|100/100
|-damage|p1a: Guillot|88/100|[from] Stealth Rock
|turn|6
|
|t:|1641714437
|move|p2a: Celesteela|Flamethrower|p1a: Guillot
|-supereffective|p1a: Guillot
|-damage|p1a: Guillot|75/100
|move|p1a: Guillot|Superpower|p2a: Celesteela
|-damage|p2a: Celesteela|49/100
|-boost|p1a: Guillot|atk|1
|-boost|p1a: Guillot|def|1
|
|-weather|RainDance|[upkeep]
|-heal|p2a: Celesteela|55/100|[from] item: Leftovers
|-heal|p1a: Guillot|81/100|[from] item: Leftovers
|upkeep
|turn|7
|
|t:|1641714458
|switch|p2a: Metagross|Metagross|100/100
|move|p1a: Guillot|Substitute|p1a: Guillot
|-start|p1a: Guillot|Substitute
|-damage|p1a: Guillot|56/100
|
|-weather|RainDance|[upkeep]
|-heal|p1a: Guillot|62/100|[from] item: Leftovers
|upkeep
|turn|8
|
|t:|1641714478
|move|p2a: Metagross|Toxic||[still]
|-fail|p2a: Metagross
|move|p1a: Guillot|Superpower|p2a: Metagross
|-damage|p2a: Metagross|74/100
|-boost|p1a: Guillot|atk|1
|-boost|p1a: Guillot|def|1
|
|-weather|RainDance|[upkeep]
|-heal|p2a: Metagross|80/100|[from] item: Leftovers
|-heal|p1a: Guillot|68/100|[from] item: Leftovers
|upkeep
|turn|9
|
|t:|1641714493
|switch|p2a: Pelipper|Pelipper, M|37/100
|move|p1a: Guillot|Superpower|p2a: Pelipper
|-resisted|p2a: Pelipper
|-damage|p2a: Pelipper|9/100
|-boost|p1a: Guillot|atk|1
|-boost|p1a: Guillot|def|1
|
|-weather|none
|-heal|p1a: Guillot|74/100|[from] item: Leftovers
|upkeep
|turn|10
|
|t:|1641714511
|move|p2a: Pelipper|Roost|p2a: Pelipper
|-heal|p2a: Pelipper|59/100
|-singleturn|p2a: Pelipper|move: Roost
|move|p1a: Guillot|Leaf Storm|p2a: Pelipper
|-supereffective|p2a: Pelipper
|-damage|p2a: Pelipper|0 fnt
|-boost|p1a: Guillot|spa|2
|faint|p2a: Pelipper
|
|-heal|p1a: Guillot|80/100|[from] item: Leftovers
|upkeep
|
|t:|1641714521
|switch|p2a: Swampert|Swampert, M|100/100
|turn|11
|
|t:|1641714525
|move|p2a: Swampert|Ice Punch|p1a: Guillot
|-supereffective|p1a: Guillot
|-activate|p1a: Guillot|move: Substitute|[damage]
|move|p1a: Guillot|Leaf Storm|p2a: Swampert
|-supereffective|p2a: Swampert
|-damage|p2a: Swampert|0 fnt
|-boost|p1a: Guillot|spa|2
|faint|p2a: Swampert
|
|-heal|p1a: Guillot|86/100|[from] item: Leftovers
|upkeep
|
|t:|1641714535
|switch|p2a: Hydreigon|Hydreigon, F|100/100
|turn|12
|
|t:|1641714541
|move|p2a: Hydreigon|Flamethrower|p1a: Guillot
|-supereffective|p1a: Guillot
|-end|p1a: Guillot|Substitute
|move|p1a: Guillot|Superpower|p2a: Hydreigon
|-supereffective|p2a: Hydreigon
|-damage|p2a: Hydreigon|0 fnt
|-boost|p1a: Guillot|atk|1
|-boost|p1a: Guillot|def|1
|faint|p2a: Hydreigon
|
|-heal|p1a: Guillot|92/100|[from] item: Leftovers
|upkeep
|
|t:|1641714553
|switch|p2a: Celesteela|Celesteela, shiny|55/100
|turn|13
|
|t:|1641714556
|move|p2a: Celesteela|Flamethrower|p1a: Guillot
|-supereffective|p1a: Guillot
|-damage|p1a: Guillot|47/100
|move|p1a: Guillot|Superpower|p2a: Celesteela
|-damage|p2a: Celesteela|0 fnt
|-boost|p1a: Guillot|atk|1
|-boost|p1a: Guillot|def|1
|faint|p2a: Celesteela
|
|-heal|p1a: Guillot|53/100|[from] item: Leftovers
|upkeep
|c|☆blaze11571|gg lol
|
|t:|1641714567
|switch|p2a: Ferrothorn|Ferrothorn, M|35/100
|turn|14
|
|t:|1641714574
|move|p1a: Guillot|Superpower|p2a: Ferrothorn
|-supereffective|p2a: Ferrothorn
|-damage|p2a: Ferrothorn|0 fnt
|-boost|p1a: Guillot|atk|1
|-boost|p1a: Guillot|def|1
|-damage|p1a: Guillot|40/100|[from] ability: Iron Barbs|[of] p2a: Ferrothorn
|faint|p2a: Ferrothorn
|
|-heal|p1a: Guillot|46/100|[from] item: Leftovers
|upkeep
|
|t:|1641714583
|switch|p2a: Metagross|Metagross|80/100
|turn|15
|
|t:|1641714587
|move|p2a: Metagross|Toxic|p1a: Guillot
|-status|p1a: Guillot|tox
|move|p1a: Guillot|Night Slash|p2a: Metagross
|-supereffective|p2a: Metagross
|-damage|p2a: Metagross|0 fnt
|faint|p2a: Metagross
|
|win|Motho
|raw|Motho's rating: 1173 &rarr; <strong>1196</strong><br />(+23 for winning)
|raw|blaze11571's rating: 1148 &rarr; <strong>1125</strong><br />(-23 for losing)
|l|☆blaze11571
