|j|☆DumbLick1337
|j|☆Justshoutalooser
|t:|1641843547
|gametype|singles
|player|p1|DumbLick1337|102|1326
|player|p2|Justshoutalooser|1|1337
|teamsize|p1|6
|teamsize|p2|6
|gen|8
|tier|[Gen 8] OU
|rated|
|rule|Sleep Clause Mod: Limit one foe put to sleep
|rule|Species Clause: Limit one of each Pokémon
|rule|OHKO Clause: OHKO moves are banned
|rule|Evasion Moves Clause: Evasion moves are banned
|rule|Endless Battle Clause: Forcing endless battles is banned
|rule|HP Percentage Mod: HP is shown in percentages
|rule|Dynamax Clause: You cannot dynamax
|clearpoke
|poke|p1|Rotom-Heat|
|poke|p1|Corviknight, M|
|poke|p1|Clefable, F|
|poke|p1|Seismitoad, M|
|poke|p1|Hydreigon, M|
|poke|p1|Gyarados, M|
|poke|p2|Rotom-Wash|
|poke|p2|Togekiss, M|
|poke|p2|Conkeldurr, M|
|poke|p2|Skarmory, M|
|poke|p2|Excadrill, F|
|poke|p2|Dusclops, M|
|teampreview
|c|☆DumbLick1337|hf
|inactive|Battle timer is ON: inactive players will automatically lose when time's up. (requested by DumbLick1337)
|
|t:|1641843552
|start
|switch|p1a: rotomheat|Rotom-Heat|100/100
|switch|p2a: Rotom|Rotom-Wash|100/100
|turn|1
|
|t:|1641843560
|switch|p1a: Seismitoad|Seismitoad, M|100/100
|move|p2a: Rotom|Trick|p1a: Seismitoad
|-activate|p2a: Rotom|move: Trick|[of] p1a: Seismitoad
|-item|p1a: Seismitoad|Choice Scarf|[from] move: Trick
|-item|p2a: Rotom|Leftovers|[from] move: Trick
|
|upkeep
|turn|2
|j| haywirehax
|
|t:|1641843566
|move|p2a: Rotom|Will-O-Wisp|p1a: Seismitoad
|-status|p1a: Seismitoad|brn
|move|p1a: Seismitoad|Stealth Rock|p2a: Rotom
|-sidestart|p2: Justshoutalooser|move: Stealth Rock
|
|-damage|p1a: Seismitoad|94/100 brn|[from] brn
|upkeep
|turn|3
|
|t:|1641843575
|switch|p1a: Clefable|Clefable, F|100/100
|move|p2a: Rotom|Volt Switch|p1a: Clefable
|-damage|p1a: Clefable|72/100
|
|t:|1641843580
|switch|p2a: Excadrill|Excadrill, F|100/100|[from]move: Volt Switch
|-damage|p2a: Excadrill|97/100|[from] Stealth Rock
|-ability|p2a: Excadrill|Mold Breaker
|
|-heal|p1a: Clefable|78/100|[from] item: Leftovers
|upkeep
|turn|4
|
|t:|1641843589
|switch|p1a: Hydreigon|Hydreigon, M|100/100
|move|p2a: Excadrill|Iron Head|p1a: Hydreigon
|-damage|p1a: Hydreigon|55/100
|
|upkeep
|turn|5
|
|t:|1641843597
|switch|p2a: Rotom|Rotom-Wash|100/100
|-damage|p2a: Rotom|88/100|[from] Stealth Rock
|move|p1a: Hydreigon|Fire Blast|p2a: Rotom
|-resisted|p2a: Rotom
|-damage|p2a: Rotom|64/100
|-status|p2a: Rotom|brn
|
|-heal|p2a: Rotom|70/100 brn|[from] item: Leftovers
|-damage|p2a: Rotom|64/100 brn|[from] brn
|upkeep
|turn|6
|
|t:|1641843609
|switch|p1a: Clefable|Clefable, F|78/100
|move|p2a: Rotom|Thunder Wave|p1a: Clefable
|-status|p1a: Clefable|par
|
|-heal|p2a: Rotom|70/100 brn|[from] item: Leftovers
|-heal|p1a: Clefable|84/100 par|[from] item: Leftovers
|-damage|p2a: Rotom|64/100 brn|[from] brn
|upkeep
|turn|7
|
|t:|1641843619
|move|p2a: Rotom|Volt Switch|p1a: Clefable
|-damage|p1a: Clefable|56/100 par
|
|t:|1641843623
|switch|p2a: Excadrill|Excadrill, F|97/100|[from]move: Volt Switch
|-damage|p2a: Excadrill|94/100|[from] Stealth Rock
|-ability|p2a: Excadrill|Mold Breaker
|move|p1a: Clefable|Moonblast|p2a: Excadrill
|-resisted|p2a: Excadrill
|-damage|p2a: Excadrill|74/100
|-unboost|p2a: Excadrill|spa|1
|
|-heal|p1a: Clefable|62/100 par|[from] item: Leftovers
|upkeep
|turn|8
|
|t:|1641843636
|switch|p1a: Corviknight|Corviknight, M|100/100
|-ability|p1a: Corviknight|Pressure
|move|p2a: Excadrill|Rapid Spin|p1a: Corviknight
|-resisted|p1a: Corviknight
|-damage|p1a: Corviknight|94/100
|-boost|p2a: Excadrill|spe|1
|-sideend|p2: Justshoutalooser|Stealth Rock|[from] move: Rapid Spin|[of] p2a: Excadrill
|
|-heal|p1a: Corviknight|99/100|[from] item: Leftovers
|upkeep
|turn|9
|
|t:|1641843647
|switch|p2a: Rotom|Rotom-Wash|64/100 brn
|move|p1a: Corviknight|Brave Bird|p2a: Rotom
|-resisted|p2a: Rotom
|-damage|p2a: Rotom|39/100 brn
|-damage|p1a: Corviknight|95/100|[from] Recoil
|
|-heal|p2a: Rotom|45/100 brn|[from] item: Leftovers
|-heal|p1a: Corviknight|100/100|[from] item: Leftovers
|-damage|p2a: Rotom|39/100 brn|[from] brn
|upkeep
|turn|10
|
|t:|1641843660
|switch|p2a: Conkeldurr|Conkeldurr, M|100/100
|switch|p1a: rotomheat|Rotom-Heat|100/100
|
|-status|p2a: Conkeldurr|brn|[from] item: Flame Orb
|upkeep
|turn|11
|
|t:|1641843669
|switch|p2a: Dusclops|Dusclops, M|100/100
|-item|p1a: rotomheat|Heavy-Duty Boots|[from] ability: Frisk|[of] p2a: Dusclops|[identify]
|move|p1a: rotomheat|Volt Switch|p2a: Dusclops
|-damage|p2a: Dusclops|80/100
|
|t:|1641843669
|switch|p1a: Hydreigon|Hydreigon, M|55/100|[from]move: Volt Switch
|
|upkeep
|turn|12
|
|t:|1641843680
|switch|p1a: Seismitoad|Seismitoad, M|94/100 brn
|move|p2a: Dusclops|Trick Room|p2a: Dusclops
|-fieldstart|move: Trick Room|[of] p2a: Dusclops
|
|-damage|p1a: Seismitoad|88/100 brn|[from] brn
|upkeep
|turn|13
|
|t:|1641843687
|move|p2a: Dusclops|Curse|p1a: Seismitoad
|-start|p1a: Seismitoad|Curse|[of] p2a: Dusclops
|-damage|p2a: Dusclops|30/100
|move|p1a: Seismitoad|Stealth Rock|p2a: Dusclops
|-sidestart|p2: Justshoutalooser|move: Stealth Rock
|
|-damage|p1a: Seismitoad|82/100 brn|[from] brn
|-damage|p1a: Seismitoad|58/100 brn|[from] Curse
|upkeep
|turn|14
|
|t:|1641843697
|switch|p1a: Clefable|Clefable, F|62/100 par
|move|p2a: Dusclops|Pain Split|p1a: Clefable
|-sethp|p1a: Clefable|42/100 par|[from] move: Pain Split|[silent]
|-sethp|p2a: Dusclops|60/100|[from] move: Pain Split
|
|-heal|p1a: Clefable|48/100 par|[from] item: Leftovers
|upkeep
|turn|15
|
|t:|1641843719
|switch|p2a: Skarmory|Skarmory, M|100/100
|-damage|p2a: Skarmory|88/100|[from] Stealth Rock
|move|p1a: Clefable|Wish|p1a: Clefable
|
|-heal|p1a: Clefable|54/100 par|[from] item: Leftovers
|upkeep
|turn|16
|
|t:|1641843727
|move|p1a: Clefable|Thunder Wave|p2a: Skarmory
|-status|p2a: Skarmory|par
|move|p2a: Skarmory|Defog|p1a: Clefable
|-unboost|p1a: Clefable|evasion|1
|-sideend|p2: Justshoutalooser|Stealth Rock|[from] move: Defog|[of] p2a: Skarmory
|
|-heal|p1a: Clefable|100/100 par|[from] move: Wish|[wisher] Clefable
|-fieldend|move: Trick Room
|upkeep
|turn|17
|
|t:|1641843738
|switch|p2a: Excadrill|Excadrill, F|74/100
|-ability|p2a: Excadrill|Mold Breaker
|move|p1a: Clefable|Wish|p1a: Clefable
|
|upkeep
|turn|18
|
|t:|1641843745
|switch|p1a: Seismitoad|Seismitoad, M|58/100 brn
|move|p2a: Excadrill|Iron Head|p1a: Seismitoad
|-resisted|p1a: Seismitoad
|-damage|p1a: Seismitoad|42/100 brn
|
|-heal|p1a: Seismitoad|90/100 brn|[from] move: Wish|[wisher] Clefable
|-damage|p1a: Seismitoad|84/100 brn|[from] brn
|upkeep
|turn|19
|
|t:|1641843756
|switch|p2a: Dusclops|Dusclops, M|60/100
|-item|p1a: Seismitoad|Choice Scarf|[from] ability: Frisk|[of] p2a: Dusclops|[identify]
|move|p1a: Seismitoad|Scald|p2a: Dusclops
|-damage|p2a: Dusclops|47/100
|
|-damage|p1a: Seismitoad|78/100 brn|[from] brn
|upkeep
|turn|20
|
|t:|1641843766
|switch|p1a: Hydreigon|Hydreigon, M|55/100
|move|p2a: Dusclops|Trick Room|p2a: Dusclops
|-fieldstart|move: Trick Room|[of] p2a: Dusclops
|
|upkeep
|turn|21
|
|t:|1641843772
|move|p2a: Dusclops|Destiny Bond|p2a: Dusclops
|-singlemove|p2a: Dusclops|Destiny Bond
|move|p1a: Hydreigon|Fire Blast|p2a: Dusclops|[miss]
|-miss|p1a: Hydreigon|p2a: Dusclops
|
|upkeep
|turn|22
|
|t:|1641843779
|move|p2a: Dusclops|Pain Split|p1a: Hydreigon
|-sethp|p1a: Hydreigon|47/100|[from] move: Pain Split|[silent]
|-sethp|p2a: Dusclops|56/100|[from] move: Pain Split
|move|p1a: Hydreigon|Fire Blast|p2a: Dusclops
|-damage|p2a: Dusclops|36/100
|
|upkeep
|turn|23
|
|t:|1641843790
|move|p2a: Dusclops|Curse|p1a: Hydreigon
|-start|p1a: Hydreigon|Curse|[of] p2a: Dusclops
|-damage|p2a: Dusclops|0 fnt
|faint|p2a: Dusclops
|move|p1a: Hydreigon|Fire Blast|p2: Dusclops|[notarget]
|-fail|p1a: Hydreigon
|
|-damage|p1a: Hydreigon|22/100|[from] Curse
|upkeep
|
|t:|1641843799
|switch|p2a: Conkeldurr|Conkeldurr, M|100/100 brn
|turn|24
|
|t:|1641843803
|switch|p1a: Clefable|Clefable, F|100/100 par
|move|p2a: Conkeldurr|Ice Punch|p1a: Clefable
|-damage|p1a: Clefable|58/100 par
|
|-heal|p1a: Clefable|64/100 par|[from] item: Leftovers
|-damage|p2a: Conkeldurr|94/100 brn|[from] brn
|-fieldend|move: Trick Room
|upkeep
|turn|25
|
|t:|1641843813
|move|p2a: Conkeldurr|Ice Punch|p1a: Clefable
|-damage|p1a: Clefable|25/100 par
|move|p1a: Clefable|Moonblast|p2a: Conkeldurr
|-supereffective|p2a: Conkeldurr
|-damage|p2a: Conkeldurr|30/100 brn
|
|-heal|p1a: Clefable|31/100 par|[from] item: Leftovers
|-damage|p2a: Conkeldurr|24/100 brn|[from] brn
|upkeep
|turn|26
|
|t:|1641843823
|cant|p1a: Clefable|par
|move|p2a: Conkeldurr|Knock Off|p1a: Clefable
|-resisted|p1a: Clefable
|-damage|p1a: Clefable|6/100 par
|-enditem|p1a: Clefable|Leftovers|[from] move: Knock Off|[of] p2a: Conkeldurr
|
|-damage|p2a: Conkeldurr|17/100 brn|[from] brn
|upkeep
|turn|27
|
|t:|1641843832
|switch|p1a: Gyarados|Gyarados, M|100/100
|move|p2a: Conkeldurr|Mach Punch|p1a: Gyarados
|-resisted|p1a: Gyarados
|-damage|p1a: Gyarados|80/100
|
|-heal|p1a: Gyarados|86/100|[from] item: Leftovers
|-damage|p2a: Conkeldurr|11/100 brn|[from] brn
|upkeep
|turn|28
|
|t:|1641843841
|move|p1a: Gyarados|Waterfall|p2a: Conkeldurr
|-damage|p2a: Conkeldurr|0 fnt
|faint|p2a: Conkeldurr
|-ability|p1a: Gyarados|Moxie|boost
|-boost|p1a: Gyarados|atk|1
|
|-heal|p1a: Gyarados|92/100|[from] item: Leftovers
|upkeep
|
|t:|1641843850
|switch|p2a: Skarmory|Skarmory, M|88/100 par
|turn|29
|
|t:|1641843853
|move|p1a: Gyarados|Waterfall|p2a: Skarmory
|-damage|p2a: Skarmory|48/100 par
|-damage|p1a: Gyarados|75/100|[from] item: Rocky Helmet|[of] p2a: Skarmory
|cant|p2a: Skarmory|flinch
|
|-heal|p1a: Gyarados|81/100|[from] item: Leftovers
|upkeep
|turn|30
|
|t:|1641843862
|move|p1a: Gyarados|Dragon Dance|p1a: Gyarados
|-boost|p1a: Gyarados|atk|1
|-boost|p1a: Gyarados|spe|1
|move|p2a: Skarmory|Counter||[still]
|-fail|p2a: Skarmory
|
|-heal|p1a: Gyarados|88/100|[from] item: Leftovers
|upkeep
|turn|31
|-message|Justshoutalooser forfeited.
|
|win|DumbLick1337
|raw|DumbLick1337's rating: 1326 &rarr; <strong>1347</strong><br />(+21 for winning)
|raw|Justshoutalooser's rating: 1337 &rarr; <strong>1316</strong><br />(-21 for losing)
|c|☆DumbLick1337|gg
|l|☆Justshoutalooser
