|j|☆RonixSA22
|j|☆Flamewing712
|t:|1641698171
|gametype|singles
|player|p1|RonixSA22|zinnia|1286
|player|p2|Flamewing712|buck|1228
|teamsize|p1|6
|teamsize|p2|6
|gen|8
|tier|[Gen 8] OU
|rated|
|rule|Sleep Clause Mod: Limit one foe put to sleep
|rule|Species Clause: Limit one of each Pokémon
|rule|OHKO Clause: OHKO moves are banned
|rule|Evasion Moves Clause: Evasion moves are banned
|rule|Endless Battle Clause: Forcing endless battles is banned
|rule|HP Percentage Mod: HP is shown in percentages
|rule|Dynamax Clause: You cannot dynamax
|clearpoke
|poke|p1|Urshifu-*, M|
|poke|p1|Rillaboom, M|
|poke|p1|Skarmory, F|
|poke|p1|Heatran, F|
|poke|p1|Moltres-Galar|
|poke|p1|Chansey, F|
|poke|p2|Toxapex, M|
|poke|p2|Clefable, F|
|poke|p2|Slowbro, F|
|poke|p2|Hippowdon, F|
|poke|p2|Slowking-Galar, F|
|poke|p2|Tornadus-Therian, M|
|teampreview
|inactive|Battle timer is ON: inactive players will automatically lose when time's up. (requested by Flamewing712)
|c|☆Flamewing712|glhf
|inactive|RonixSA22 has 120 seconds left.
|
|t:|1641698208
|start
|switch|p1a: Urshifu|Urshifu-Rapid-Strike, M|100/100
|switch|p2a: Clefable|Clefable, F|100/100
|turn|1
|
|t:|1641698216
|switch|p1a: Heatran|Heatran, F|100/100
|move|p2a: Clefable|Cosmic Power|p2a: Clefable
|-boost|p2a: Clefable|def|1
|-boost|p2a: Clefable|spd|1
|
|upkeep
|turn|2
|
|t:|1641698223
|move|p1a: Heatran|Taunt|p2a: Clefable
|-start|p2a: Clefable|move: Taunt
|cant|p2a: Clefable|move: Taunt|Wish
|
|upkeep
|turn|3
|
|t:|1641698231
|move|p1a: Heatran|Magma Storm|p2a: Clefable
|-damage|p2a: Clefable|74/100
|-activate|p2a: Clefable|move: Magma Storm|[of] p1a: Heatran
|move|p2a: Clefable|Moonblast|p1a: Heatran
|-resisted|p1a: Heatran
|-damage|p1a: Heatran|93/100
|
|-heal|p1a: Heatran|99/100|[from] item: Leftovers
|-heal|p2a: Clefable|80/100|[from] item: Leftovers
|-damage|p2a: Clefable|67/100|[from] move: Magma Storm|[partiallytrapped]
|upkeep
|turn|4
|
|t:|1641698248
|move|p1a: Heatran|Magma Storm|p2a: Clefable|[miss]
|-miss|p1a: Heatran|p2a: Clefable
|move|p2a: Clefable|Moonblast|p1a: Heatran
|-resisted|p1a: Heatran
|-damage|p1a: Heatran|91/100
|
|-heal|p1a: Heatran|97/100|[from] item: Leftovers
|-heal|p2a: Clefable|73/100|[from] item: Leftovers
|-damage|p2a: Clefable|61/100|[from] move: Magma Storm|[partiallytrapped]
|-end|p2a: Clefable|move: Taunt
|upkeep
|turn|5
|
|t:|1641698260
|move|p1a: Heatran|Taunt|p2a: Clefable
|-start|p2a: Clefable|move: Taunt
|move|p2a: Clefable|Moonblast|p1a: Heatran
|-resisted|p1a: Heatran
|-damage|p1a: Heatran|89/100
|
|-heal|p1a: Heatran|95/100|[from] item: Leftovers
|-heal|p2a: Clefable|67/100|[from] item: Leftovers
|-damage|p2a: Clefable|55/100|[from] move: Magma Storm|[partiallytrapped]
|upkeep
|turn|6
|
|t:|1641698270
|move|p1a: Heatran|Earth Power|p2a: Clefable
|-damage|p2a: Clefable|38/100
|move|p2a: Clefable|Moonblast|p1a: Heatran
|-resisted|p1a: Heatran
|-crit|p1a: Heatran
|-damage|p1a: Heatran|84/100
|
|-heal|p1a: Heatran|90/100|[from] item: Leftovers
|-heal|p2a: Clefable|44/100|[from] item: Leftovers
|-damage|p2a: Clefable|31/100|[from] move: Magma Storm|[partiallytrapped]
|upkeep
|turn|7
|
|t:|1641698281
|move|p1a: Heatran|Magma Storm|p2a: Clefable
|-damage|p2a: Clefable|4/100
|move|p2a: Clefable|Moonblast|p1a: Heatran
|-resisted|p1a: Heatran
|-damage|p1a: Heatran|83/100
|
|-heal|p1a: Heatran|89/100|[from] item: Leftovers
|-heal|p2a: Clefable|10/100|[from] item: Leftovers
|-end|p2a: Clefable|Magma Storm|[partiallytrapped]
|-end|p2a: Clefable|move: Taunt
|upkeep
|turn|8
|
|t:|1641698302
|switch|p2a: Hippowdon|Hippowdon, F|100/100
|-weather|Sandstorm|[from] ability: Sand Stream|[of] p2a: Hippowdon
|move|p1a: Heatran|Earth Power|p2a: Hippowdon
|-damage|p2a: Hippowdon|77/100
|
|-weather|Sandstorm|[upkeep]
|-heal|p1a: Heatran|95/100|[from] item: Leftovers
|-heal|p2a: Hippowdon|84/100|[from] item: Leftovers
|upkeep
|turn|9
|
|t:|1641698319
|move|p1a: Heatran|Toxic|p2a: Hippowdon|[miss]
|-miss|p1a: Heatran|p2a: Hippowdon
|move|p2a: Hippowdon|Stealth Rock|p1a: Heatran
|-sidestart|p1: RonixSA22|move: Stealth Rock
|
|-weather|Sandstorm|[upkeep]
|-heal|p1a: Heatran|100/100|[from] item: Leftovers
|-heal|p2a: Hippowdon|90/100|[from] item: Leftovers
|upkeep
|turn|10
|
|t:|1641698327
|move|p1a: Heatran|Toxic|p2a: Hippowdon
|-status|p2a: Hippowdon|tox
|move|p2a: Hippowdon|Earthquake|p1a: Heatran
|-supereffective|p1a: Heatran
|-damage|p1a: Heatran|0 fnt
|faint|p1a: Heatran
|
|-weather|Sandstorm|[upkeep]
|-heal|p2a: Hippowdon|96/100 tox|[from] item: Leftovers
|-damage|p2a: Hippowdon|90/100 tox|[from] psn
|upkeep
|inactive|RonixSA22 has 120 seconds left.
|
|t:|1641698354
|switch|p1a: Rillaboom|Rillaboom, M|100/100
|-damage|p1a: Rillaboom|88/100|[from] Stealth Rock
|-fieldstart|move: Grassy Terrain|[from] ability: Grassy Surge|[of] p1a: Rillaboom
|turn|11
|
|t:|1641698359
|switch|p2a: Tornadus|Tornadus-Therian, M|100/100
|move|p1a: Rillaboom|Swords Dance|p1a: Rillaboom
|-boost|p1a: Rillaboom|atk|2
|
|-weather|Sandstorm|[upkeep]
|-damage|p2a: Tornadus|94/100|[from] Sandstorm
|-damage|p1a: Rillaboom|82/100|[from] Sandstorm
|-heal|p1a: Rillaboom|88/100|[from] Grassy Terrain
|upkeep
|turn|12
|inactive|RonixSA22 has 120 seconds left.
|
|t:|1641698376
|switch|p1a: Skarmory|Skarmory, F|100/100
|-damage|p1a: Skarmory|88/100|[from] Stealth Rock
|move|p2a: Tornadus|Hurricane|p1a: Skarmory
|-resisted|p1a: Skarmory
|-damage|p1a: Skarmory|51/100
|
|-weather|none
|upkeep
|turn|13
|inactive|RonixSA22 has 120 seconds left.
|
|t:|1641698387
|move|p2a: Tornadus|Nasty Plot|p2a: Tornadus
|-boost|p2a: Tornadus|spa|2
|move|p1a: Skarmory|Roost|p1a: Skarmory
|-heal|p1a: Skarmory|100/100
|-singleturn|p1a: Skarmory|move: Roost
|
|upkeep
|turn|14
|
|t:|1641698397
|move|p2a: Tornadus|Focus Blast|p1a: Skarmory|[miss]
|-miss|p2a: Tornadus|p1a: Skarmory
|move|p1a: Skarmory|Tailwind|p1a: Skarmory
|-sidestart|p1: RonixSA22|move: Tailwind
|
|upkeep
|turn|15
|
|t:|1641698402
|move|p2a: Tornadus|Focus Blast|p1a: Skarmory
|-ability|p1a: Skarmory|Sturdy
|-damage|p1a: Skarmory|1/100
|move|p1a: Skarmory|Body Press|p2a: Tornadus
|-resisted|p2a: Tornadus
|-damage|p2a: Tornadus|72/100
|
|-fieldend|move: Grassy Terrain
|upkeep
|turn|16
|
|t:|1641698413
|move|p2a: Tornadus|Knock Off|p1a: Skarmory
|-damage|p1a: Skarmory|0 fnt
|-damage|p2a: Tornadus|56/100|[from] item: Rocky Helmet|[of] p1a: Skarmory
|-enditem|p1a: Skarmory|Rocky Helmet|[from] move: Knock Off|[of] p2a: Tornadus
|faint|p1a: Skarmory
|
|upkeep
|inactive|RonixSA22 has 120 seconds left.
|
|t:|1641698437
|switch|p1a: Moltres|Moltres-Galar|100/100
|-damage|p1a: Moltres|76/100|[from] Stealth Rock
|turn|17
|
|t:|1641698442
|switch|p2a: Clefable|Clefable, F|10/100
|move|p1a: Moltres|Fiery Wrath|p2a: Clefable
|-resisted|p2a: Clefable
|-damage|p2a: Clefable|0 fnt
|faint|p2a: Clefable
|
|-sideend|p1: RonixSA22|move: Tailwind
|upkeep
|
|t:|1641698451
|switch|p2a: Toxapex|Toxapex, M|100/100
|turn|18
|
|t:|1641698460
|move|p1a: Moltres|Nasty Plot|p1a: Moltres
|-boost|p1a: Moltres|spa|2
|move|p2a: Toxapex|Toxic Spikes|p1a: Moltres
|-sidestart|p1: RonixSA22|move: Toxic Spikes
|
|upkeep
|turn|19
|
|t:|1641698474
|move|p1a: Moltres|Agility|p1a: Moltres
|-boost|p1a: Moltres|spe|2
|move|p2a: Toxapex|Haze|p2a: Toxapex
|-clearallboost
|
|upkeep
|turn|20
|
|t:|1641698482
|move|p1a: Moltres|Fiery Wrath|p2a: Toxapex
|-damage|p2a: Toxapex|64/100
|move|p2a: Toxapex|Toxic|p1a: Moltres
|-status|p1a: Moltres|tox
|
|-damage|p1a: Moltres|69/100 tox|[from] psn
|upkeep
|turn|21
|
|t:|1641698500
|switch|p1a: Chansey|Chansey, F|100/100
|-status|p1a: Chansey|psn
|-damage|p1a: Chansey|88/100 psn|[from] Stealth Rock
|move|p2a: Toxapex|Toxic Spikes|p1a: Chansey
|-sidestart|p1: RonixSA22|move: Toxic Spikes
|
|-damage|p1a: Chansey|76/100 psn|[from] psn
|upkeep
|turn|22
|
|t:|1641698511
|move|p2a: Toxapex|Baneful Bunker|p2a: Toxapex
|-singleturn|p2a: Toxapex|move: Protect
|move|p1a: Chansey|Aromatherapy|p1a: Chansey
|-activate|p1a: Chansey|move: Aromatherapy
|-curestatus|p1a: Chansey|psn|[msg]
|-curestatus|p1: Moltres|tox|[msg]
|
|upkeep
|turn|23
|
|t:|1641698526
|switch|p2a: Slowking|Slowking-Galar, F|100/100
|move|p1a: Chansey|Seismic Toss|p2a: Slowking
|-damage|p2a: Slowking|75/100
|
|upkeep
|turn|24
|
|t:|1641698535
|move|p1a: Chansey|Wish|p1a: Chansey
|move|p2a: Slowking|Ice Beam|p1a: Chansey
|-damage|p1a: Chansey|68/100
|
|upkeep
|turn|25
|
|t:|1641698564
|switch|p1a: Urshifu|Urshifu-Rapid-Strike, M|100/100
|-status|p1a: Urshifu|tox
|-damage|p1a: Urshifu|94/100 tox|[from] Stealth Rock
|move|p2a: Slowking|Ice Beam|p1a: Urshifu
|-resisted|p1a: Urshifu
|-damage|p1a: Urshifu|76/100 tox
|
|-heal|p1a: Urshifu|100/100 tox|[from] move: Wish|[wisher] Chansey
|-damage|p1a: Urshifu|94/100 tox|[from] psn
|upkeep
|turn|26
|inactive|RonixSA22 has 120 seconds left.
|
|t:|1641698593
|move|p1a: Urshifu|Ice Punch|p2a: Slowking
|-damage|p2a: Slowking|32/100
|move|p2a: Slowking|Future Sight|p1a: Urshifu
|-start|p2a: Slowking|move: Future Sight
|
|-damage|p1a: Urshifu|82/100 tox|[from] psn
|upkeep
|turn|27
|
|t:|1641698600
|switch|p2a: Toxapex|Toxapex, M|97/100
|move|p1a: Urshifu|Ice Punch|p2a: Toxapex
|-resisted|p2a: Toxapex
|-damage|p2a: Toxapex|84/100
|-damage|p1a: Urshifu|66/100 tox|[from] item: Rocky Helmet|[of] p2a: Toxapex
|
|-damage|p1a: Urshifu|47/100 tox|[from] psn
|upkeep
|turn|28
|inactive|RonixSA22 has 120 seconds left.
|
|t:|1641698608
|switch|p1a: Chansey|Chansey, F|68/100
|-status|p1a: Chansey|tox
|-damage|p1a: Chansey|56/100 tox|[from] Stealth Rock
|move|p2a: Toxapex|Toxic|p1a: Chansey
|-fail|p1a: Chansey|tox
|
|-end|p1a: Chansey|move: Future Sight
|-damage|p1a: Chansey|40/100 tox
|-damage|p1a: Chansey|34/100 tox|[from] psn
|upkeep
|turn|29
|
|t:|1641698621
|move|p2a: Toxapex|Baneful Bunker|p2a: Toxapex
|-singleturn|p2a: Toxapex|move: Protect
|move|p1a: Chansey|Aromatherapy|p1a: Chansey
|-activate|p1a: Chansey|move: Aromatherapy
|-curestatus|p1a: Chansey|tox|[msg]
|-curestatus|p1: Urshifu|tox|[msg]
|
|upkeep
|turn|30
|
|t:|1641698629
|switch|p2a: Tornadus|Tornadus-Therian, M|89/100
|move|p1a: Chansey|Wish|p1a: Chansey
|
|upkeep
|turn|31
|
|t:|1641698638
|move|p2a: Tornadus|Nasty Plot|p2a: Tornadus
|-boost|p2a: Tornadus|spa|2
|move|p1a: Chansey|Seismic Toss|p2a: Tornadus
|-damage|p2a: Tornadus|56/100
|
|-heal|p1a: Chansey|84/100|[from] move: Wish|[wisher] Chansey
|upkeep
|turn|32
|
|t:|1641698647
|move|p2a: Tornadus|Knock Off|p1a: Chansey
|-damage|p1a: Chansey|71/100
|-enditem|p1a: Chansey|Eviolite|[from] move: Knock Off|[of] p2a: Tornadus
|move|p1a: Chansey|Seismic Toss|p2a: Tornadus
|-damage|p2a: Tornadus|22/100
|
|upkeep
|turn|33
|
|t:|1641698659
|switch|p2a: Slowbro|Slowbro, F|100/100
|move|p1a: Chansey|Wish|p1a: Chansey
|
|upkeep
|turn|34
|
|t:|1641698665
|switch|p1a: Moltres|Moltres-Galar|69/100
|-damage|p1a: Moltres|44/100|[from] Stealth Rock
|move|p2a: Slowbro|Toxic|p1a: Moltres
|-status|p1a: Moltres|tox
|
|-heal|p1a: Moltres|100/100 tox|[from] move: Wish|[wisher] Chansey
|-damage|p1a: Moltres|94/100 tox|[from] psn
|upkeep
|turn|35
|
|t:|1641698676
|move|p1a: Moltres|Fiery Wrath|p2a: Slowbro
|-supereffective|p2a: Slowbro
|-damage|p2a: Slowbro|35/100
|cant|p2a: Slowbro|flinch
|
|-heal|p2a: Slowbro|41/100|[from] item: Leftovers
|-damage|p1a: Moltres|82/100 tox|[from] psn
|upkeep
|turn|36
|
|t:|1641698688
|switch|p2a: Hippowdon|Hippowdon, F|90/100 tox
|-weather|Sandstorm|[from] ability: Sand Stream|[of] p2a: Hippowdon
|move|p1a: Moltres|Fiery Wrath|p2a: Hippowdon
|-damage|p2a: Hippowdon|57/100 tox
|
|-weather|Sandstorm|[upkeep]
|-damage|p1a: Moltres|76/100 tox|[from] Sandstorm
|-heal|p2a: Hippowdon|63/100 tox|[from] item: Leftovers
|-damage|p1a: Moltres|57/100 tox|[from] psn
|-damage|p2a: Hippowdon|57/100 tox|[from] psn
|upkeep
|turn|37
|
|t:|1641698702
|switch|p1a: Rillaboom|Rillaboom, M|88/100
|-status|p1a: Rillaboom|tox
|-damage|p1a: Rillaboom|76/100 tox|[from] Stealth Rock
|-fieldstart|move: Grassy Terrain|[from] ability: Grassy Surge|[of] p1a: Rillaboom
|move|p2a: Hippowdon|Roar|p1a: Rillaboom
|drag|p1a: Chansey|Chansey, F|71/100
|-damage|p1a: Chansey|58/100|[from] Stealth Rock
|-status|p1a: Chansey|tox
|
|-weather|Sandstorm|[upkeep]
|-damage|p1a: Chansey|52/100 tox|[from] Sandstorm
|-heal|p1a: Chansey|58/100 tox|[from] Grassy Terrain
|-heal|p2a: Hippowdon|63/100 tox|[from] Grassy Terrain
|-heal|p2a: Hippowdon|69/100 tox|[from] item: Leftovers
|-damage|p1a: Chansey|52/100 tox|[from] psn
|-damage|p2a: Hippowdon|57/100 tox|[from] psn
|upkeep
|turn|38
|
|t:|1641698718
|move|p1a: Chansey|Aromatherapy|p1a: Chansey
|-activate|p1a: Chansey|move: Aromatherapy
|-curestatus|p1a: Chansey|tox|[msg]
|-curestatus|p1: Moltres|tox|[msg]
|-curestatus|p1: Rillaboom|tox|[msg]
|move|p2a: Hippowdon|Earthquake|p1a: Chansey
|-damage|p1a: Chansey|35/100
|
|-weather|Sandstorm|[upkeep]
|-damage|p1a: Chansey|29/100|[from] Sandstorm
|-heal|p1a: Chansey|35/100|[from] Grassy Terrain
|-heal|p2a: Hippowdon|63/100 tox|[from] Grassy Terrain
|-heal|p2a: Hippowdon|69/100 tox|[from] item: Leftovers
|-damage|p2a: Hippowdon|50/100 tox|[from] psn
|upkeep
|turn|39
|
|t:|1641698734
|move|p1a: Chansey|Wish|p1a: Chansey
|move|p2a: Hippowdon|Roar|p1a: Chansey
|drag|p1a: Urshifu|Urshifu-Rapid-Strike, M|47/100
|-damage|p1a: Urshifu|41/100|[from] Stealth Rock
|-status|p1a: Urshifu|tox
|
|-weather|Sandstorm|[upkeep]
|-damage|p1a: Urshifu|35/100 tox|[from] Sandstorm
|-heal|p1a: Urshifu|41/100 tox|[from] Grassy Terrain
|-heal|p2a: Hippowdon|57/100 tox|[from] Grassy Terrain
|-heal|p2a: Hippowdon|63/100 tox|[from] item: Leftovers
|-damage|p1a: Urshifu|35/100 tox|[from] psn
|-damage|p2a: Hippowdon|38/100 tox|[from] psn
|upkeep
|turn|40
|
|t:|1641698757
|move|p1a: Urshifu|Iron Head|p2a: Hippowdon
|-damage|p2a: Hippowdon|7/100 tox
|move|p2a: Hippowdon|Roar|p1a: Urshifu
|drag|p1a: Moltres|Moltres-Galar|57/100
|-damage|p1a: Moltres|32/100|[from] Stealth Rock
|
|-weather|none
|-heal|p1a: Moltres|100/100|[from] move: Wish|[wisher] Chansey
|-heal|p2a: Hippowdon|14/100 tox|[from] Grassy Terrain
|-heal|p2a: Hippowdon|20/100 tox|[from] item: Leftovers
|-damage|p2a: Hippowdon|0 fnt|[from] psn
|faint|p2a: Hippowdon
|upkeep
|
|t:|1641698770
|switch|p2a: Toxapex|Toxapex, M|100/100
|turn|41
|
|t:|1641698786
|move|p1a: Moltres|Nasty Plot|p1a: Moltres
|-boost|p1a: Moltres|spa|2
|move|p2a: Toxapex|Toxic|p1a: Moltres
|-status|p1a: Moltres|tox
|
|-damage|p1a: Moltres|94/100 tox|[from] psn
|-fieldend|move: Grassy Terrain
|upkeep
|turn|42
|
|t:|1641698796
|move|p1a: Moltres|Fiery Wrath|p2a: Toxapex
|-damage|p2a: Toxapex|35/100
|cant|p2a: Toxapex|flinch
|
|-damage|p1a: Moltres|82/100 tox|[from] psn
|upkeep
|turn|43
|
|t:|1641698807
|switch|p2a: Slowbro|Slowbro, F|74/100
|move|p1a: Moltres|Fiery Wrath|p2a: Slowbro
|-supereffective|p2a: Slowbro
|-damage|p2a: Slowbro|0 fnt
|faint|p2a: Slowbro
|
|-damage|p1a: Moltres|63/100 tox|[from] psn
|upkeep
|
|t:|1641698816
|switch|p2a: Toxapex|Toxapex, M|69/100
|turn|44
|
|t:|1641698825
|move|p2a: Toxapex|Baneful Bunker|p2a: Toxapex
|-singleturn|p2a: Toxapex|move: Protect
|move|p1a: Moltres|Nasty Plot|p1a: Moltres
|-boost|p1a: Moltres|spa|2
|
|-damage|p1a: Moltres|38/100 tox|[from] psn
|upkeep
|turn|45
|
|t:|1641698833
|move|p1a: Moltres|Fiery Wrath|p2a: Toxapex
|-damage|p2a: Toxapex|0 fnt
|faint|p2a: Toxapex
|
|-damage|p1a: Moltres|7/100 tox|[from] psn
|upkeep
|
|t:|1641698843
|switch|p2a: Tornadus|Tornadus-Therian, M|56/100
|turn|46
|
|t:|1641698849
|move|p2a: Tornadus|Knock Off|p1a: Moltres
|-resisted|p1a: Moltres
|-damage|p1a: Moltres|0 fnt
|-enditem|p1a: Moltres|Weakness Policy|[from] move: Knock Off|[of] p2a: Tornadus
|faint|p1a: Moltres
|
|upkeep
|
|t:|1641698856
|switch|p1a: Chansey|Chansey, F|35/100
|-status|p1a: Chansey|tox
|-damage|p1a: Chansey|23/100 tox|[from] Stealth Rock
|turn|47
|
|t:|1641698864
|move|p2a: Tornadus|Focus Blast|p1a: Chansey
|-supereffective|p1a: Chansey
|-damage|p1a: Chansey|0 fnt
|faint|p1a: Chansey
|
|upkeep
|
|t:|1641698875
|switch|p1a: Urshifu|Urshifu-Rapid-Strike, M|35/100 tox
|-damage|p1a: Urshifu|29/100 tox|[from] Stealth Rock
|turn|48
|
|t:|1641698891
|switch|p2a: Slowking|Slowking-Galar, F|66/100
|move|p1a: Urshifu|Surging Strikes|p2a: Slowking
|-crit|p2a: Slowking
|-damage|p2a: Slowking|37/100
|-crit|p2a: Slowking
|-damage|p2a: Slowking|4/100
|-crit|p2a: Slowking
|-damage|p2a: Slowking|0 fnt
|faint|p2a: Slowking
|-hitcount|p2: Slowking|3
|
|-damage|p1a: Urshifu|22/100 tox|[from] psn
|upkeep
|
|t:|1641698902
|switch|p2a: Tornadus|Tornadus-Therian, M|89/100
|turn|49
|
|t:|1641698907
|move|p2a: Tornadus|Knock Off|p1a: Urshifu
|-resisted|p1a: Urshifu
|-damage|p1a: Urshifu|13/100 tox
|-enditem|p1a: Urshifu|Choice Band|[from] move: Knock Off|[of] p2a: Tornadus
|move|p1a: Urshifu|Surging Strikes|p2a: Tornadus
|-crit|p2a: Tornadus
|-damage|p2a: Tornadus|61/100
|-crit|p2a: Tornadus
|-damage|p2a: Tornadus|35/100
|-crit|p2a: Tornadus
|-damage|p2a: Tornadus|8/100
|-hitcount|p2a: Tornadus|3
|
|-damage|p1a: Urshifu|1/100 tox|[from] psn
|upkeep
|turn|50
|
|t:|1641698921
|move|p2a: Tornadus|Knock Off|p1a: Urshifu
|-resisted|p1a: Urshifu
|-damage|p1a: Urshifu|0 fnt
|faint|p1a: Urshifu
|
|upkeep
|
|t:|1641698930
|switch|p1a: Rillaboom|Rillaboom, M|76/100
|-damage|p1a: Rillaboom|64/100|[from] Stealth Rock
|-status|p1a: Rillaboom|tox
|-fieldstart|move: Grassy Terrain|[from] ability: Grassy Surge|[of] p1a: Rillaboom
|turn|51
|
|t:|1641698936
|move|p1a: Rillaboom|Grassy Glide|p2a: Tornadus
|-resisted|p2a: Tornadus
|-damage|p2a: Tornadus|0 fnt
|faint|p2a: Tornadus
|-damage|p1a: Rillaboom|54/100 tox|[from] item: Life Orb
|
|win|RonixSA22
|raw|RonixSA22's rating: 1286 &rarr; <strong>1307</strong><br />(+21 for winning)
|raw|Flamewing712's rating: 1228 &rarr; <strong>1207</strong><br />(-21 for losing)
|l|☆Flamewing712
