|j|☆Drop A Fish
|j|☆Pindustry
|t:|1641804244
|gametype|singles
|player|p1|Drop A Fish|gentleman-gen4|
|player|p2|Pindustry|candice|
|teamsize|p1|6
|teamsize|p2|6
|gen|8
|tier|[Gen 8] OU
|rule|Sleep Clause Mod: Limit one foe put to sleep
|rule|Species Clause: Limit one of each Pokémon
|rule|OHKO Clause: OHKO moves are banned
|rule|Evasion Moves Clause: Evasion moves are banned
|rule|Endless Battle Clause: Forcing endless battles is banned
|rule|HP Percentage Mod: HP is shown in percentages
|rule|Dynamax Clause: You cannot dynamax
|clearpoke
|poke|p1|Clefable, M|
|poke|p1|Toxapex, F|
|poke|p1|Landorus-Therian, M|
|poke|p1|Ferrothorn, F|
|poke|p1|Reuniclus, M|
|poke|p1|Tornadus-Therian, M|
|poke|p2|Indeedee, M|
|poke|p2|Tapu Lele|
|poke|p2|Tapu Fini|
|poke|p2|Hawlucha, M|
|poke|p2|Heatran, M|
|poke|p2|Landorus-Therian, M|
|teampreview
|
|t:|1641804277
|start
|switch|p1a: Tornadus|Tornadus-Therian, M|100/100
|switch|p2a: Tapu Lele|Tapu Lele|100/100
|-fieldstart|move: Psychic Terrain|[from] ability: Psychic Surge|[of] p2a: Tapu Lele
|turn|1
|
|t:|1641804311
|move|p1a: Tornadus|Toxic|p2a: Tapu Lele
|-status|p2a: Tapu Lele|tox
|move|p2a: Tapu Lele|Psychic|p1a: Tornadus
|-damage|p1a: Tornadus|7/100
|
|-damage|p2a: Tapu Lele|94/100 tox|[from] psn
|upkeep
|turn|2
|
|t:|1641804318
|move|p1a: Tornadus|Knock Off|p2a: Tapu Lele
|-damage|p2a: Tapu Lele|66/100 tox
|-enditem|p2a: Tapu Lele|Choice Specs|[from] move: Knock Off|[of] p1a: Tornadus
|move|p2a: Tapu Lele|Psychic|p1a: Tornadus
|-damage|p1a: Tornadus|0 fnt
|faint|p1a: Tornadus
|
|-damage|p2a: Tapu Lele|54/100 tox|[from] psn
|upkeep
|
|t:|1641804330
|switch|p1a: Reuniclus|Reuniclus, M|100/100
|turn|3
|
|t:|1641804339
|move|p2a: Tapu Lele|Psychic|p1a: Reuniclus
|-resisted|p1a: Reuniclus
|-damage|p1a: Reuniclus|70/100
|move|p1a: Reuniclus|Calm Mind|p1a: Reuniclus
|-boost|p1a: Reuniclus|spa|1
|-boost|p1a: Reuniclus|spd|1
|
|-damage|p2a: Tapu Lele|36/100 tox|[from] psn
|upkeep
|turn|4
|
|t:|1641804349
|switch|p2a: Indeedee|Indeedee, M|100/100
|move|p1a: Reuniclus|Recover|p1a: Reuniclus
|-heal|p1a: Reuniclus|100/100
|
|upkeep
|turn|5
|
|t:|1641804385
|move|p2a: Indeedee|Expanding Force|p1a: Reuniclus
|-resisted|p1a: Reuniclus
|-damage|p1a: Reuniclus|74/100
|-damage|p2a: Indeedee|91/100|[from] item: Life Orb
|move|p1a: Reuniclus|Focus Blast|p2a: Indeedee
|-damage|p2a: Indeedee|17/100
|
|-fieldend|move: Psychic Terrain
|upkeep
|turn|6
|
|t:|1641804397
|switch|p2a: Tapu Fini|Tapu Fini|100/100
|-fieldstart|move: Misty Terrain|[from] ability: Misty Surge|[of] p2a: Tapu Fini
|move|p1a: Reuniclus|Calm Mind|p1a: Reuniclus
|-boost|p1a: Reuniclus|spa|1
|-boost|p1a: Reuniclus|spd|1
|
|upkeep
|turn|7
|
|t:|1641804400
|move|p2a: Tapu Fini|Knock Off|p1a: Reuniclus
|-supereffective|p1a: Reuniclus
|-enditem|p1a: Reuniclus|Colbur Berry|[eat]
|-enditem|p1a: Reuniclus|Colbur Berry|[weaken]
|-damage|p1a: Reuniclus|62/100
|move|p1a: Reuniclus|Recover|p1a: Reuniclus
|-heal|p1a: Reuniclus|100/100
|
|upkeep
|turn|8
|
|t:|1641804406
|move|p2a: Tapu Fini|Knock Off|p1a: Reuniclus
|-supereffective|p1a: Reuniclus
|-damage|p1a: Reuniclus|84/100
|move|p1a: Reuniclus|Calm Mind|p1a: Reuniclus
|-boost|p1a: Reuniclus|spa|1
|-boost|p1a: Reuniclus|spd|1
|
|upkeep
|turn|9
|
|t:|1641804409
|move|p2a: Tapu Fini|Dazzling Gleam|p1a: Reuniclus
|-damage|p1a: Reuniclus|74/100
|move|p1a: Reuniclus|Calm Mind|p1a: Reuniclus
|-boost|p1a: Reuniclus|spa|1
|-boost|p1a: Reuniclus|spd|1
|
|upkeep
|turn|10
|
|t:|1641804414
|switch|p2a: Indeedee|Indeedee, M|17/100
|-fieldstart|move: Psychic Terrain|[from] ability: Psychic Surge|[of] p2a: Indeedee
|move|p1a: Reuniclus|Recover|p1a: Reuniclus
|-heal|p1a: Reuniclus|100/100
|
|upkeep
|turn|11
|
|t:|1641804418
|move|p2a: Indeedee|Mystical Fire|p1a: Reuniclus
|-crit|p1a: Reuniclus
|-damage|p1a: Reuniclus|65/100
|-unboost|p1a: Reuniclus|spa|1
|-damage|p2a: Indeedee|7/100|[from] item: Life Orb
|move|p1a: Reuniclus|Psyshock|p2a: Indeedee
|-resisted|p2a: Indeedee
|-damage|p2a: Indeedee|0 fnt
|faint|p2a: Indeedee
|
|upkeep
|
|t:|1641804421
|switch|p2a: Hawlucha|Hawlucha, M|100/100
|-enditem|p2a: Hawlucha|Psychic Seed
|-boost|p2a: Hawlucha|spd|1|[from] item: Psychic Seed
|turn|12
|
|t:|1641804424
|move|p2a: Hawlucha|Acrobatics|p1a: Reuniclus
|-damage|p1a: Reuniclus|27/100
|move|p1a: Reuniclus|Recover|p1a: Reuniclus
|-heal|p1a: Reuniclus|77/100
|
|upkeep
|turn|13
|
|t:|1641804428
|move|p2a: Hawlucha|Swords Dance|p2a: Hawlucha
|-boost|p2a: Hawlucha|atk|2
|move|p1a: Reuniclus|Psyshock|p2a: Hawlucha
|-supereffective|p2a: Hawlucha
|-damage|p2a: Hawlucha|0 fnt
|faint|p2a: Hawlucha
|
|upkeep
|
|t:|1641804435
|switch|p2a: Heatran|Heatran, M|100/100
|turn|14
|
|t:|1641804437
|move|p2a: Heatran|Eruption|p1a: Reuniclus
|-damage|p1a: Reuniclus|52/100
|move|p1a: Reuniclus|Focus Blast|p2a: Heatran
|-supereffective|p2a: Heatran
|-damage|p2a: Heatran|0 fnt
|faint|p2a: Heatran
|
|-fieldend|move: Psychic Terrain
|upkeep
|
|t:|1641804441
|switch|p2a: Landorus|Landorus-Therian, M|100/100
|-ability|p2a: Landorus|Intimidate|boost
|-unboost|p1a: Reuniclus|atk|1
|turn|15
|
|t:|1641804449
|move|p2a: Landorus|Earthquake|p1a: Reuniclus
|-crit|p1a: Reuniclus
|-damage|p1a: Reuniclus|0 fnt
|faint|p1a: Reuniclus
|
|upkeep
|
|t:|1641804453
|switch|p1a: Ferrothorn|Ferrothorn, F|100/100
|turn|16
|
|t:|1641804456
|move|p2a: Landorus|Earthquake|p1a: Ferrothorn
|-damage|p1a: Ferrothorn|56/100
|move|p1a: Ferrothorn|Leech Seed|p2a: Landorus
|-start|p2a: Landorus|move: Leech Seed
|
|-heal|p1a: Ferrothorn|62/100|[from] item: Leftovers
|-damage|p2a: Landorus|88/100|[from] Leech Seed|[of] p1a: Ferrothorn
|-heal|p1a: Ferrothorn|73/100|[silent]
|upkeep
|turn|17
|
|t:|1641804462
|move|p2a: Landorus|Earthquake|p1a: Ferrothorn
|-crit|p1a: Ferrothorn
|-damage|p1a: Ferrothorn|7/100
|move|p1a: Ferrothorn|Knock Off|p2a: Landorus
|-damage|p2a: Landorus|65/100
|-enditem|p2a: Landorus|Leftovers|[from] move: Knock Off|[of] p1a: Ferrothorn
|
|-heal|p1a: Ferrothorn|13/100|[from] item: Leftovers
|-damage|p2a: Landorus|53/100|[from] Leech Seed|[of] p1a: Ferrothorn
|-heal|p1a: Ferrothorn|24/100|[silent]
|upkeep
|turn|18
|
|t:|1641804466
|move|p2a: Landorus|Earthquake|p1a: Ferrothorn
|-damage|p1a: Ferrothorn|0 fnt
|faint|p1a: Ferrothorn
|
|upkeep
|
|t:|1641804474
|switch|p1a: Landorus|Landorus-Therian, M|100/100
|-ability|p1a: Landorus|Intimidate|boost
|-unboost|p2a: Landorus|atk|1
|turn|19
|
|t:|1641804477
|move|p2a: Landorus|Knock Off|p1a: Landorus
|-damage|p1a: Landorus|80/100
|-enditem|p1a: Landorus|Leftovers|[from] move: Knock Off|[of] p2a: Landorus
|move|p1a: Landorus|Toxic|p2a: Landorus
|-status|p2a: Landorus|tox
|
|-damage|p2a: Landorus|41/100 tox|[from] Leech Seed|[of] p1a: Landorus
|-heal|p1a: Landorus|90/100|[silent]
|-damage|p2a: Landorus|35/100 tox|[from] psn
|upkeep
|turn|20
|
|t:|1641804484
|move|p2a: Landorus|Knock Off|p1a: Landorus
|-damage|p1a: Landorus|76/100
|move|p1a: Landorus|Earthquake|p2a: Landorus
|-immune|p2a: Landorus
|
|-damage|p2a: Landorus|22/100 tox|[from] Leech Seed|[of] p1a: Landorus
|-heal|p1a: Landorus|86/100|[silent]
|-damage|p2a: Landorus|11/100 tox|[from] psn
|upkeep
|turn|21
|
|t:|1641804491
|move|p2a: Landorus|Knock Off|p1a: Landorus
|-damage|p1a: Landorus|72/100
|move|p1a: Landorus|U-turn|p2a: Landorus
|-resisted|p2a: Landorus
|-damage|p2a: Landorus|0 fnt
|faint|p2a: Landorus
|
|t:|1641804495
|switch|p1a: Clefable|Clefable, M|100/100|[from]move: U-turn
|
|upkeep
|
|t:|1641804499
|switch|p2a: Tapu Lele|Tapu Lele|36/100 tox
|-fieldstart|move: Psychic Terrain|[from] ability: Psychic Surge|[of] p2a: Tapu Lele
|turn|22
|
|t:|1641804509
|move|p2a: Tapu Lele|Psychic|p1a: Clefable
|-damage|p1a: Clefable|36/100
|move|p1a: Clefable|Thunderbolt|p2a: Tapu Lele
|-damage|p2a: Tapu Lele|0 fnt
|faint|p2a: Tapu Lele
|
|upkeep
|
|t:|1641804514
|switch|p2a: Tapu Fini|Tapu Fini|100/100
|-fieldstart|move: Misty Terrain|[from] ability: Misty Surge|[of] p2a: Tapu Fini
|turn|23
|
|t:|1641804519
|move|p2a: Tapu Fini|Scald|p1a: Clefable
|-damage|p1a: Clefable|2/100
|move|p1a: Clefable|Thunderbolt|p2a: Tapu Fini
|-supereffective|p2a: Tapu Fini
|-damage|p2a: Tapu Fini|39/100
|
|-heal|p2a: Tapu Fini|45/100|[from] item: Leftovers
|upkeep
|turn|24
|
|t:|1641804522
|move|p2a: Tapu Fini|Scald|p1a: Clefable
|-damage|p1a: Clefable|0 fnt
|faint|p1a: Clefable
|
|-heal|p2a: Tapu Fini|51/100|[from] item: Leftovers
|upkeep
|
|t:|1641804525
|switch|p1a: Landorus|Landorus-Therian, M|72/100
|-ability|p1a: Landorus|Intimidate|boost
|-unboost|p2a: Tapu Fini|atk|1
|turn|25
|
|t:|1641804528
|move|p1a: Landorus|Earthquake|p2a: Tapu Fini
|-damage|p2a: Tapu Fini|10/100
|move|p2a: Tapu Fini|Scald|p1a: Landorus
|-supereffective|p1a: Landorus
|-damage|p1a: Landorus|19/100
|
|-heal|p2a: Tapu Fini|16/100|[from] item: Leftovers
|upkeep
|turn|26
|
|t:|1641804534
|move|p1a: Landorus|Earthquake|p2a: Tapu Fini
|-damage|p2a: Tapu Fini|0 fnt
|faint|p2a: Tapu Fini
|
|win|Drop A Fish
|l|☆Pindustry
