|j|☆Projectzone
|j|☆Randy_Lightning
|t:|1641883280
|gametype|singles
|player|p1|Projectzone|hilbert-wonderlauncher|1080
|player|p2|Randy_Lightning|wallace|1000
|teamsize|p1|6
|teamsize|p2|6
|gen|8
|tier|[Gen 8] OU
|rated|
|rule|Sleep Clause Mod: Limit one foe put to sleep
|rule|Species Clause: Limit one of each Pokémon
|rule|OHKO Clause: OHKO moves are banned
|rule|Evasion Moves Clause: Evasion moves are banned
|rule|Endless Battle Clause: Forcing endless battles is banned
|rule|HP Percentage Mod: HP is shown in percentages
|rule|Dynamax Clause: You cannot dynamax
|clearpoke
|poke|p1|Espeon, M|
|poke|p1|Heatran, M|
|poke|p1|Ditto|
|poke|p1|Azumarill, M|
|poke|p1|Snorlax, M|
|poke|p1|Dragonite, M|
|poke|p2|Carbink|
|poke|p2|Shedinja|
|poke|p2|Regigigas|
|poke|p2|Snorlax, M|
|poke|p2|Ferrothorn, M|
|poke|p2|Slowking-Galar, M|
|teampreview
|inactive|Battle timer is ON: inactive players will automatically lose when time's up. (requested by Projectzone)
|
|t:|1641883345
|start
|switch|p1a: Super hot|Heatran, M|100/100
|switch|p2a: Turd|Carbink, shiny|100/100
|turn|1
|inactive|Randy_Lightning has 120 seconds left.
|
|t:|1641883383
|move|p1a: Super hot|Flash Cannon|p2a: Turd
|-supereffective|p2a: Turd
|-ability|p2a: Turd|Sturdy
|-damage|p2a: Turd|1/100
|-unboost|p2a: Turd|spd|1
|-enditem|p2a: Turd|Sitrus Berry|[eat]
|-heal|p2a: Turd|26/100|[from] item: Sitrus Berry
|move|p2a: Turd|Body Press|p1a: Super hot
|-supereffective|p1a: Super hot
|-damage|p1a: Super hot|24/100
|
|upkeep
|turn|2
|inactive|Randy_Lightning has 120 seconds left.
|
|t:|1641883404
|switch|p2a: wtf is on his head|Slowking-Galar, M|100/100
|move|p1a: Super hot|Flash Cannon|p2a: wtf is on his head
|-damage|p2a: wtf is on his head|78/100
|
|upkeep
|turn|3
|
|t:|1641883413
|move|p1a: Super hot|Flash Cannon|p2a: wtf is on his head
|-damage|p2a: wtf is on his head|57/100
|move|p2a: wtf is on his head|Scald|p1a: Super hot
|-supereffective|p1a: Super hot
|-damage|p1a: Super hot|0 fnt
|faint|p1a: Super hot
|
|upkeep
|
|t:|1641883422
|switch|p1a: Espeon|Espeon, M|100/100
|turn|4
|inactive|Randy_Lightning has 120 seconds left.
|
|t:|1641883435
|switch|p2a: Harbinger|Shedinja, shiny|100/100
|move|p1a: Espeon|Shadow Ball|p2a: Harbinger
|-supereffective|p2a: Harbinger
|-damage|p2a: Harbinger|0 fnt
|faint|p2a: Harbinger
|
|upkeep
|
|t:|1641883458
|switch|p2a: Teddy|Snorlax, M|100/100
|turn|5
|
|t:|1641883463
|move|p1a: Espeon|Yawn|p2a: Teddy
|-start|p2a: Teddy|move: Yawn|[of] p1a: Espeon
|move|p2a: Teddy|Body Slam|p1a: Espeon
|-damage|p1a: Espeon|0 fnt
|faint|p1a: Espeon
|-damage|p2a: Teddy|91/100|[from] item: Life Orb
|
|upkeep
|
|t:|1641883472
|switch|p1a: Snorlax|Snorlax, M|100/100
|turn|6
|inactive|Randy_Lightning has 120 seconds left.
|
|t:|1641883496
|switch|p2a: HornyThorny|Ferrothorn, M|100/100
|move|p1a: Snorlax|Curse|p1a: Snorlax
|-unboost|p1a: Snorlax|spe|1
|-boost|p1a: Snorlax|atk|1
|-boost|p1a: Snorlax|def|1
|
|upkeep
|turn|7
|
|t:|1641883504
|move|p1a: Snorlax|Curse|p1a: Snorlax
|-unboost|p1a: Snorlax|spe|1
|-boost|p1a: Snorlax|atk|1
|-boost|p1a: Snorlax|def|1
|move|p2a: HornyThorny|Body Press|p1a: Snorlax
|-supereffective|p1a: Snorlax
|-damage|p1a: Snorlax|70/100
|
|upkeep
|turn|8
|
|t:|1641883513
|move|p1a: Snorlax|Curse|p1a: Snorlax
|-unboost|p1a: Snorlax|spe|1
|-boost|p1a: Snorlax|atk|1
|-boost|p1a: Snorlax|def|1
|move|p2a: HornyThorny|Body Press|p1a: Snorlax
|-supereffective|p1a: Snorlax
|-damage|p1a: Snorlax|49/100
|
|upkeep
|turn|9
|inactive|Randy_Lightning has 120 seconds left.
|
|t:|1641883523
|move|p2a: HornyThorny|Body Press|p1a: Snorlax
|-supereffective|p1a: Snorlax
|-damage|p1a: Snorlax|27/100
|move|p1a: Snorlax|Curse|p1a: Snorlax
|-unboost|p1a: Snorlax|spe|1
|-boost|p1a: Snorlax|atk|1
|-boost|p1a: Snorlax|def|1
|
|upkeep
|turn|10
|inactive|Randy_Lightning has 120 seconds left.
|
|t:|1641883535
|move|p2a: HornyThorny|Body Press|p1a: Snorlax
|-supereffective|p1a: Snorlax
|-damage|p1a: Snorlax|6/100
|-enditem|p1a: Snorlax|Aguav Berry|[eat]
|-heal|p1a: Snorlax|39/100|[from] item: Aguav Berry
|move|p1a: Snorlax|Body Slam|p2a: HornyThorny
|-resisted|p2a: HornyThorny
|-damage|p2a: HornyThorny|57/100
|-damage|p1a: Snorlax|27/100|[from] ability: Iron Barbs|[of] p2a: HornyThorny
|-damage|p1a: Snorlax|10/100|[from] item: Rocky Helmet|[of] p2a: HornyThorny
|
|upkeep
|turn|11
|inactive|Randy_Lightning has 120 seconds left.
|
|t:|1641883547
|move|p2a: HornyThorny|Body Press|p1a: Snorlax
|-supereffective|p1a: Snorlax
|-damage|p1a: Snorlax|0 fnt
|faint|p1a: Snorlax
|
|upkeep
|
|t:|1641883556
|switch|p1a: Dragonite|Dragonite, M|100/100
|turn|12
|inactive|Randy_Lightning has 120 seconds left.
|
|t:|1641883584
|switch|p2a: PurpPurp|Regigigas, shiny|100/100
|-start|p2a: PurpPurp|ability: Slow Start
|move|p1a: Dragonite|Dragon Dance|p1a: Dragonite
|-boost|p1a: Dragonite|atk|1
|-boost|p1a: Dragonite|spe|1
|
|upkeep
|turn|13
|
|t:|1641883594
|move|p1a: Dragonite|Dragon Dance|p1a: Dragonite
|-boost|p1a: Dragonite|atk|1
|-boost|p1a: Dragonite|spe|1
|move|p2a: PurpPurp|Ice Punch|p1a: Dragonite
|-supereffective|p1a: Dragonite
|-damage|p1a: Dragonite|57/100
|
|upkeep
|turn|14
|inactive|Randy_Lightning has 120 seconds left.
|
|t:|1641883602
|move|p1a: Dragonite|Earthquake|p2a: PurpPurp
|-damage|p2a: PurpPurp|41/100
|move|p2a: PurpPurp|Ice Punch|p1a: Dragonite
|-supereffective|p1a: Dragonite
|-damage|p1a: Dragonite|0 fnt
|faint|p1a: Dragonite
|
|upkeep
|
|t:|1641883611
|switch|p1a: Azumarill|Azumarill, M|100/100
|turn|15
|
|t:|1641883620
|move|p1a: Azumarill|Belly Drum|p1a: Azumarill
|-damage|p1a: Azumarill|50/100
|-setboost|p1a: Azumarill|atk|6|[from] move: Belly Drum
|move|p2a: PurpPurp|Thunder Punch|p1a: Azumarill
|-supereffective|p1a: Azumarill
|-crit|p1a: Azumarill
|-damage|p1a: Azumarill|0 fnt
|faint|p1a: Azumarill
|
|upkeep
|l|☆Projectzone
|inactive|Projectzone disconnected and has a minute to reconnect!
|player|p1|
|c|☆Randy_Lightning|awwww cmon man
|inactive|Projectzone has 30 seconds to reconnect!
|inactive|Projectzone has 20 seconds to reconnect!
|inactive|Projectzone has 15 seconds to reconnect!
|inactive|Projectzone has 10 seconds to reconnect!
|inactive|Projectzone has 5 seconds to reconnect!
|-message|Projectzone lost due to inactivity.
|
|win|Randy_Lightning
|raw|Projectzone's rating: 1080 &rarr; <strong>1053</strong><br />(-27 for losing)
|raw|Randy_Lightning's rating: 1000 &rarr; <strong>1049</strong><br />(+49 for winning)
