|j|☆HarvIsHere
|j|☆B1G_CHEEZ
|t:|1641857148
|gametype|singles
|player|p1|HarvIsHere|candice|1070
|player|p2|B1G_CHEEZ|veteran|1075
|teamsize|p1|6
|teamsize|p2|6
|gen|8
|tier|[Gen 8] OU
|rated|
|rule|Sleep Clause Mod: Limit one foe put to sleep
|rule|Species Clause: Limit one of each Pokémon
|rule|OHKO Clause: OHKO moves are banned
|rule|Evasion Moves Clause: Evasion moves are banned
|rule|Endless Battle Clause: Forcing endless battles is banned
|rule|HP Percentage Mod: HP is shown in percentages
|rule|Dynamax Clause: You cannot dynamax
|clearpoke
|poke|p1|Volcarona, M|
|poke|p1|Clefable, F|
|poke|p1|Seismitoad, F|
|poke|p1|Scizor, F|
|poke|p1|Braviary, M|
|poke|p1|Machamp, M|
|poke|p2|Togekiss, F|
|poke|p2|Salazzle, F|
|poke|p2|Hippowdon, F|
|poke|p2|Dragonite, M|
|poke|p2|Toxapex, M|
|poke|p2|Mew|
|teampreview
|
|t:|1641857160
|start
|switch|p1a: Machamp|Machamp, M|100/100
|switch|p2a: Mew|Mew|100/100
|turn|1
|
|t:|1641857168
|move|p2a: Mew|Block|p1a: Machamp
|-activate|p1a: Machamp|trapped
|move|p1a: Machamp|Mega Kick|p2a: Mew
|-damage|p2a: Mew|60/100
|
|upkeep
|turn|2
|
|t:|1641857177
|move|p2a: Mew|Imprison|p2a: Mew
|-start|p2a: Mew|move: Imprison
|move|p1a: Machamp|Mega Kick|p2a: Mew
|-damage|p2a: Mew|22/100
|
|upkeep
|turn|3
|
|t:|1641857186
|move|p1a: Machamp|Bullet Punch|p2a: Mew
|-crit|p2a: Mew
|-damage|p2a: Mew|4/100
|move|p2a: Mew|Rest|p2a: Mew
|-status|p2a: Mew|slp|[from] move: Rest
|-heal|p2a: Mew|100/100 slp|[silent]
|-enditem|p2a: Mew|Chesto Berry|[eat]
|-curestatus|p2a: Mew|slp|[msg]
|
|upkeep
|turn|4
|
|t:|1641857191
|move|p2a: Mew|Transform|p1a: Machamp
|-transform|p2a: Mew|p1a: Machamp
|cant|p1a: Machamp|move: Imprison|Dynamic Punch
|
|upkeep
|turn|5
|
|t:|1641857206
|-activate|p1a: Machamp|move: Struggle
|move|p1a: Machamp|Struggle|p2a: Mew
|-damage|p2a: Mew|81/100
|-damage|p1a: Machamp|75/100|[from] recoil
|move|p2a: Mew|Dynamic Punch|p1a: Machamp
|-damage|p1a: Machamp|18/100
|-start|p1a: Machamp|confusion
|
|upkeep
|turn|6
|
|t:|1641857215
|move|p2a: Mew|Bullet Punch|p1a: Machamp
|-damage|p1a: Machamp|2/100
|-activate|p1a: Machamp|confusion
|-damage|p1a: Machamp|0 fnt|[from] confusion
|faint|p1a: Machamp
|
|upkeep
|
|t:|1641857226
|switch|p1a: Scizor|Scizor, F|100/100
|turn|7
|
|t:|1641857232
|move|p1a: Scizor|Swords Dance|p1a: Scizor
|-boost|p1a: Scizor|atk|2
|move|p2a: Mew|Dynamic Punch|p1a: Scizor
|-damage|p1a: Scizor|26/100
|-start|p1a: Scizor|confusion
|
|upkeep
|turn|8
|
|t:|1641857241
|move|p2a: Mew|Bullet Punch|p1a: Scizor
|-resisted|p1a: Scizor
|-damage|p1a: Scizor|17/100
|-activate|p1a: Scizor|confusion
|-damage|p1a: Scizor|0 fnt|[from] confusion
|faint|p1a: Scizor
|
|upkeep
|
|t:|1641857248
|switch|p1a: Seismitoad|Seismitoad, F|100/100
|turn|9
|
|t:|1641857257
|move|p1a: Seismitoad|Toxic|p2a: Mew
|-status|p2a: Mew|tox
|move|p2a: Mew|Mega Kick|p1a: Seismitoad
|-damage|p1a: Seismitoad|57/100
|
|-heal|p1a: Seismitoad|63/100|[from] item: Leftovers
|-damage|p2a: Mew|74/100 tox|[from] psn
|upkeep
|turn|10
|
|t:|1641857265
|move|p1a: Seismitoad|Protect|p1a: Seismitoad
|-singleturn|p1a: Seismitoad|Protect
|move|p2a: Mew|Dynamic Punch|p1a: Seismitoad
|-activate|p1a: Seismitoad|move: Protect
|
|-heal|p1a: Seismitoad|69/100|[from] item: Leftovers
|-damage|p2a: Mew|62/100 tox|[from] psn
|upkeep
|turn|11
|
|t:|1641857270
|switch|p1a: Volcarona|Volcarona, M|100/100
|move|p2a: Mew|Dynamic Punch|p1a: Volcarona
|-resisted|p1a: Volcarona
|-damage|p1a: Volcarona|53/100
|-start|p1a: Volcarona|confusion
|-damage|p2a: Mew|45/100 tox|[from] item: Rocky Helmet|[of] p1a: Volcarona
|
|-damage|p2a: Mew|27/100 tox|[from] psn
|upkeep
|turn|12
|
|t:|1641857277
|switch|p1a: Seismitoad|Seismitoad, F|69/100
|move|p2a: Mew|Stone Edge|p1a: Seismitoad
|-resisted|p1a: Seismitoad
|-damage|p1a: Seismitoad|48/100
|
|-heal|p1a: Seismitoad|54/100|[from] item: Leftovers
|-damage|p2a: Mew|2/100 tox|[from] psn
|upkeep
|turn|13
|
|t:|1641857285
|move|p1a: Seismitoad|Protect|p1a: Seismitoad
|-singleturn|p1a: Seismitoad|Protect
|move|p2a: Mew|Bullet Punch|p1a: Seismitoad
|-activate|p1a: Seismitoad|move: Protect
|
|-heal|p1a: Seismitoad|60/100|[from] item: Leftovers
|-damage|p2a: Mew|0 fnt|[from] psn
|faint|p2a: Mew
|upkeep
|
|t:|1641857297
|switch|p2a: Hippowdon|Hippowdon, F|100/100
|-weather|Sandstorm|[from] ability: Sand Stream|[of] p2a: Hippowdon
|turn|14
|
|t:|1641857304
|move|p1a: Seismitoad|Toxic|p2a: Hippowdon|[miss]
|-miss|p1a: Seismitoad|p2a: Hippowdon
|move|p2a: Hippowdon|Toxic|p1a: Seismitoad
|-status|p1a: Seismitoad|tox
|
|-weather|Sandstorm|[upkeep]
|-heal|p1a: Seismitoad|66/100 tox|[from] item: Leftovers
|-damage|p1a: Seismitoad|60/100 tox|[from] psn
|upkeep
|turn|15
|
|t:|1641857312
|switch|p2a: Toxapex|Toxapex, M|100/100
|move|p1a: Seismitoad|Toxic|p2a: Toxapex
|-immune|p2a: Toxapex
|
|-weather|Sandstorm|[upkeep]
|-damage|p2a: Toxapex|95/100|[from] Sandstorm
|-heal|p1a: Seismitoad|66/100 tox|[from] item: Leftovers
|-heal|p2a: Toxapex|100/100|[from] item: Black Sludge
|-damage|p1a: Seismitoad|54/100 tox|[from] psn
|upkeep
|turn|16
|
|t:|1641857322
|move|p2a: Toxapex|Baneful Bunker|p2a: Toxapex
|-singleturn|p2a: Toxapex|move: Protect
|move|p1a: Seismitoad|Earthquake|p2a: Toxapex
|-activate|p2a: Toxapex|move: Protect
|
|-weather|Sandstorm|[upkeep]
|-damage|p2a: Toxapex|95/100|[from] Sandstorm
|-heal|p1a: Seismitoad|60/100 tox|[from] item: Leftovers
|-heal|p2a: Toxapex|100/100|[from] item: Black Sludge
|-damage|p1a: Seismitoad|42/100 tox|[from] psn
|upkeep
|turn|17
|
|t:|1641857328
|switch|p2a: Dragonite|Dragonite, M|100/100
|move|p1a: Seismitoad|Earthquake|p2a: Dragonite
|-immune|p2a: Dragonite
|
|-weather|Sandstorm|[upkeep]
|-damage|p2a: Dragonite|94/100|[from] Sandstorm
|-heal|p2a: Dragonite|100/100|[from] item: Leftovers
|-heal|p1a: Seismitoad|48/100 tox|[from] item: Leftovers
|-damage|p1a: Seismitoad|23/100 tox|[from] psn
|upkeep
|turn|18
|
|t:|1641857333
|move|p2a: Dragonite|Extreme Speed|p1a: Seismitoad
|-damage|p1a: Seismitoad|0 fnt
|faint|p1a: Seismitoad
|
|-weather|none
|upkeep
|
|t:|1641857339
|switch|p1a: Braviary|Braviary, M|100/100
|turn|19
|
|t:|1641857347
|move|p1a: Braviary|Brave Bird|p2a: Dragonite
|-crit|p2a: Dragonite
|-damage|p2a: Dragonite|58/100
|-damage|p1a: Braviary|85/100|[from] Recoil
|move|p2a: Dragonite|Dragon Tail|p1a: Braviary
|-damage|p1a: Braviary|53/100
|drag|p1a: Clefable|Clefable, F|100/100
|
|-heal|p2a: Dragonite|64/100|[from] item: Leftovers
|upkeep
|turn|20
|
|t:|1641857355
|move|p2a: Dragonite|Roost|p2a: Dragonite
|-heal|p2a: Dragonite|100/100
|-singleturn|p2a: Dragonite|move: Roost
|move|p1a: Clefable|Moonblast|p2a: Dragonite
|-supereffective|p2a: Dragonite
|-damage|p2a: Dragonite|71/100
|-unboost|p2a: Dragonite|spa|1
|
|-heal|p2a: Dragonite|78/100|[from] item: Leftovers
|upkeep
|turn|21
|
|t:|1641857364
|switch|p2a: Togekiss|Togekiss, F|100/100
|move|p1a: Clefable|Encore||[still]
|-fail|p1a: Clefable
|
|upkeep
|turn|22
|
|t:|1641857369
|move|p2a: Togekiss|Air Slash|p1a: Clefable
|-damage|p1a: Clefable|68/100
|cant|p1a: Clefable|flinch
|
|-heal|p1a: Clefable|74/100|[from] item: Leftovers
|upkeep
|turn|23
|
|t:|1641857373
|move|p2a: Togekiss|Air Slash|p1a: Clefable|[miss]
|-miss|p2a: Togekiss|p1a: Clefable
|move|p1a: Clefable|Moonblast|p2a: Togekiss
|-damage|p2a: Togekiss|57/100
|
|-heal|p1a: Clefable|80/100|[from] item: Leftovers
|upkeep
|turn|24
|
|t:|1641857377
|move|p2a: Togekiss|Air Slash|p1a: Clefable
|-damage|p1a: Clefable|48/100
|move|p1a: Clefable|Moonblast|p2a: Togekiss
|-damage|p2a: Togekiss|17/100
|
|-heal|p1a: Clefable|54/100|[from] item: Leftovers
|upkeep
|turn|25
|
|t:|1641857382
|move|p2a: Togekiss|Air Slash|p1a: Clefable
|-crit|p1a: Clefable
|-damage|p1a: Clefable|3/100
|cant|p1a: Clefable|flinch
|
|-heal|p1a: Clefable|9/100|[from] item: Leftovers
|upkeep
|turn|26
|
|t:|1641857387
|move|p2a: Togekiss|Air Slash|p1a: Clefable
|-damage|p1a: Clefable|0 fnt
|faint|p1a: Clefable
|
|upkeep
|
|t:|1641857391
|switch|p1a: Braviary|Braviary, M|53/100
|turn|27
|
|t:|1641857394
|move|p2a: Togekiss|Air Slash|p1a: Braviary
|-damage|p1a: Braviary|9/100
|cant|p1a: Braviary|flinch
|
|upkeep
|turn|28
|
|t:|1641857399
|move|p2a: Togekiss|Air Slash|p1a: Braviary
|-damage|p1a: Braviary|0 fnt
|faint|p1a: Braviary
|
|upkeep
|
|t:|1641857404
|switch|p1a: Volcarona|Volcarona, M|53/100
|turn|29
|
|t:|1641857408
|move|p2a: Togekiss|Air Slash|p1a: Volcarona
|-supereffective|p1a: Volcarona
|-damage|p1a: Volcarona|0 fnt
|faint|p1a: Volcarona
|
|win|B1G_CHEEZ
|raw|HarvIsHere's rating: 1070 &rarr; <strong>1050</strong><br />(-20 for losing)
|raw|B1G_CHEEZ's rating: 1075 &rarr; <strong>1103</strong><br />(+28 for winning)
|l|☆HarvIsHere
|c|☆B1G_CHEEZ|gg
|j| Quirky Girl
|l|☆B1G_CHEEZ
|j|☆B1G_CHEEZ
|player|p2|B1G_CHEEZ|veteran
