|j|☆GiraffeDisco
|j|☆ransir
|t:|1641725704
|gametype|singles
|player|p1|GiraffeDisco|265|1238
|player|p2|ransir|170|1391
|teamsize|p1|6
|teamsize|p2|6
|gen|8
|tier|[Gen 8] OU
|rated|
|rule|Sleep Clause Mod: Limit one foe put to sleep
|rule|Species Clause: Limit one of each Pokémon
|rule|OHKO Clause: OHKO moves are banned
|rule|Evasion Moves Clause: Evasion moves are banned
|rule|Endless Battle Clause: Forcing endless battles is banned
|rule|HP Percentage Mod: HP is shown in percentages
|rule|Dynamax Clause: You cannot dynamax
|clearpoke
|poke|p1|Dragapult, M|
|poke|p1|Landorus-Therian, M|
|poke|p1|Volcarona, F|
|poke|p1|Ferrothorn, F|
|poke|p1|Bisharp, F|
|poke|p1|Clefable, M|
|poke|p2|Zapdos|
|poke|p2|Urshifu-*, M|
|poke|p2|Weavile, M|
|poke|p2|Slowking, F|
|poke|p2|Ferrothorn, M|
|poke|p2|Landorus-Therian, M|
|teampreview
|
|t:|1641725711
|start
|switch|p1a: Landorus|Landorus-Therian, M|100/100
|switch|p2a: ELIMINATOR|Zapdos|100/100
|-ability|p1a: Landorus|Intimidate|boost
|-unboost|p2a: ELIMINATOR|atk|1
|turn|1
|inactive|Battle timer is ON: inactive players will automatically lose when time's up. (requested by GiraffeDisco)
|
|t:|1641725722
|switch|p2a: Pleisure|Ferrothorn, M|100/100
|move|p1a: Landorus|Knock Off|p2a: Pleisure
|-damage|p2a: Pleisure|73/100
|-damage|p1a: Landorus|88/100|[from] ability: Iron Barbs|[of] p2a: Pleisure
|-enditem|p2a: Pleisure|Leftovers|[from] move: Knock Off|[of] p1a: Landorus
|
|upkeep
|turn|2
|
|t:|1641725732
|switch|p1a: Volcarona|Volcarona, F|100/100
|move|p2a: Pleisure|Stealth Rock|p1a: Volcarona
|-sidestart|p1: GiraffeDisco|move: Stealth Rock
|
|upkeep
|turn|3
|
|t:|1641725742
|switch|p2a: Mandragora|Landorus-Therian, M|100/100
|-ability|p2a: Mandragora|Intimidate|boost
|-unboost|p1a: Volcarona|atk|1
|move|p1a: Volcarona|Quiver Dance|p1a: Volcarona
|-boost|p1a: Volcarona|spa|1
|-boost|p1a: Volcarona|spd|1
|-boost|p1a: Volcarona|spe|1
|
|upkeep
|turn|4
|
|t:|1641725759
|move|p1a: Volcarona|Fiery Dance|p2a: Mandragora
|-damage|p2a: Mandragora|48/100
|move|p2a: Mandragora|Earthquake|p1a: Volcarona
|-damage|p1a: Volcarona|46/100
|
|-heal|p2a: Mandragora|54/100|[from] item: Leftovers
|upkeep
|turn|5
|
|t:|1641725771
|move|p1a: Volcarona|Fiery Dance|p2a: Mandragora
|-damage|p2a: Mandragora|3/100
|-boost|p1a: Volcarona|spa|1
|move|p2a: Mandragora|Earthquake|p1a: Volcarona
|-damage|p1a: Volcarona|0 fnt
|faint|p1a: Volcarona
|
|-heal|p2a: Mandragora|9/100|[from] item: Leftovers
|upkeep
|
|t:|1641725776
|switch|p1a: Landorus|Landorus-Therian, M|88/100
|-damage|p1a: Landorus|75/100|[from] Stealth Rock
|-ability|p1a: Landorus|Intimidate|boost
|-unboost|p2a: Mandragora|atk|1
|turn|6
|
|t:|1641725783
|move|p1a: Landorus|U-turn|p2a: Mandragora
|-resisted|p2a: Mandragora
|-damage|p2a: Mandragora|0 fnt
|faint|p2a: Mandragora
|
|t:|1641725790
|switch|p1a: Ferrothorn|Ferrothorn, F|100/100|[from]move: U-turn
|-damage|p1a: Ferrothorn|94/100|[from] Stealth Rock
|
|-heal|p1a: Ferrothorn|100/100|[from] item: Leftovers
|upkeep
|
|t:|1641725799
|switch|p2a: ELIMINATOR|Zapdos|100/100
|turn|7
|
|t:|1641725810
|move|p2a: ELIMINATOR|Heat Wave|p1a: Ferrothorn
|-supereffective|p1a: Ferrothorn
|-damage|p1a: Ferrothorn|0 fnt
|faint|p1a: Ferrothorn
|
|upkeep
|
|t:|1641725816
|switch|p1a: Landorus|Landorus-Therian, M|75/100
|-damage|p1a: Landorus|63/100|[from] Stealth Rock
|-ability|p1a: Landorus|Intimidate|boost
|-unboost|p2a: ELIMINATOR|atk|1
|turn|8
|
|t:|1641725822
|move|p1a: Landorus|Knock Off|p2a: ELIMINATOR
|-damage|p2a: ELIMINATOR|56/100
|-enditem|p2a: ELIMINATOR|Heavy-Duty Boots|[from] move: Knock Off|[of] p1a: Landorus
|move|p2a: ELIMINATOR|Hurricane|p1a: Landorus
|-damage|p1a: Landorus|0 fnt
|faint|p1a: Landorus
|
|upkeep
|
|t:|1641725835
|switch|p1a: Dragapult|Dragapult, M|100/100
|-damage|p1a: Dragapult|88/100|[from] Stealth Rock
|turn|9
|
|t:|1641725851
|switch|p2a: Pleisure|Ferrothorn, M|73/100
|move|p1a: Dragapult|Shadow Ball|p2a: Pleisure
|-damage|p2a: Pleisure|30/100
|
|upkeep
|turn|10
|
|t:|1641725859
|move|p1a: Dragapult|Shadow Ball|p2a: Pleisure
|-damage|p2a: Pleisure|0 fnt
|faint|p2a: Pleisure
|
|upkeep
|
|t:|1641725872
|switch|p2a: glacier’s poetry|Weavile, M|100/100
|turn|11
|
|t:|1641725884
|switch|p1a: Bisharp|Bisharp, F|100/100
|-damage|p1a: Bisharp|95/100|[from] Stealth Rock
|switch|p2a: FAKE LIFE|Urshifu-Rapid-Strike, M|100/100
|
|upkeep
|turn|12
|
|t:|1641725896
|move|p2a: FAKE LIFE|Surging Strikes|p1a: Bisharp
|-crit|p1a: Bisharp
|-damage|p1a: Bisharp|64/100
|-crit|p1a: Bisharp
|-damage|p1a: Bisharp|33/100
|-crit|p1a: Bisharp
|-damage|p1a: Bisharp|3/100
|-hitcount|p1a: Bisharp|3
|move|p1a: Bisharp|Psycho Cut|p2a: FAKE LIFE
|-supereffective|p2a: FAKE LIFE
|-damage|p2a: FAKE LIFE|35/100
|
|upkeep
|turn|13
|
|t:|1641725906
|move|p1a: Bisharp|Sucker Punch|p2a: FAKE LIFE
|-resisted|p2a: FAKE LIFE
|-damage|p2a: FAKE LIFE|16/100
|move|p2a: FAKE LIFE|Surging Strikes|p1a: Bisharp
|-crit|p1a: Bisharp
|-damage|p1a: Bisharp|0 fnt
|faint|p1a: Bisharp
|-hitcount|p1: Bisharp|1
|
|upkeep
|
|t:|1641725910
|switch|p1a: Clefable|Clefable, M|100/100
|-damage|p1a: Clefable|88/100|[from] Stealth Rock
|turn|14
|
|t:|1641725915
|move|p2a: FAKE LIFE|Surging Strikes|p1a: Clefable
|-crit|p1a: Clefable
|-damage|p1a: Clefable|63/100
|-crit|p1a: Clefable
|-damage|p1a: Clefable|34/100
|-crit|p1a: Clefable
|-damage|p1a: Clefable|7/100
|-hitcount|p1a: Clefable|3
|move|p1a: Clefable|Moonblast|p2a: FAKE LIFE
|-supereffective|p2a: FAKE LIFE
|-damage|p2a: FAKE LIFE|0 fnt
|faint|p2a: FAKE LIFE
|
|-heal|p1a: Clefable|13/100|[from] item: Leftovers
|upkeep
|
|t:|1641725927
|switch|p2a: ELIMINATOR|Zapdos|56/100
|turn|15
|
|t:|1641725931
|move|p2a: ELIMINATOR|Volt Switch|p1a: Clefable
|-damage|p1a: Clefable|0 fnt
|faint|p1a: Clefable
|
|t:|1641725936
|switch|p2a: glacier’s poetry|Weavile, M|100/100|[from]move: Volt Switch
|
|upkeep
|
|t:|1641725940
|switch|p1a: Dragapult|Dragapult, M|88/100
|-damage|p1a: Dragapult|76/100|[from] Stealth Rock
|turn|16
|
|t:|1641725949
|move|p1a: Dragapult|Sucker Punch|p2a: glacier’s poetry
|-resisted|p2a: glacier’s poetry
|-damage|p2a: glacier’s poetry|85/100
|move|p2a: glacier’s poetry|Ice Shard|p1a: Dragapult
|-supereffective|p1a: Dragapult
|-damage|p1a: Dragapult|24/100
|
|upkeep
|turn|17
|
|t:|1641725955
|move|p2a: glacier’s poetry|Ice Shard|p1a: Dragapult
|-supereffective|p1a: Dragapult
|-damage|p1a: Dragapult|0 fnt
|faint|p1a: Dragapult
|
|win|ransir
|raw|GiraffeDisco's rating: 1238 &rarr; <strong>1223</strong><br />(-15 for losing)
|raw|ransir's rating: 1391 &rarr; <strong>1403</strong><br />(+12 for winning)
|l|☆GiraffeDisco
