|j|☆kuhrii
|j|☆Adam Fathalo
|t:|1641808324
|gametype|singles
|player|p1|kuhrii|hugh|1153
|player|p2|Adam Fathalo|gambler|1159
|teamsize|p1|6
|teamsize|p2|6
|gen|8
|tier|[Gen 8] OU
|rated|
|rule|Sleep Clause Mod: Limit one foe put to sleep
|rule|Species Clause: Limit one of each Pokémon
|rule|OHKO Clause: OHKO moves are banned
|rule|Evasion Moves Clause: Evasion moves are banned
|rule|Endless Battle Clause: Forcing endless battles is banned
|rule|HP Percentage Mod: HP is shown in percentages
|rule|Dynamax Clause: You cannot dynamax
|clearpoke
|poke|p1|Garchomp, M|
|poke|p1|Slurpuff, M|
|poke|p1|Espeon, M|
|poke|p1|Tyranitar, M|
|poke|p1|Lucario, F|
|poke|p1|Xurkitree|
|poke|p2|Charizard, M|
|poke|p2|Zoroark, M|
|poke|p2|Metagross|
|poke|p2|Articuno|
|poke|p2|Drapion, M|
|poke|p2|Garchomp, M|
|teampreview
|
|t:|1641808344
|start
|switch|p1a: Espeon|Espeon, M|100/100
|switch|p2a: Drapion|Drapion, M|100/100
|turn|1
|inactive|Battle timer is ON: inactive players will automatically lose when time's up. (requested by Adam Fathalo)
|
|t:|1641808354
|move|p1a: Espeon|Reflect|p1a: Espeon
|-sidestart|p1: kuhrii|Reflect
|move|p2a: Drapion|Toxic|p1a: Espeon
|move|p1a: Espeon|Toxic|p2a: Drapion|[from]ability: Magic Bounce
|-immune|p2a: Drapion
|
|upkeep
|turn|2
|
|t:|1641808362
|move|p1a: Espeon|Light Screen|p1a: Espeon
|-sidestart|p1: kuhrii|move: Light Screen
|move|p2a: Drapion|Knock Off|p1a: Espeon
|-supereffective|p1a: Espeon
|-damage|p1a: Espeon|48/100
|-enditem|p1a: Espeon|Light Clay|[from] move: Knock Off|[of] p2a: Drapion
|
|upkeep
|turn|3
|
|t:|1641808369
|move|p1a: Espeon|Wish|p1a: Espeon
|move|p2a: Drapion|Knock Off|p1a: Espeon
|-supereffective|p1a: Espeon
|-damage|p1a: Espeon|12/100
|
|upkeep
|turn|4
|
|t:|1641808377
|switch|p1a: Tyranitar|Tyranitar, M|100/100
|-weather|Sandstorm|[from] ability: Sand Stream|[of] p1a: Tyranitar
|move|p2a: Drapion|Knock Off|p1a: Tyranitar
|-resisted|p1a: Tyranitar
|-damage|p1a: Tyranitar|94/100
|-enditem|p1a: Tyranitar|Assault Vest|[from] move: Knock Off|[of] p2a: Drapion
|
|-weather|Sandstorm|[upkeep]
|-damage|p2a: Drapion|94/100|[from] Sandstorm
|-heal|p1a: Tyranitar|100/100|[from] move: Wish|[wisher] Espeon
|-heal|p2a: Drapion|100/100|[from] item: Leftovers
|upkeep
|turn|5
|
|t:|1641808395
|move|p2a: Drapion|Toxic Spikes|p1a: Tyranitar
|-sidestart|p1: kuhrii|move: Toxic Spikes
|move|p1a: Tyranitar|Earth Power|p2a: Drapion
|-supereffective|p2a: Drapion
|-damage|p2a: Drapion|19/100
|-unboost|p2a: Drapion|spd|1
|
|-weather|Sandstorm|[upkeep]
|-damage|p2a: Drapion|13/100|[from] Sandstorm
|-heal|p2a: Drapion|19/100|[from] item: Leftovers
|upkeep
|turn|6
|
|t:|1641808407
|move|p2a: Drapion|Earthquake|p1a: Tyranitar
|-supereffective|p1a: Tyranitar
|-damage|p1a: Tyranitar|82/100
|move|p1a: Tyranitar|Ancient Power|p2a: Drapion
|-damage|p2a: Drapion|0 fnt
|faint|p2a: Drapion
|
|-weather|Sandstorm|[upkeep]
|upkeep
|
|t:|1641808423
|switch|p2a: Garchomp|Garchomp, M|100/100
|turn|7
|
|t:|1641808427
|move|p2a: Garchomp|Swords Dance|p2a: Garchomp
|-boost|p2a: Garchomp|atk|2
|move|p1a: Tyranitar|Ice Beam|p2a: Garchomp
|-supereffective|p2a: Garchomp
|-damage|p2a: Garchomp|0 fnt
|faint|p2a: Garchomp
|
|-weather|Sandstorm|[upkeep]
|upkeep
|
|t:|1641808444
|switch|p2a: Metagross|Metagross, shiny|100/100
|turn|8
|
|t:|1641808461
|move|p2a: Metagross|Meteor Mash|p1a: Tyranitar
|-supereffective|p1a: Tyranitar
|-damage|p1a: Tyranitar|51/100
|move|p1a: Tyranitar|Flamethrower|p2a: Metagross
|-supereffective|p2a: Metagross
|-damage|p2a: Metagross|41/100
|
|-weather|none
|-heal|p2a: Metagross|47/100|[from] item: Leftovers
|-sideend|p1: kuhrii|Reflect
|upkeep
|turn|9
|
|t:|1641808476
|move|p2a: Metagross|Protect|p2a: Metagross
|-singleturn|p2a: Metagross|Protect
|move|p1a: Tyranitar|Flamethrower|p2a: Metagross
|-activate|p2a: Metagross|move: Protect
|
|-heal|p2a: Metagross|53/100|[from] item: Leftovers
|-sideend|p1: kuhrii|move: Light Screen
|upkeep
|turn|10
|
|t:|1641808486
|switch|p2a: Charizard|Charizard, M|100/100
|move|p1a: Tyranitar|Flamethrower|p2a: Charizard
|-resisted|p2a: Charizard
|-damage|p2a: Charizard|86/100
|
|upkeep
|turn|11
|
|t:|1641808495
|move|p2a: Charizard|Focus Blast|p1a: Tyranitar|[miss]
|-miss|p2a: Charizard|p1a: Tyranitar
|move|p1a: Tyranitar|Ancient Power|p2a: Charizard
|-supereffective|p2a: Charizard
|-crit|p2a: Charizard
|-damage|p2a: Charizard|0 fnt
|-boost|p1a: Tyranitar|atk|1
|-boost|p1a: Tyranitar|def|1
|-boost|p1a: Tyranitar|spa|1
|-boost|p1a: Tyranitar|spd|1
|-boost|p1a: Tyranitar|spe|1
|faint|p2a: Charizard
|
|upkeep
|
|t:|1641808502
|switch|p2a: Articuno|Articuno|100/100
|turn|12
|
|t:|1641808511
|move|p2a: Articuno|Grass Knot|p1a: Tyranitar
|-supereffective|p1a: Tyranitar
|-damage|p1a: Tyranitar|12/100
|move|p1a: Tyranitar|Ancient Power|p2a: Articuno
|-damage|p2a: Articuno|35/100
|replace|p2a: Zoroark|Zoroark, M
|-end|p2a: Zoroark|Illusion
|
|-heal|p2a: Zoroark|41/100|[from] item: Leftovers
|upkeep
|turn|13
|
|t:|1641808522
|move|p2a: Zoroark|Grass Knot|p1a: Tyranitar
|-supereffective|p1a: Tyranitar
|-damage|p1a: Tyranitar|0 fnt
|faint|p1a: Tyranitar
|
|-heal|p2a: Zoroark|47/100|[from] item: Leftovers
|upkeep
|
|t:|1641808542
|switch|p1a: Lucario|Lucario, F|100/100
|turn|14
|
|t:|1641808561
|move|p1a: Lucario|Aura Sphere|p2a: Zoroark
|-supereffective|p2a: Zoroark
|-damage|p2a: Zoroark|0 fnt
|faint|p2a: Zoroark
|
|upkeep
|
|t:|1641808570
|switch|p2a: Articuno|Articuno|100/100
|-ability|p2a: Articuno|Pressure
|turn|15
|
|t:|1641808577
|move|p1a: Lucario|Aura Sphere|p2a: Articuno
|-damage|p2a: Articuno|67/100
|move|p2a: Articuno|Brave Bird|p1a: Lucario
|-damage|p1a: Lucario|50/100
|-damage|p2a: Articuno|52/100|[from] Recoil
|
|upkeep
|turn|16
|
|t:|1641808592
|switch|p1a: Xurkitree|Xurkitree|100/100
|-item|p1a: Xurkitree|Air Balloon
|move|p2a: Articuno|Brave Bird|p1a: Xurkitree
|-resisted|p1a: Xurkitree
|-damage|p1a: Xurkitree|76/100
|-enditem|p1a: Xurkitree|Air Balloon
|-damage|p2a: Articuno|44/100|[from] Recoil
|
|upkeep
|turn|17
|
|t:|1641808607
|switch|p2a: Metagross|Metagross, shiny|53/100
|move|p1a: Xurkitree|Calm Mind|p1a: Xurkitree
|-boost|p1a: Xurkitree|spa|1
|-boost|p1a: Xurkitree|spd|1
|
|-heal|p2a: Metagross|59/100|[from] item: Leftovers
|upkeep
|turn|18
|
|t:|1641808616
|move|p1a: Xurkitree|Thunderbolt|p2a: Metagross
|-damage|p2a: Metagross|0 fnt
|faint|p2a: Metagross
|-ability|p1a: Xurkitree|Beast Boost|boost
|-boost|p1a: Xurkitree|spa|1
|
|upkeep
|-message|Adam Fathalo forfeited.
|
|win|kuhrii
|raw|kuhrii's rating: 1153 &rarr; <strong>1178</strong><br />(+25 for winning)
|raw|Adam Fathalo's rating: 1159 &rarr; <strong>1134</strong><br />(-25 for losing)
|l|☆Adam Fathalo
