|j|☆FODASETODOSTOPUTO
|j|☆brxyx
|t:|1641787803
|gametype|singles
|player|p1|FODASETODOSTOPUTO|shauntal|
|player|p2|brxyx|roxie|
|teamsize|p1|6
|teamsize|p2|6
|gen|8
|tier|[Gen 8] OU
|rule|Sleep Clause Mod: Limit one foe put to sleep
|rule|Species Clause: Limit one of each Pokémon
|rule|OHKO Clause: OHKO moves are banned
|rule|Evasion Moves Clause: Evasion moves are banned
|rule|Endless Battle Clause: Forcing endless battles is banned
|rule|HP Percentage Mod: HP is shown in percentages
|rule|Dynamax Clause: You cannot dynamax
|clearpoke
|poke|p1|Zeraora|
|poke|p1|Absol, M|
|poke|p1|Haxorus, F|
|poke|p1|Metagross|
|poke|p1|Incineroar, F|
|poke|p1|Zarude|
|poke|p2|Zoroark, M|
|poke|p2|Garchomp, F|
|poke|p2|Decidueye, M|
|poke|p2|Milotic, F|
|poke|p2|Lucario, M|
|poke|p2|Sylveon, M|
|teampreview
|c|☆FODASETODOSTOPUTO|CALMA
|c|☆FODASETODOSTOPUTO|PUTO
|
|t:|1641787829
|start
|switch|p1a: Haxorus|Haxorus, F, shiny|100/100
|switch|p2a: Milotic|Milotic, F|100/100
|turn|1
|c|☆FODASETODOSTOPUTO|😁
|
|t:|1641787835
|move|p1a: Haxorus|Draco Meteor|p2a: Milotic
|-damage|p2a: Milotic|73/100
|-unboost|p1a: Haxorus|spa|2
|move|p2a: Milotic|Dragon Pulse|p1a: Haxorus
|-supereffective|p1a: Haxorus
|-damage|p1a: Haxorus|47/100
|
|-heal|p1a: Haxorus|53/100|[from] item: Leftovers
|-heal|p2a: Milotic|79/100|[from] item: Leftovers
|upkeep
|turn|2
|
|t:|1641787848
|switch|p1a: Absol|Absol, M, shiny|100/100
|-ability|p1a: Absol|Pressure
|move|p2a: Milotic|Dragon Pulse|p1a: Absol
|-damage|p1a: Absol|69/100
|
|-heal|p2a: Milotic|85/100|[from] item: Leftovers
|-heal|p1a: Absol|75/100|[from] item: Leftovers
|upkeep
|turn|3
|
|t:|1641787865
|move|p2a: Milotic|Dragon Pulse|p1a: Absol
|-damage|p1a: Absol|47/100
|move|p1a: Absol|Blizzard|p2a: Milotic
|-resisted|p2a: Milotic
|-damage|p2a: Milotic|78/100
|
|-heal|p2a: Milotic|84/100|[from] item: Leftovers
|-heal|p1a: Absol|53/100|[from] item: Leftovers
|upkeep
|turn|4
|
|t:|1641787877
|switch|p1a: Zarude|Zarude|100/100
|move|p2a: Milotic|Dragon Pulse|p1a: Zarude
|-damage|p1a: Zarude|84/100
|
|-heal|p1a: Zarude|90/100|[from] item: Leftovers
|-heal|p2a: Milotic|90/100|[from] item: Leftovers
|upkeep
|turn|5
|
|t:|1641787889
|switch|p2a: Lucario|Lucario, M|100/100
|move|p1a: Zarude|Energy Ball|p2a: Lucario
|-resisted|p2a: Lucario
|-damage|p2a: Lucario|85/100
|
|-heal|p1a: Zarude|96/100|[from] item: Leftovers
|-heal|p2a: Lucario|91/100|[from] item: Leftovers
|upkeep
|turn|6
|
|t:|1641787900
|move|p1a: Zarude|Dark Pulse|p2a: Lucario
|-resisted|p2a: Lucario
|-damage|p2a: Lucario|78/100
|move|p2a: Lucario|Blaze Kick|p1a: Zarude
|-supereffective|p1a: Zarude
|-damage|p1a: Zarude|55/100
|
|-heal|p1a: Zarude|61/100|[from] item: Leftovers
|-heal|p2a: Lucario|84/100|[from] item: Leftovers
|upkeep
|turn|7
|
|t:|1641787910
|switch|p1a: Incineroar|Incineroar, F, shiny|100/100
|move|p2a: Lucario|Blaze Kick|p1a: Incineroar
|-resisted|p1a: Incineroar
|-damage|p1a: Incineroar|89/100
|
|-heal|p2a: Lucario|90/100|[from] item: Leftovers
|-heal|p1a: Incineroar|95/100|[from] item: Leftovers
|upkeep
|turn|8
|
|t:|1641787923
|switch|p2a: Milotic|Milotic, F|90/100
|move|p1a: Incineroar|Fire Blast|p2a: Milotic|[miss]
|-miss|p1a: Incineroar|p2a: Milotic
|
|-heal|p2a: Milotic|96/100|[from] item: Leftovers
|-heal|p1a: Incineroar|100/100|[from] item: Leftovers
|upkeep
|turn|9
|
|t:|1641787934
|switch|p1a: Zarude|Zarude|61/100
|move|p2a: Milotic|Hydro Pump|p1a: Zarude
|-resisted|p1a: Zarude
|-damage|p1a: Zarude|45/100
|
|-heal|p1a: Zarude|51/100|[from] item: Leftovers
|-heal|p2a: Milotic|100/100|[from] item: Leftovers
|upkeep
|turn|10
|
|t:|1641787945
|move|p1a: Zarude|Energy Ball|p2a: Milotic
|-supereffective|p2a: Milotic
|-damage|p2a: Milotic|70/100
|move|p2a: Milotic|Blizzard|p1a: Zarude|[miss]
|-miss|p2a: Milotic|p1a: Zarude
|
|-heal|p1a: Zarude|57/100|[from] item: Leftovers
|-heal|p2a: Milotic|76/100|[from] item: Leftovers
|upkeep
|turn|11
|
|t:|1641787956
|switch|p2a: Garchomp|Garchomp, F|100/100
|move|p1a: Zarude|Giga Drain|p2a: Garchomp
|-damage|p2a: Garchomp|82/100
|-heal|p1a: Zarude|66/100|[from] drain|[of] p2a: Garchomp
|
|-heal|p1a: Zarude|72/100|[from] item: Leftovers
|-heal|p2a: Garchomp|88/100|[from] item: Leftovers
|upkeep
|turn|12
|
|t:|1641787966
|switch|p1a: Metagross|Metagross, shiny|100/100
|move|p2a: Garchomp|Fire Blast|p1a: Metagross
|-supereffective|p1a: Metagross
|-damage|p1a: Metagross|60/100
|
|-heal|p2a: Garchomp|94/100|[from] item: Leftovers
|-heal|p1a: Metagross|66/100|[from] item: Leftovers
|upkeep
|turn|13
|
|t:|1641787980
|move|p2a: Garchomp|Fire Blast|p1a: Metagross
|-supereffective|p1a: Metagross
|-damage|p1a: Metagross|25/100
|move|p1a: Metagross|Psychic|p2a: Garchomp
|-damage|p2a: Garchomp|69/100
|-unboost|p2a: Garchomp|spd|1
|
|-heal|p2a: Garchomp|75/100|[from] item: Leftovers
|-heal|p1a: Metagross|31/100|[from] item: Leftovers
|upkeep
|turn|14
|
|t:|1641787997
|switch|p1a: Incineroar|Incineroar, F, shiny|100/100
|move|p2a: Garchomp|Fire Blast|p1a: Incineroar
|-resisted|p1a: Incineroar
|-damage|p1a: Incineroar|91/100
|
|-heal|p2a: Garchomp|81/100|[from] item: Leftovers
|-heal|p1a: Incineroar|97/100|[from] item: Leftovers
|upkeep
|turn|15
|
|t:|1641788008
|switch|p2a: Milotic|Milotic, F|76/100
|move|p1a: Incineroar|Dark Pulse|p2a: Milotic
|-damage|p2a: Milotic|58/100
|
|-heal|p2a: Milotic|64/100|[from] item: Leftovers
|-heal|p1a: Incineroar|100/100|[from] item: Leftovers
|upkeep
|turn|16
|
|t:|1641788017
|switch|p1a: Zarude|Zarude|72/100
|move|p2a: Milotic|Hydro Pump|p1a: Zarude
|-resisted|p1a: Zarude
|-damage|p1a: Zarude|57/100
|
|-heal|p1a: Zarude|63/100|[from] item: Leftovers
|-heal|p2a: Milotic|70/100|[from] item: Leftovers
|upkeep
|turn|17
|
|t:|1641788029
|switch|p2a: Lucario|Lucario, M|90/100
|move|p1a: Zarude|Giga Drain|p2a: Lucario
|-resisted|p2a: Lucario
|-damage|p2a: Lucario|76/100
|-heal|p1a: Zarude|69/100|[from] drain|[of] p2a: Lucario
|
|-heal|p1a: Zarude|75/100|[from] item: Leftovers
|-heal|p2a: Lucario|82/100|[from] item: Leftovers
|upkeep
|turn|18
|
|t:|1641788039
|switch|p1a: Incineroar|Incineroar, F, shiny|100/100
|move|p2a: Lucario|Blaze Kick|p1a: Incineroar
|-resisted|p1a: Incineroar
|-damage|p1a: Incineroar|88/100
|
|-heal|p2a: Lucario|89/100|[from] item: Leftovers
|-heal|p1a: Incineroar|94/100|[from] item: Leftovers
|upkeep
|turn|19
|
|t:|1641788054
|switch|p2a: Milotic|Milotic, F|70/100
|move|p1a: Incineroar|Overheat|p2a: Milotic
|-resisted|p2a: Milotic
|-damage|p2a: Milotic|58/100
|-unboost|p1a: Incineroar|spa|2
|
|-heal|p2a: Milotic|64/100|[from] item: Leftovers
|-heal|p1a: Incineroar|99/100|[from] item: Leftovers
|upkeep
|turn|20
|
|t:|1641788065
|switch|p1a: Zarude|Zarude|75/100
|move|p2a: Milotic|Hydro Pump|p1a: Zarude
|-resisted|p1a: Zarude
|-damage|p1a: Zarude|59/100
|
|-heal|p1a: Zarude|65/100|[from] item: Leftovers
|-heal|p2a: Milotic|70/100|[from] item: Leftovers
|upkeep
|turn|21
|
|t:|1641788074
|move|p1a: Zarude|Giga Drain|p2a: Milotic
|-supereffective|p2a: Milotic
|-damage|p2a: Milotic|43/100
|-heal|p1a: Zarude|78/100|[from] drain|[of] p2a: Milotic
|move|p2a: Milotic|Body Slam|p1a: Zarude
|-damage|p1a: Zarude|63/100
|
|-heal|p1a: Zarude|69/100|[from] item: Leftovers
|-heal|p2a: Milotic|49/100|[from] item: Leftovers
|upkeep
|turn|22
|
|t:|1641788087
|switch|p2a: Decidueye|Decidueye, M|100/100
|move|p1a: Zarude|Giga Drain|p2a: Decidueye
|-damage|p2a: Decidueye|70/100
|-heal|p1a: Zarude|81/100|[from] drain|[of] p2a: Decidueye
|replace|p2a: Zoroark|Zoroark, M
|-end|p2a: Zoroark|Illusion
|
|-heal|p2a: Zoroark|76/100|[from] item: Leftovers
|-heal|p1a: Zarude|87/100|[from] item: Leftovers
|upkeep
|turn|23
|
|t:|1641788099
|move|p2a: Zoroark|Flamethrower|p1a: Zarude
|-supereffective|p1a: Zarude
|-damage|p1a: Zarude|48/100
|move|p1a: Zarude|Energy Ball|p2a: Zoroark
|-damage|p2a: Zoroark|42/100
|
|-heal|p1a: Zarude|54/100|[from] item: Leftovers
|-heal|p2a: Zoroark|48/100|[from] item: Leftovers
|upkeep
|turn|24
|
|t:|1641788109
|switch|p1a: Absol|Absol, M, shiny|53/100
|-ability|p1a: Absol|Pressure
|move|p2a: Zoroark|Flamethrower|p1a: Absol
|-damage|p1a: Absol|16/100
|
|-heal|p2a: Zoroark|54/100|[from] item: Leftovers
|-heal|p1a: Absol|22/100|[from] item: Leftovers
|upkeep
|turn|25
|
|t:|1641788129
|move|p2a: Zoroark|Flamethrower|p1a: Absol
|-damage|p1a: Absol|0 fnt
|faint|p1a: Absol
|
|-heal|p2a: Zoroark|60/100|[from] item: Leftovers
|upkeep
|
|t:|1641788138
|switch|p1a: Zeraora|Zeraora, shiny|100/100
|turn|26
|
|t:|1641788145
|move|p1a: Zeraora|Plasma Fists|p2a: Zoroark
|-damage|p2a: Zoroark|0 fnt
|-fieldactivate|move: Ion Deluge
|-hint|Normal-type moves become Electric-type after using Plasma Fists.
|faint|p2a: Zoroark
|
|upkeep
|
|t:|1641788155
|switch|p2a: Garchomp|Garchomp, F|81/100
|turn|27
|
|t:|1641788160
|switch|p1a: Incineroar|Incineroar, F, shiny|99/100
|move|p2a: Garchomp|Earthquake|p1a: Incineroar
|-supereffective|p1a: Incineroar
|-damage|p1a: Incineroar|4/100
|
|-heal|p2a: Garchomp|88/100|[from] item: Leftovers
|-heal|p1a: Incineroar|10/100|[from] item: Leftovers
|upkeep
|turn|28
|
|t:|1641788172
|move|p2a: Garchomp|Dragon Pulse|p1a: Incineroar
|-damage|p1a: Incineroar|0 fnt
|faint|p1a: Incineroar
|
|-heal|p2a: Garchomp|94/100|[from] item: Leftovers
|upkeep
|
|t:|1641788178
|switch|p1a: Haxorus|Haxorus, F, shiny|53/100
|turn|29
|
|t:|1641788181
|move|p2a: Garchomp|Dragon Pulse|p1a: Haxorus
|-supereffective|p1a: Haxorus
|-damage|p1a: Haxorus|0 fnt
|faint|p1a: Haxorus
|
|-heal|p2a: Garchomp|99/100|[from] item: Leftovers
|upkeep
|
|t:|1641788195
|switch|p1a: Metagross|Metagross, shiny|31/100
|turn|30
|
|t:|1641788201
|move|p2a: Garchomp|Fire Blast|p1a: Metagross
|-supereffective|p1a: Metagross
|-damage|p1a: Metagross|0 fnt
|faint|p1a: Metagross
|
|-heal|p2a: Garchomp|100/100|[from] item: Leftovers
|upkeep
|
|t:|1641788208
|switch|p1a: Zarude|Zarude|54/100
|turn|31
|
|t:|1641788211
|move|p1a: Zarude|Giga Drain|p2a: Garchomp
|-damage|p2a: Garchomp|84/100
|-heal|p1a: Zarude|62/100|[from] drain|[of] p2a: Garchomp
|move|p2a: Garchomp|Fire Blast|p1a: Zarude
|-supereffective|p1a: Zarude
|-damage|p1a: Zarude|27/100
|
|-heal|p1a: Zarude|33/100|[from] item: Leftovers
|-heal|p2a: Garchomp|90/100|[from] item: Leftovers
|upkeep
|turn|32
|
|t:|1641788228
|switch|p1a: Zeraora|Zeraora, shiny|100/100
|move|p2a: Garchomp|Fire Blast|p1a: Zeraora
|-damage|p1a: Zeraora|76/100
|
|-heal|p1a: Zeraora|82/100|[from] item: Leftovers
|-heal|p2a: Garchomp|96/100|[from] item: Leftovers
|upkeep
|turn|33
|
|t:|1641788238
|move|p1a: Zeraora|Aura Sphere|p2a: Garchomp
|-damage|p2a: Garchomp|78/100
|move|p2a: Garchomp|Earthquake|p1a: Zeraora
|-supereffective|p1a: Zeraora
|-damage|p1a: Zeraora|0 fnt
|faint|p1a: Zeraora
|
|-heal|p2a: Garchomp|85/100|[from] item: Leftovers
|upkeep
|-message|FODASETODOSTOPUTO forfeited.
|
|win|brxyx
