|j|‽almighty sa
|j|☆Coach from L4D2
|t:|1641762003
|gametype|singles
|player|p1|almighty sa|volkner|1517
|player|p2|Coach from L4D2|linebacker|1650
|teamsize|p1|6
|teamsize|p2|6
|gen|8
|tier|[Gen 8] OU
|rated|
|rule|Sleep Clause Mod: Limit one foe put to sleep
|rule|Species Clause: Limit one of each Pokémon
|rule|OHKO Clause: OHKO moves are banned
|rule|Evasion Moves Clause: Evasion moves are banned
|rule|Endless Battle Clause: Forcing endless battles is banned
|rule|HP Percentage Mod: HP is shown in percentages
|rule|Dynamax Clause: You cannot dynamax
|clearpoke
|poke|p1|Articuno|
|poke|p1|Zeraora|
|poke|p1|Melmetal|
|poke|p1|Entei|
|poke|p1|Swampert, M|
|poke|p1|Kartana|
|poke|p2|Raichu-Alola, F|
|poke|p2|Tapu Koko|
|poke|p2|Swampert, F|
|poke|p2|Zapdos|
|poke|p2|Ferrothorn, M|
|poke|p2|Urshifu-*, M|
|teampreview
|inactive|Battle timer is ON: inactive players will automatically lose when time's up. (requested by almighty sa)
|c|☆Coach from L4D2|Cool team
|
|t:|1641762018
|start
|switch|p1a: Articuno|Articuno|100/100
|switch|p2a: Ferrothorn|Ferrothorn, M|100/100
|-ability|p1a: Articuno|Pressure
|turn|1
|inactive|almighty sa has 120 seconds left.
|
|t:|1641762050
|switch|p1a: Entei|Entei|100/100
|move|p2a: Ferrothorn|Knock Off|p1a: Entei
|-damage|p1a: Entei|79/100
|-enditem|p1a: Entei|Heavy-Duty Boots|[from] move: Knock Off|[of] p2a: Ferrothorn
|
|upkeep
|turn|2
|
|t:|1641762057
|switch|p2a: Swampert|Swampert, F|100/100
|move|p1a: Entei|Sacred Fire|p2a: Swampert
|-resisted|p2a: Swampert
|-damage|p2a: Swampert|80/100
|-status|p2a: Swampert|brn
|
|-heal|p2a: Swampert|86/100 brn|[from] item: Leftovers
|-damage|p2a: Swampert|80/100 brn|[from] brn
|upkeep
|turn|3
|
|t:|1641762070
|switch|p1a: Articuno|Articuno|100/100
|-ability|p1a: Articuno|Pressure
|move|p2a: Swampert|Stealth Rock|p1a: Articuno
|-sidestart|p1: almighty sa|move: Stealth Rock
|
|-heal|p2a: Swampert|86/100 brn|[from] item: Leftovers
|-damage|p2a: Swampert|80/100 brn|[from] brn
|upkeep
|turn|4
|
|t:|1641762077
|move|p1a: Articuno|Defog|p2a: Swampert
|-unboost|p2a: Swampert|evasion|1
|-sideend|p1: almighty sa|Stealth Rock|[from] move: Defog|[of] p1a: Articuno
|move|p2a: Swampert|Flip Turn|p1a: Articuno
|-damage|p1a: Articuno|90/100
|
|t:|1641762080
|switch|p2a: Ferrothorn|Ferrothorn, M|100/100|[from]move: Flip Turn
|
|upkeep
|turn|5
|inactive|almighty sa has 120 seconds left.
|
|t:|1641762117
|switch|p1a: Entei|Entei|79/100
|move|p2a: Ferrothorn|Spikes|p1a: Entei
|-sidestart|p1: almighty sa|Spikes
|
|upkeep
|turn|6
|
|t:|1641762123
|switch|p2a: Swampert|Swampert, F|80/100 brn
|move|p1a: Entei|Sacred Fire|p2a: Swampert
|-resisted|p2a: Swampert
|-damage|p2a: Swampert|60/100 brn
|
|-heal|p2a: Swampert|66/100 brn|[from] item: Leftovers
|-damage|p2a: Swampert|60/100 brn|[from] brn
|upkeep
|turn|7
|inactive|almighty sa has 120 seconds left.
|
|t:|1641762164
|switch|p1a: Articuno|Articuno|90/100
|-ability|p1a: Articuno|Pressure
|move|p2a: Swampert|Toxic|p1a: Articuno
|-status|p1a: Articuno|tox
|
|-heal|p2a: Swampert|66/100 brn|[from] item: Leftovers
|-damage|p1a: Articuno|84/100 tox|[from] psn
|-damage|p2a: Swampert|60/100 brn|[from] brn
|upkeep
|turn|8
|
|t:|1641762167
|move|p1a: Articuno|Defog|p2a: Swampert
|-unboost|p2a: Swampert|evasion|1
|-sideend|p1: almighty sa|Spikes|[from] move: Defog|[of] p1a: Articuno
|move|p2a: Swampert|Stealth Rock|p1a: Articuno
|-sidestart|p1: almighty sa|move: Stealth Rock
|
|-heal|p2a: Swampert|66/100 brn|[from] item: Leftovers
|-damage|p1a: Articuno|72/100 tox|[from] psn
|-damage|p2a: Swampert|60/100 brn|[from] brn
|upkeep
|turn|9
|
|t:|1641762170
|move|p1a: Articuno|Defog|p2a: Swampert
|-unboost|p2a: Swampert|evasion|1
|-sideend|p1: almighty sa|Stealth Rock|[from] move: Defog|[of] p1a: Articuno
|move|p2a: Swampert|Stealth Rock|p1a: Articuno
|-sidestart|p1: almighty sa|move: Stealth Rock
|
|-heal|p2a: Swampert|66/100 brn|[from] item: Leftovers
|-damage|p1a: Articuno|54/100 tox|[from] psn
|-damage|p2a: Swampert|60/100 brn|[from] brn
|upkeep
|turn|10
|
|t:|1641762173
|move|p1a: Articuno|Freeze-Dry|p2a: Swampert
|-supereffective|p2a: Swampert
|-damage|p2a: Swampert|0 fnt
|faint|p2a: Swampert
|
|-damage|p1a: Articuno|30/100 tox|[from] psn
|upkeep
|
|t:|1641762176
|switch|p2a: Eagle|Tapu Koko|100/100
|-fieldstart|move: Electric Terrain|[from] ability: Electric Surge|[of] p2a: Eagle
|turn|11
|
|t:|1641762189
|switch|p1a: Zeraora|Zeraora|100/100
|move|p2a: Eagle|Thunderbolt|p1a: Zeraora
|-immune|p1a: Zeraora|[from] ability: Volt Absorb
|
|upkeep
|turn|12
|
|t:|1641762191
|move|p1a: Zeraora|Knock Off|p2a: Eagle
|-resisted|p2a: Eagle
|-damage|p2a: Eagle|78/100
|-enditem|p2a: Eagle|Terrain Extender|[from] move: Knock Off|[of] p1a: Zeraora
|move|p2a: Eagle|U-turn|p1a: Zeraora
|-damage|p1a: Zeraora|77/100
|
|t:|1641762195
|switch|p2a: Ferrothorn|Ferrothorn, M|100/100|[from]move: U-turn
|
|upkeep
|turn|13
|
|t:|1641762211
|switch|p1a: Entei|Entei|79/100
|-damage|p1a: Entei|54/100|[from] Stealth Rock
|move|p2a: Ferrothorn|Leech Seed|p1a: Entei
|-start|p1a: Entei|move: Leech Seed
|
|-damage|p1a: Entei|41/100|[from] Leech Seed|[of] p2a: Ferrothorn
|upkeep
|turn|14
|
|t:|1641762215
|switch|p1a: Articuno|Articuno|30/100 tox
|-ability|p1a: Articuno|Pressure
|switch|p2a: Zapdos|Zapdos|100/100
|
|-damage|p1a: Articuno|24/100 tox|[from] psn
|upkeep
|turn|15
|
|t:|1641762220
|switch|p1a: Swampert|Swampert, M|100/100
|-damage|p1a: Swampert|94/100|[from] Stealth Rock
|move|p2a: Zapdos|Discharge|p1a: Swampert
|-immune|p1a: Swampert
|
|-heal|p1a: Swampert|100/100|[from] item: Leftovers
|upkeep
|turn|16
|
|t:|1641762225
|switch|p2a: Ferrothorn|Ferrothorn, M|100/100
|move|p1a: Swampert|Stealth Rock|p2a: Ferrothorn
|-sidestart|p2: Coach from L4D2|move: Stealth Rock
|
|upkeep
|turn|17
|
|t:|1641762237
|move|p1a: Swampert|Flip Turn|p2a: Ferrothorn
|-resisted|p2a: Ferrothorn
|-damage|p2a: Ferrothorn|93/100
|-damage|p1a: Swampert|88/100|[from] ability: Iron Barbs|[of] p2a: Ferrothorn
|
|t:|1641762240
|switch|p1a: Articuno|Articuno|24/100 tox|[from]move: Flip Turn
|-ability|p1a: Articuno|Pressure
|move|p2a: Ferrothorn|Spikes|p1a: Articuno
|-sidestart|p1: almighty sa|Spikes
|
|-heal|p2a: Ferrothorn|99/100|[from] item: Leftovers
|-damage|p1a: Articuno|18/100 tox|[from] psn
|upkeep
|turn|18
|
|t:|1641762244
|move|p1a: Articuno|Defog|p2a: Ferrothorn
|-unboost|p2a: Ferrothorn|evasion|1
|-sideend|p2: Coach from L4D2|Stealth Rock|[from] move: Defog|[of] p1a: Articuno
|-sideend|p1: almighty sa|Spikes|[from] move: Defog|[of] p1a: Articuno
|-sideend|p1: almighty sa|Stealth Rock|[from] move: Defog|[of] p1a: Articuno
|-fieldend|move: Electric Terrain
|move|p2a: Ferrothorn|Spikes|p1a: Articuno
|-sidestart|p1: almighty sa|Spikes
|
|-heal|p2a: Ferrothorn|100/100|[from] item: Leftovers
|-damage|p1a: Articuno|6/100 tox|[from] psn
|upkeep
|turn|19
|
|t:|1641762247
|move|p1a: Articuno|Roost|p1a: Articuno
|-heal|p1a: Articuno|56/100 tox
|-singleturn|p1a: Articuno|move: Roost
|move|p2a: Ferrothorn|Spikes|p1a: Articuno
|-sidestart|p1: almighty sa|Spikes
|
|-damage|p1a: Articuno|38/100 tox|[from] psn
|upkeep
|turn|20
|
|t:|1641762250
|move|p1a: Articuno|Hurricane|p2a: Ferrothorn
|-damage|p2a: Ferrothorn|66/100
|move|p2a: Ferrothorn|Spikes|p1a: Articuno
|-sidestart|p1: almighty sa|Spikes
|
|-heal|p2a: Ferrothorn|73/100|[from] item: Leftovers
|-damage|p1a: Articuno|14/100 tox|[from] psn
|upkeep
|turn|21
|
|t:|1641762254
|move|p1a: Articuno|Defog|p2a: Ferrothorn
|-unboost|p2a: Ferrothorn|evasion|1
|-sideend|p1: almighty sa|Spikes|[from] move: Defog|[of] p1a: Articuno
|move|p2a: Ferrothorn|Spikes|p1a: Articuno
|-sidestart|p1: almighty sa|Spikes
|
|-heal|p2a: Ferrothorn|79/100|[from] item: Leftovers
|-damage|p1a: Articuno|0 fnt|[from] psn
|faint|p1a: Articuno
|upkeep
|
|t:|1641762260
|switch|p1a: Entei|Entei|41/100
|-damage|p1a: Entei|29/100|[from] Spikes
|turn|22
|
|t:|1641762263
|switch|p2a: Zapdos|Zapdos|100/100
|move|p1a: Entei|Sacred Fire|p2a: Zapdos
|-damage|p2a: Zapdos|65/100
|-status|p2a: Zapdos|brn
|
|-damage|p2a: Zapdos|59/100 brn|[from] brn
|upkeep
|turn|23
|
|t:|1641762276
|switch|p1a: Melmetal|Melmetal|100/100
|-damage|p1a: Melmetal|88/100|[from] Spikes
|switch|p2a: Urshifu|Urshifu-Rapid-Strike, M|100/100
|
|upkeep
|turn|24
|
|t:|1641762279
|move|p2a: Urshifu|Close Combat|p1a: Melmetal
|-supereffective|p1a: Melmetal
|-damage|p1a: Melmetal|0 fnt
|-unboost|p2a: Urshifu|def|1
|-unboost|p2a: Urshifu|spd|1
|faint|p1a: Melmetal
|
|upkeep
|
|t:|1641762291
|switch|p1a: Zeraora|Zeraora|77/100
|turn|25
|
|t:|1641762297
|switch|p2a: Ferrothorn|Ferrothorn, M|79/100
|move|p1a: Zeraora|Close Combat|p2a: Ferrothorn
|-supereffective|p2a: Ferrothorn
|-damage|p2a: Ferrothorn|22/100
|-unboost|p1a: Zeraora|def|1
|-unboost|p1a: Zeraora|spd|1
|-damage|p1a: Zeraora|65/100|[from] ability: Iron Barbs|[of] p2a: Ferrothorn
|
|-heal|p2a: Ferrothorn|28/100|[from] item: Leftovers
|upkeep
|turn|26
|
|t:|1641762301
|switch|p2a: Zapdos|Zapdos|59/100 brn
|move|p1a: Zeraora|Close Combat|p2a: Zapdos
|-resisted|p2a: Zapdos
|-damage|p2a: Zapdos|44/100 brn
|-unboost|p1a: Zeraora|def|1
|-unboost|p1a: Zeraora|spd|1
|
|-damage|p2a: Zapdos|38/100 brn|[from] brn
|upkeep
|turn|27
|
|t:|1641762304
|move|p1a: Zeraora|Plasma Fists|p2a: Zapdos
|-damage|p2a: Zapdos|0 fnt
|-fieldactivate|move: Ion Deluge
|-hint|Normal-type moves become Electric-type after using Plasma Fists.
|faint|p2a: Zapdos
|
|upkeep
|
|t:|1641762307
|switch|p2a: Urshifu|Urshifu-Rapid-Strike, M|100/100
|turn|28
|
|t:|1641762326
|switch|p1a: Kartana|Kartana|100/100
|-damage|p1a: Kartana|88/100|[from] Spikes
|move|p2a: Urshifu|Close Combat|p1a: Kartana
|-supereffective|p1a: Kartana
|-damage|p1a: Kartana|0 fnt
|-unboost|p2a: Urshifu|def|1
|-unboost|p2a: Urshifu|spd|1
|faint|p1a: Kartana
|
|upkeep
|
|t:|1641762333
|switch|p1a: Zeraora|Zeraora|65/100
|turn|29
|
|t:|1641762339
|switch|p2a: Ferrothorn|Ferrothorn, M|28/100
|move|p1a: Zeraora|Volt Switch|p2a: Ferrothorn
|-resisted|p2a: Ferrothorn
|-damage|p2a: Ferrothorn|20/100
|
|t:|1641762344
|switch|p1a: Entei|Entei|29/100|[from]move: Volt Switch
|-damage|p1a: Entei|17/100|[from] Spikes
|
|-heal|p2a: Ferrothorn|27/100|[from] item: Leftovers
|upkeep
|turn|30
|
|t:|1641762351
|switch|p2a: Urshifu|Urshifu-Rapid-Strike, M|100/100
|move|p1a: Entei|Sacred Fire|p2a: Urshifu
|-resisted|p2a: Urshifu
|-damage|p2a: Urshifu|75/100
|-status|p2a: Urshifu|brn
|
|-damage|p2a: Urshifu|69/100 brn|[from] brn
|upkeep
|turn|31
|
|t:|1641762367
|switch|p1a: Swampert|Swampert, M|88/100
|-damage|p1a: Swampert|76/100|[from] Spikes
|move|p2a: Urshifu|Close Combat|p1a: Swampert
|-damage|p1a: Swampert|35/100
|-unboost|p2a: Urshifu|def|1
|-unboost|p2a: Urshifu|spd|1
|
|-heal|p1a: Swampert|41/100|[from] item: Leftovers
|-damage|p2a: Urshifu|63/100 brn|[from] brn
|upkeep
|turn|32
|
|t:|1641762373
|move|p2a: Urshifu|Close Combat|p1a: Swampert
|-crit|p1a: Swampert
|-damage|p1a: Swampert|0 fnt
|-unboost|p2a: Urshifu|def|1
|-unboost|p2a: Urshifu|spd|1
|faint|p1a: Swampert
|
|-damage|p2a: Urshifu|57/100 brn|[from] brn
|upkeep
|
|t:|1641762377
|switch|p1a: Zeraora|Zeraora|65/100
|turn|33
|
|t:|1641762380
|switch|p2a: Eagle|Tapu Koko|78/100
|-fieldstart|move: Electric Terrain|[from] ability: Electric Surge|[of] p2a: Eagle
|move|p1a: Zeraora|Plasma Fists|p2a: Eagle
|-resisted|p2a: Eagle
|-damage|p2a: Eagle|38/100
|-fieldactivate|move: Ion Deluge
|-hint|Normal-type moves become Electric-type after using Plasma Fists.
|
|upkeep
|turn|34
|
|t:|1641762384
|switch|p2a: Ferrothorn|Ferrothorn, M|27/100
|move|p1a: Zeraora|Plasma Fists|p2a: Ferrothorn
|-resisted|p2a: Ferrothorn
|-damage|p2a: Ferrothorn|3/100
|-fieldactivate|move: Ion Deluge
|-hint|Normal-type moves become Electric-type after using Plasma Fists.
|-damage|p1a: Zeraora|52/100|[from] ability: Iron Barbs|[of] p2a: Ferrothorn
|
|-heal|p2a: Ferrothorn|10/100|[from] item: Leftovers
|upkeep
|turn|35
|
|t:|1641762387
|move|p1a: Zeraora|Plasma Fists|p2a: Ferrothorn
|-resisted|p2a: Ferrothorn
|-damage|p2a: Ferrothorn|0 fnt
|-fieldactivate|move: Ion Deluge
|-hint|Normal-type moves become Electric-type after using Plasma Fists.
|-damage|p1a: Zeraora|40/100|[from] ability: Iron Barbs|[of] p2a: Ferrothorn
|faint|p2a: Ferrothorn
|
|upkeep
|
|t:|1641762389
|switch|p2a: Voltsail|Raichu-Alola, F, shiny|100/100
|turn|36
|
|t:|1641762393
|move|p2a: Voltsail|Surf|p1a: Zeraora
|-damage|p1a: Zeraora|0 fnt
|faint|p1a: Zeraora
|-damage|p2a: Voltsail|91/100|[from] item: Life Orb
|
|upkeep
|
|t:|1641762396
|switch|p1a: Entei|Entei|17/100
|-damage|p1a: Entei|4/100|[from] Spikes
|turn|37
|
|t:|1641762398
|move|p1a: Entei|Extreme Speed|p2a: Voltsail
|-damage|p2a: Voltsail|29/100
|move|p2a: Voltsail|Rising Voltage|p1a: Entei
|-damage|p1a: Entei|0 fnt
|faint|p1a: Entei
|-damage|p2a: Voltsail|19/100|[from] item: Life Orb
|
|win|Coach from L4D2
|raw|almighty sa's rating: 1517 &rarr; <strong>1504</strong><br />(-13 for losing)
|raw|Coach from L4D2's rating: 1650 &rarr; <strong>1663</strong><br />(+13 for winning)
|l|‽almighty sa
||Ladder isn't responding, score probably updated but might not have (Request timeout).
