|j|☆NarwhalMD22
|j|☆8jaggery
|t:|1641795785
|gametype|singles
|player|p1|NarwhalMD22|roark|1252
|player|p2|8jaggery|265|1259
|teamsize|p1|6
|teamsize|p2|6
|gen|8
|tier|[Gen 8] OU
|rated|
|rule|Sleep Clause Mod: Limit one foe put to sleep
|rule|Species Clause: Limit one of each Pokémon
|rule|OHKO Clause: OHKO moves are banned
|rule|Evasion Moves Clause: Evasion moves are banned
|rule|Endless Battle Clause: Forcing endless battles is banned
|rule|HP Percentage Mod: HP is shown in percentages
|rule|Dynamax Clause: You cannot dynamax
|clearpoke
|poke|p1|Melmetal|
|poke|p1|Volcarona, M|
|poke|p1|Zapdos|
|poke|p1|Urshifu-*, M|
|poke|p1|Ninetales-Alola, M|
|poke|p1|Kommo-o, M|
|poke|p2|Hawlucha, F|
|poke|p2|Rillaboom, M|
|poke|p2|Heatran, F|
|poke|p2|Dragapult, M|
|poke|p2|Clefable, F|
|poke|p2|Blastoise, F|
|teampreview
|
|t:|1641795798
|start
|switch|p1a: Ninetales|Ninetales-Alola, M|100/100
|switch|p2a: Heatran|Heatran, F|100/100
|-weather|Hail|[from] ability: Snow Warning|[of] p1a: Ninetales
|-item|p2a: Heatran|Air Balloon
|turn|1
|
|t:|1641795807
|move|p1a: Ninetales|Aurora Veil|p1a: Ninetales
|-sidestart|p1: NarwhalMD22|move: Aurora Veil
|move|p2a: Heatran|Stealth Rock|p1a: Ninetales
|-sidestart|p1: NarwhalMD22|move: Stealth Rock
|
|-weather|Hail|[upkeep]
|-damage|p2a: Heatran|94/100|[from] Hail
|upkeep
|turn|2
|
|t:|1641795830
|move|p1a: Ninetales|Blizzard|p2a: Heatran
|-resisted|p2a: Heatran
|-crit|p2a: Heatran
|-damage|p2a: Heatran|84/100
|-enditem|p2a: Heatran|Air Balloon
|move|p2a: Heatran|Flash Cannon|p1a: Ninetales
|-supereffective|p1a: Ninetales
|-damage|p1a: Ninetales|18/100
|-unboost|p1a: Ninetales|spd|1
|
|-weather|Hail|[upkeep]
|-damage|p2a: Heatran|77/100|[from] Hail
|-heal|p1a: Ninetales|24/100|[from] item: Leftovers
|upkeep
|turn|3
|inactive|Battle timer is ON: inactive players will automatically lose when time's up. (requested by 8jaggery)
|
|t:|1641795846
|move|p1a: Ninetales|Moonblast|p2a: Heatran
|-resisted|p2a: Heatran
|-damage|p2a: Heatran|72/100
|-unboost|p2a: Heatran|spa|1
|move|p2a: Heatran|Flamethrower|p1a: Ninetales
|-supereffective|p1a: Ninetales
|-damage|p1a: Ninetales|0 fnt
|faint|p1a: Ninetales
|
|-weather|Hail|[upkeep]
|-damage|p2a: Heatran|66/100|[from] Hail
|upkeep
|
|t:|1641795857
|switch|p1a: Kommo-o|Kommo-o, M|100/100
|-damage|p1a: Kommo-o|95/100|[from] Stealth Rock
|turn|4
|
|t:|1641795873
|switch|p2a: Clefable|Clefable, F|100/100
|move|p1a: Kommo-o|Belly Drum|p1a: Kommo-o
|-damage|p1a: Kommo-o|45/100
|-setboost|p1a: Kommo-o|atk|6|[from] move: Belly Drum
|-enditem|p1a: Kommo-o|Sitrus Berry|[eat]
|-heal|p1a: Kommo-o|69/100|[from] item: Sitrus Berry
|
|-weather|Hail|[upkeep]
|-damage|p1a: Kommo-o|63/100|[from] Hail
|-damage|p2a: Clefable|94/100|[from] Hail
|-heal|p2a: Clefable|100/100|[from] item: Leftovers
|upkeep
|turn|5
|
|t:|1641795890
|move|p1a: Kommo-o|Poison Jab|p2a: Clefable
|-supereffective|p2a: Clefable
|-damage|p2a: Clefable|56/100
|move|p2a: Clefable|Moonblast|p1a: Kommo-o
|-supereffective|p1a: Kommo-o
|-damage|p1a: Kommo-o|12/100
|
|-weather|none
|-heal|p2a: Clefable|62/100|[from] item: Leftovers
|-sideend|p1: NarwhalMD22|move: Aurora Veil
|upkeep
|turn|6
|
|t:|1641795913
|move|p1a: Kommo-o|Poison Jab|p2a: Clefable
|-supereffective|p2a: Clefable
|-damage|p2a: Clefable|19/100
|move|p2a: Clefable|Moonblast|p1a: Kommo-o
|-supereffective|p1a: Kommo-o
|-damage|p1a: Kommo-o|0 fnt
|faint|p1a: Kommo-o
|
|-heal|p2a: Clefable|25/100|[from] item: Leftovers
|upkeep
|
|t:|1641795933
|switch|p1a: Urshifu|Urshifu-Rapid-Strike, M|100/100
|-damage|p1a: Urshifu|94/100|[from] Stealth Rock
|turn|7
|inactive|8jaggery has 120 seconds left.
|
|t:|1641795960
|switch|p2a: Rillaboom|Rillaboom, M|100/100
|-fieldstart|move: Grassy Terrain|[from] ability: Grassy Surge|[of] p2a: Rillaboom
|move|p1a: Urshifu|Bulk Up|p1a: Urshifu
|-boost|p1a: Urshifu|atk|1
|-boost|p1a: Urshifu|def|1
|
|-heal|p1a: Urshifu|100/100|[from] Grassy Terrain
|upkeep
|turn|8
|inactive|8jaggery has 120 seconds left.
|
|t:|1641795975
|move|p2a: Rillaboom|Grassy Glide|p1a: Urshifu
|-supereffective|p1a: Urshifu
|-damage|p1a: Urshifu|37/100
|move|p1a: Urshifu|Poison Jab|p2a: Rillaboom
|-supereffective|p2a: Rillaboom
|-damage|p2a: Rillaboom|50/100
|-status|p2a: Rillaboom|psn
|
|-heal|p1a: Urshifu|43/100|[from] Grassy Terrain
|-heal|p1a: Urshifu|49/100|[from] item: Leftovers
|-heal|p2a: Rillaboom|56/100 psn|[from] Grassy Terrain
|-damage|p2a: Rillaboom|44/100 psn|[from] psn
|upkeep
|turn|9
|inactive|8jaggery has 120 seconds left.
|inactive|NarwhalMD22 has 120 seconds left.
|
|t:|1641795993
|move|p2a: Rillaboom|Grassy Glide|p1a: Urshifu
|-supereffective|p1a: Urshifu
|-damage|p1a: Urshifu|0 fnt
|faint|p1a: Urshifu
|
|-heal|p2a: Rillaboom|50/100 psn|[from] Grassy Terrain
|-damage|p2a: Rillaboom|38/100 psn|[from] psn
|upkeep
|inactive|NarwhalMD22 has 120 seconds left.
|
|t:|1641796004
|switch|p1a: Zapdos|Zapdos, shiny|100/100
|-damage|p1a: Zapdos|75/100|[from] Stealth Rock
|turn|10
|inactive|NarwhalMD22 has 120 seconds left.
|inactive|8jaggery has 120 seconds left.
|
|t:|1641796020
|switch|p2a: Clefable|Clefable, F|25/100
|move|p1a: Zapdos|Hurricane|p2a: Clefable|[miss]
|-miss|p1a: Zapdos|p2a: Clefable
|
|-heal|p1a: Zapdos|82/100|[from] item: Leftovers
|-heal|p2a: Clefable|31/100|[from] Grassy Terrain
|-heal|p2a: Clefable|37/100|[from] item: Leftovers
|upkeep
|turn|11
|inactive|8jaggery has 120 seconds left.
|
|t:|1641796050
|switch|p2a: Heatran|Heatran, F|66/100
|move|p1a: Zapdos|Discharge|p2a: Heatran
|-crit|p2a: Heatran
|-damage|p2a: Heatran|23/100
|
|-heal|p1a: Zapdos|88/100|[from] item: Leftovers
|-heal|p2a: Heatran|29/100|[from] Grassy Terrain
|-fieldend|move: Grassy Terrain
|upkeep
|turn|12
|
|t:|1641796061
|move|p1a: Zapdos|Discharge|p2a: Heatran
|-damage|p2a: Heatran|3/100
|move|p2a: Heatran|Flamethrower|p1a: Zapdos
|-damage|p1a: Zapdos|44/100
|
|-heal|p1a: Zapdos|50/100|[from] item: Leftovers
|upkeep
|turn|13
|
|t:|1641796072
|switch|p2a: Dragapult|Dragapult, M|100/100
|move|p1a: Zapdos|Discharge|p2a: Dragapult
|-resisted|p2a: Dragapult
|-damage|p2a: Dragapult|74/100
|-status|p2a: Dragapult|par
|
|-heal|p1a: Zapdos|56/100|[from] item: Leftovers
|upkeep
|turn|14
|
|t:|1641796082
|move|p1a: Zapdos|Hurricane|p2a: Dragapult
|-crit|p2a: Dragapult
|-damage|p2a: Dragapult|0 fnt
|faint|p2a: Dragapult
|
|-heal|p1a: Zapdos|62/100|[from] item: Leftovers
|upkeep
|
|t:|1641796089
|switch|p2a: Hawlucha|Hawlucha, F|100/100
|turn|15
|
|t:|1641796108
|move|p2a: Hawlucha|Throat Chop|p1a: Zapdos
|-damage|p1a: Zapdos|40/100
|-start|p1a: Zapdos|Throat Chop|[silent]
|-status|p2a: Hawlucha|par|[from] ability: Static|[of] p1a: Zapdos
|move|p1a: Zapdos|Discharge|p2a: Hawlucha
|-supereffective|p2a: Hawlucha
|-damage|p2a: Hawlucha|0 fnt
|faint|p2a: Hawlucha
|
|-heal|p1a: Zapdos|46/100|[from] item: Leftovers
|upkeep
|
|t:|1641796117
|switch|p2a: Clefable|Clefable, F|37/100
|turn|16
|
|t:|1641796125
|move|p1a: Zapdos|Roost|p1a: Zapdos
|-heal|p1a: Zapdos|96/100
|-singleturn|p1a: Zapdos|move: Roost
|move|p2a: Clefable|Aromatherapy|p2a: Clefable
|-activate|p2a: Clefable|move: Aromatherapy
|-curestatus|p2: Rillaboom|psn|[msg]
|
|-heal|p1a: Zapdos|100/100|[from] item: Leftovers
|-heal|p2a: Clefable|43/100|[from] item: Leftovers
|-end|p1a: Zapdos|Throat Chop|[silent]
|upkeep
|turn|17
|
|t:|1641796136
|switch|p1a: Melmetal|Melmetal|100/100
|-damage|p1a: Melmetal|94/100|[from] Stealth Rock
|move|p2a: Clefable|Moonlight|p2a: Clefable
|-heal|p2a: Clefable|93/100
|
|-heal|p2a: Clefable|99/100|[from] item: Leftovers
|upkeep
|turn|18
|inactive|8jaggery has 120 seconds left.
|
|t:|1641796151
|switch|p2a: Blastoise|Blastoise, F|100/100
|move|p1a: Melmetal|Thunder Punch|p2a: Blastoise
|-supereffective|p2a: Blastoise
|-damage|p2a: Blastoise|35/100
|
|upkeep
|turn|19
|inactive|8jaggery has 120 seconds left.
|
|t:|1641796160
|move|p2a: Blastoise|Shell Smash|p2a: Blastoise
|-unboost|p2a: Blastoise|def|1
|-unboost|p2a: Blastoise|spd|1
|-boost|p2a: Blastoise|atk|2
|-boost|p2a: Blastoise|spa|2
|-boost|p2a: Blastoise|spe|2
|-enditem|p2a: Blastoise|White Herb
|-clearnegativeboost|p2a: Blastoise|[silent]
|move|p1a: Melmetal|Earthquake|p2a: Blastoise
|-damage|p2a: Blastoise|0 fnt
|faint|p2a: Blastoise
|
|upkeep
|inactive|8jaggery has 120 seconds left.
|
|t:|1641796171
|switch|p2a: Heatran|Heatran, F|3/100
|turn|20
|
|t:|1641796174
|switch|p1a: Volcarona|Volcarona, M|100/100
|move|p2a: Heatran|Flamethrower|p1a: Volcarona
|-damage|p1a: Volcarona|61/100
|
|upkeep
|turn|21
|
|t:|1641796184
|switch|p2a: Clefable|Clefable, F|99/100
|move|p1a: Volcarona|Bug Buzz|p2a: Clefable
|-resisted|p2a: Clefable
|-damage|p2a: Clefable|85/100
|
|-heal|p2a: Clefable|91/100|[from] item: Leftovers
|upkeep
|turn|22
|
|t:|1641796192
|move|p1a: Volcarona|Quiver Dance|p1a: Volcarona
|-boost|p1a: Volcarona|spa|1
|-boost|p1a: Volcarona|spd|1
|-boost|p1a: Volcarona|spe|1
|move|p2a: Clefable|Moonblast|p1a: Volcarona
|-resisted|p1a: Volcarona
|-damage|p1a: Volcarona|45/100
|
|-heal|p2a: Clefable|97/100|[from] item: Leftovers
|upkeep
|turn|23
|
|t:|1641796201
|move|p1a: Volcarona|Quiver Dance|p1a: Volcarona
|-boost|p1a: Volcarona|spa|1
|-boost|p1a: Volcarona|spd|1
|-boost|p1a: Volcarona|spe|1
|move|p2a: Clefable|Psychic|p1a: Volcarona
|-damage|p1a: Volcarona|28/100
|
|-heal|p2a: Clefable|100/100|[from] item: Leftovers
|upkeep
|turn|24
|
|t:|1641796218
|move|p1a: Volcarona|Giga Drain|p2a: Clefable
|-damage|p2a: Clefable|84/100
|-heal|p1a: Volcarona|39/100|[from] drain|[of] p2a: Clefable
|move|p2a: Clefable|Psychic|p1a: Volcarona
|-damage|p1a: Volcarona|22/100
|
|-heal|p2a: Clefable|90/100|[from] item: Leftovers
|upkeep
|turn|25
|
|t:|1641796237
|move|p1a: Volcarona|Quiver Dance|p1a: Volcarona
|-boost|p1a: Volcarona|spa|1
|-boost|p1a: Volcarona|spd|1
|-boost|p1a: Volcarona|spe|1
|move|p2a: Clefable|Psychic|p1a: Volcarona
|-damage|p1a: Volcarona|3/100
|
|-heal|p2a: Clefable|96/100|[from] item: Leftovers
|upkeep
|turn|26
|
|t:|1641796245
|move|p1a: Volcarona|Giga Drain|p2a: Clefable
|-damage|p2a: Clefable|79/100
|-heal|p1a: Volcarona|14/100|[from] drain|[of] p2a: Clefable
|move|p2a: Clefable|Psychic|p1a: Volcarona
|-damage|p1a: Volcarona|0 fnt
|faint|p1a: Volcarona
|
|-heal|p2a: Clefable|86/100|[from] item: Leftovers
|upkeep
|
|t:|1641796254
|switch|p1a: Melmetal|Melmetal|94/100
|-damage|p1a: Melmetal|88/100|[from] Stealth Rock
|turn|27
|
|t:|1641796274
|switch|p2a: Rillaboom|Rillaboom, M|38/100
|-fieldstart|move: Grassy Terrain|[from] ability: Grassy Surge|[of] p2a: Rillaboom
|move|p1a: Melmetal|Ice Punch|p2a: Rillaboom
|-supereffective|p2a: Rillaboom
|-damage|p2a: Rillaboom|0 fnt
|faint|p2a: Rillaboom
|
|-heal|p1a: Melmetal|94/100|[from] Grassy Terrain
|upkeep
|
|t:|1641796283
|switch|p2a: Heatran|Heatran, F|3/100
|turn|28
|
|t:|1641796289
|move|p2a: Heatran|Flamethrower|p1a: Melmetal
|-supereffective|p1a: Melmetal
|-damage|p1a: Melmetal|44/100
|move|p1a: Melmetal|Earthquake|p2a: Heatran
|-supereffective|p2a: Heatran
|-damage|p2a: Heatran|0 fnt
|faint|p2a: Heatran
|
|-heal|p1a: Melmetal|50/100|[from] Grassy Terrain
|upkeep
|
|t:|1641796299
|switch|p2a: Clefable|Clefable, F|86/100
|turn|29
|
|t:|1641796307
|move|p2a: Clefable|Moonblast|p1a: Melmetal
|-resisted|p1a: Melmetal
|-damage|p1a: Melmetal|42/100
|-unboost|p1a: Melmetal|spa|1
|move|p1a: Melmetal|Double Iron Bash|p2a: Clefable
|-supereffective|p2a: Clefable
|-damage|p2a: Clefable|3/100
|-supereffective|p2a: Clefable
|-damage|p2a: Clefable|0 fnt
|faint|p2a: Clefable
|-hitcount|p2: Clefable|2
|
|win|NarwhalMD22
|raw|NarwhalMD22's rating: 1252 &rarr; <strong>1278</strong><br />(+26 for winning)
|raw|8jaggery's rating: 1259 &rarr; <strong>1233</strong><br />(-26 for losing)
