|j|☆bruhgivemeaname
|j|☆gfzdsb
|t:|1641803189
|gametype|singles
|player|p1|bruhgivemeaname|iris-gen5bw2|1267
|player|p2|gfzdsb|policeman-gen4|1320
|teamsize|p1|6
|teamsize|p2|6
|gen|8
|tier|[Gen 8] OU
|rated|
|rule|Sleep Clause Mod: Limit one foe put to sleep
|rule|Species Clause: Limit one of each Pokémon
|rule|OHKO Clause: OHKO moves are banned
|rule|Evasion Moves Clause: Evasion moves are banned
|rule|Endless Battle Clause: Forcing endless battles is banned
|rule|HP Percentage Mod: HP is shown in percentages
|rule|Dynamax Clause: You cannot dynamax
|clearpoke
|poke|p1|Volcarona, F|
|poke|p1|Rillaboom, F|
|poke|p1|Tapu Fini|
|poke|p1|Zeraora|
|poke|p1|Corviknight, F|
|poke|p1|Landorus-Therian, M|
|poke|p2|Nidoking, M|
|poke|p2|Regieleki|
|poke|p2|Landorus-Therian, M|
|poke|p2|Urshifu-*, F|
|poke|p2|Dragonite, F|
|poke|p2|Heatran, F|
|teampreview
|inactive|Battle timer is ON: inactive players will automatically lose when time's up. (requested by gfzdsb)
|
|t:|1641803202
|start
|switch|p1a: Rillaboom|Rillaboom, F|100/100
|switch|p2a: Landorus|Landorus-Therian, M|100/100
|-ability|p2a: Landorus|Intimidate|boost
|-unboost|p1a: Rillaboom|atk|1
|-fieldstart|move: Grassy Terrain|[from] ability: Grassy Surge|[of] p1a: Rillaboom
|turn|1
|
|t:|1641803222
|switch|p1a: Landorus|Landorus-Therian, M|100/100
|-ability|p1a: Landorus|Intimidate|boost
|-unboost|p2a: Landorus|atk|1
|move|p2a: Landorus|Stealth Rock|p1a: Landorus
|-sidestart|p1: bruhgivemeaname|move: Stealth Rock
|
|upkeep
|turn|2
|
|t:|1641803230
|move|p2a: Landorus|Toxic|p1a: Landorus
|-status|p1a: Landorus|tox
|move|p1a: Landorus|Stealth Rock|p2a: Landorus
|-sidestart|p2: gfzdsb|move: Stealth Rock
|
|-damage|p1a: Landorus|94/100 tox|[from] psn
|upkeep
|turn|3
|
|t:|1641803238
|move|p2a: Landorus|Toxic|p1a: Landorus
|-fail|p1a: Landorus|tox
|move|p1a: Landorus|U-turn|p2a: Landorus
|-resisted|p2a: Landorus
|-damage|p2a: Landorus|93/100
|-damage|p1a: Landorus|78/100 tox|[from] item: Rocky Helmet|[of] p2a: Landorus
|
|t:|1641803245
|switch|p1a: Tapu Fini|Tapu Fini|100/100|[from]move: U-turn
|-damage|p1a: Tapu Fini|88/100|[from] Stealth Rock
|-fieldstart|move: Misty Terrain|[from] ability: Misty Surge|[of] p1a: Tapu Fini
|
|-heal|p1a: Tapu Fini|94/100|[from] item: Leftovers
|upkeep
|turn|4
|
|t:|1641803264
|switch|p2a: Heatran|Heatran, F|100/100
|-damage|p2a: Heatran|88/100|[from] Stealth Rock
|move|p1a: Tapu Fini|Ice Beam|p2a: Heatran
|-resisted|p2a: Heatran
|-damage|p2a: Heatran|84/100
|
|-heal|p1a: Tapu Fini|100/100|[from] item: Leftovers
|-heal|p2a: Heatran|90/100|[from] item: Leftovers
|upkeep
|turn|5
|
|t:|1641803276
|move|p1a: Tapu Fini|Scald|p2a: Heatran
|-supereffective|p2a: Heatran
|-damage|p2a: Heatran|43/100
|move|p2a: Heatran|Flash Cannon|p1a: Tapu Fini
|-damage|p1a: Tapu Fini|74/100
|
|-heal|p1a: Tapu Fini|80/100|[from] item: Leftovers
|-heal|p2a: Heatran|49/100|[from] item: Leftovers
|upkeep
|turn|6
|
|t:|1641803292
|move|p1a: Tapu Fini|Scald|p2a: Heatran
|-supereffective|p2a: Heatran
|-damage|p2a: Heatran|9/100
|move|p2a: Heatran|Flash Cannon|p1a: Tapu Fini
|-damage|p1a: Tapu Fini|53/100
|
|-heal|p1a: Tapu Fini|59/100|[from] item: Leftovers
|-heal|p2a: Heatran|15/100|[from] item: Leftovers
|upkeep
|turn|7
|
|t:|1641803301
|move|p1a: Tapu Fini|Scald|p2a: Heatran
|-supereffective|p2a: Heatran
|-damage|p2a: Heatran|0 fnt
|faint|p2a: Heatran
|
|-heal|p1a: Tapu Fini|66/100|[from] item: Leftovers
|-fieldend|Misty Terrain
|upkeep
|
|t:|1641803307
|switch|p2a: Regieleki|Regieleki|100/100
|-damage|p2a: Regieleki|88/100|[from] Stealth Rock
|turn|8
|
|t:|1641803315
|switch|p2a: Landorus|Landorus-Therian, M|93/100
|-damage|p2a: Landorus|81/100|[from] Stealth Rock
|-ability|p2a: Landorus|Intimidate|boost
|-unboost|p1a: Tapu Fini|atk|1
|switch|p1a: Landorus|Landorus-Therian, M|78/100 tox
|-damage|p1a: Landorus|66/100 tox|[from] Stealth Rock
|-ability|p1a: Landorus|Intimidate|boost
|-unboost|p2a: Landorus|atk|1
|
|-heal|p1a: Landorus|72/100 tox|[from] item: Leftovers
|-damage|p1a: Landorus|66/100 tox|[from] psn
|upkeep
|turn|9
|
|t:|1641803333
|move|p2a: Landorus|Toxic|p1a: Landorus
|-fail|p1a: Landorus|tox
|move|p1a: Landorus|U-turn|p2a: Landorus
|-resisted|p2a: Landorus
|-damage|p2a: Landorus|72/100
|-damage|p1a: Landorus|49/100 tox|[from] item: Rocky Helmet|[of] p2a: Landorus
|
|t:|1641803343
|switch|p1a: Tapu Fini|Tapu Fini|66/100|[from]move: U-turn
|-damage|p1a: Tapu Fini|53/100|[from] Stealth Rock
|-fieldstart|move: Misty Terrain|[from] ability: Misty Surge|[of] p1a: Tapu Fini
|
|-heal|p1a: Tapu Fini|59/100|[from] item: Leftovers
|upkeep
|turn|10
|
|t:|1641803351
|move|p2a: Landorus|U-turn|p1a: Tapu Fini
|-resisted|p1a: Tapu Fini
|-damage|p1a: Tapu Fini|53/100
|
|t:|1641803360
|switch|p2a: Urshifu|Urshifu-Rapid-Strike, F|100/100|[from]move: U-turn
|-damage|p2a: Urshifu|94/100|[from] Stealth Rock
|move|p1a: Tapu Fini|Knock Off|p2a: Urshifu
|-resisted|p2a: Urshifu
|-damage|p2a: Urshifu|86/100
|-enditem|p2a: Urshifu|Choice Band|[from] move: Knock Off|[of] p1a: Tapu Fini
|
|-heal|p1a: Tapu Fini|59/100|[from] item: Leftovers
|upkeep
|turn|11
|
|t:|1641803370
|move|p2a: Urshifu|Surging Strikes|p1a: Tapu Fini
|-resisted|p1a: Tapu Fini
|-crit|p1a: Tapu Fini
|-damage|p1a: Tapu Fini|51/100
|-resisted|p1a: Tapu Fini
|-crit|p1a: Tapu Fini
|-damage|p1a: Tapu Fini|42/100
|-resisted|p1a: Tapu Fini
|-crit|p1a: Tapu Fini
|-damage|p1a: Tapu Fini|34/100
|-hitcount|p1a: Tapu Fini|3
|move|p1a: Tapu Fini|Moonblast|p2a: Urshifu
|-supereffective|p2a: Urshifu
|-damage|p2a: Urshifu|0 fnt
|faint|p2a: Urshifu
|
|-heal|p1a: Tapu Fini|40/100|[from] item: Leftovers
|upkeep
|
|t:|1641803384
|switch|p2a: Nidoking|Nidoking, M|100/100
|-damage|p2a: Nidoking|95/100|[from] Stealth Rock
|turn|12
|
|t:|1641803391
|switch|p1a: Zeraora|Zeraora|100/100
|-damage|p1a: Zeraora|88/100|[from] Stealth Rock
|move|p2a: Nidoking|Sludge Wave|p1a: Zeraora
|-damage|p1a: Zeraora|11/100
|
|upkeep
|turn|13
|
|t:|1641803401
|move|p1a: Zeraora|Knock Off|p2a: Nidoking
|-damage|p2a: Nidoking|35/100
|-enditem|p2a: Nidoking|Life Orb|[from] move: Knock Off|[of] p1a: Zeraora
|move|p2a: Nidoking|Flamethrower|p1a: Zeraora
|-damage|p1a: Zeraora|0 fnt
|faint|p1a: Zeraora
|
|-fieldend|Misty Terrain
|upkeep
|
|t:|1641803420
|switch|p1a: Volcarona|Volcarona, F|100/100
|turn|14
|
|t:|1641803428
|move|p1a: Volcarona|Fiery Dance|p2a: Nidoking
|-damage|p2a: Nidoking|0 fnt
|faint|p2a: Nidoking
|
|upkeep
|
|t:|1641803436
|switch|p2a: Landorus|Landorus-Therian, M|72/100
|-damage|p2a: Landorus|60/100|[from] Stealth Rock
|-ability|p2a: Landorus|Intimidate|boost
|-unboost|p1a: Volcarona|atk|1
|turn|15
|
|t:|1641803441
|switch|p1a: Tapu Fini|Tapu Fini|40/100
|-damage|p1a: Tapu Fini|28/100|[from] Stealth Rock
|-fieldstart|move: Misty Terrain|[from] ability: Misty Surge|[of] p1a: Tapu Fini
|move|p2a: Landorus|Toxic|p1a: Tapu Fini
|-activate|p1a: Tapu Fini|move: Misty Terrain
|
|-heal|p1a: Tapu Fini|34/100|[from] item: Leftovers
|upkeep
|turn|16
|
|t:|1641803450
|move|p2a: Landorus|Earthquake|p1a: Tapu Fini
|-damage|p1a: Tapu Fini|0 fnt
|faint|p1a: Tapu Fini
|
|upkeep
|
|t:|1641803465
|switch|p1a: Rillaboom|Rillaboom, F|100/100
|-damage|p1a: Rillaboom|88/100|[from] Stealth Rock
|-fieldstart|move: Grassy Terrain|[from] ability: Grassy Surge|[of] p1a: Rillaboom
|turn|17
|
|t:|1641803470
|move|p2a: Landorus|Toxic|p1a: Rillaboom
|-status|p1a: Rillaboom|tox
|move|p1a: Rillaboom|Knock Off|p2a: Landorus
|-damage|p2a: Landorus|36/100
|-damage|p1a: Rillaboom|72/100 tox|[from] item: Rocky Helmet|[of] p2a: Landorus
|-enditem|p2a: Landorus|Rocky Helmet|[from] move: Knock Off|[of] p1a: Rillaboom
|
|-heal|p1a: Rillaboom|78/100 tox|[from] Grassy Terrain
|-damage|p1a: Rillaboom|72/100 tox|[from] psn
|upkeep
|turn|18
|
|t:|1641803482
|move|p1a: Rillaboom|Grassy Glide|p2a: Landorus
|-crit|p2a: Landorus
|-damage|p2a: Landorus|0 fnt
|faint|p2a: Landorus
|
|-heal|p1a: Rillaboom|78/100 tox|[from] Grassy Terrain
|-damage|p1a: Rillaboom|66/100 tox|[from] psn
|upkeep
|
|t:|1641803490
|switch|p2a: Dragonite|Dragonite, F|100/100
|turn|19
|
|t:|1641803494
|move|p2a: Dragonite|Dragon Dance|p2a: Dragonite
|-boost|p2a: Dragonite|atk|1
|-boost|p2a: Dragonite|spe|1
|move|p1a: Rillaboom|Knock Off|p2a: Dragonite
|-damage|p2a: Dragonite|79/100
|-enditem|p2a: Dragonite|Heavy-Duty Boots|[from] move: Knock Off|[of] p1a: Rillaboom
|
|-heal|p1a: Rillaboom|72/100 tox|[from] Grassy Terrain
|-damage|p1a: Rillaboom|53/100 tox|[from] psn
|upkeep
|turn|20
|
|t:|1641803504
|switch|p1a: Corviknight|Corviknight, F|100/100
|-damage|p1a: Corviknight|88/100|[from] Stealth Rock
|-ability|p1a: Corviknight|Pressure
|move|p2a: Dragonite|Dragon Dance|p2a: Dragonite
|-boost|p2a: Dragonite|atk|1
|-boost|p2a: Dragonite|spe|1
|
|upkeep
|turn|21
|
|t:|1641803514
|move|p2a: Dragonite|Dual Wingbeat|p1a: Corviknight
|-resisted|p1a: Corviknight
|-damage|p1a: Corviknight|72/100
|-damage|p2a: Dragonite|63/100|[from] item: Rocky Helmet|[of] p1a: Corviknight
|-resisted|p1a: Corviknight
|-damage|p1a: Corviknight|58/100
|-damage|p2a: Dragonite|47/100|[from] item: Rocky Helmet|[of] p1a: Corviknight
|-hitcount|p1a: Corviknight|2
|move|p1a: Corviknight|Body Press|p2a: Dragonite
|-resisted|p2a: Dragonite
|-damage|p2a: Dragonite|34/100
|
|-fieldend|move: Grassy Terrain
|upkeep
|turn|22
|
|t:|1641803525
|move|p2a: Dragonite|Outrage|p1a: Corviknight
|-resisted|p1a: Corviknight
|-damage|p1a: Corviknight|16/100
|-damage|p2a: Dragonite|17/100|[from] item: Rocky Helmet|[of] p1a: Corviknight
|move|p1a: Corviknight|Roost|p1a: Corviknight
|-heal|p1a: Corviknight|66/100
|-singleturn|p1a: Corviknight|move: Roost
|
|upkeep
|turn|23
|
|t:|1641803533
|move|p2a: Dragonite|Outrage|p1a: Corviknight|[from]lockedmove
|-resisted|p1a: Corviknight
|-damage|p1a: Corviknight|22/100
|-damage|p2a: Dragonite|1/100|[from] item: Rocky Helmet|[of] p1a: Corviknight
|move|p1a: Corviknight|Roost|p1a: Corviknight
|-heal|p1a: Corviknight|72/100
|-singleturn|p1a: Corviknight|move: Roost
|
|upkeep
|turn|24
|-message|gfzdsb forfeited.
|
|win|bruhgivemeaname
|raw|bruhgivemeaname's rating: 1267 &rarr; <strong>1296</strong><br />(+29 for winning)
|raw|gfzdsb's rating: 1320 &rarr; <strong>1297</strong><br />(-23 for losing)
|l|☆gfzdsb
