|j|☆111gjh
|j|☆Mertoo
|t:|1641800006
|gametype|singles
|player|p1|111gjh|170|1113
|player|p2|Mertoo|266|1112
|teamsize|p1|6
|teamsize|p2|6
|gen|8
|tier|[Gen 8] OU
|rated|
|rule|Sleep Clause Mod: Limit one foe put to sleep
|rule|Species Clause: Limit one of each Pokémon
|rule|OHKO Clause: OHKO moves are banned
|rule|Evasion Moves Clause: Evasion moves are banned
|rule|Endless Battle Clause: Forcing endless battles is banned
|rule|HP Percentage Mod: HP is shown in percentages
|rule|Dynamax Clause: You cannot dynamax
|clearpoke
|poke|p1|Hippowdon, F|
|poke|p1|Ferrothorn, F|
|poke|p1|Tyranitar, F|
|poke|p1|Excadrill, M|
|poke|p1|Reuniclus, M|
|poke|p1|Dragapult, F|
|poke|p2|Magnemite, L1|
|poke|p2|Tapu Lele|
|poke|p2|Slowbro, M|
|poke|p2|Landorus-Therian, M|
|poke|p2|Dragapult, F|
|poke|p2|Buzzwole|
|teampreview
|
|t:|1641800020
|start
|switch|p1a: Ferrothorn|Ferrothorn, F|100/100
|switch|p2a: Slowbro|Slowbro, M|100/100
|turn|1
|
|t:|1641800032
|switch|p2a: Landorus|Landorus-Therian, M|100/100
|-ability|p2a: Landorus|Intimidate|boost
|-unboost|p1a: Ferrothorn|atk|1
|move|p1a: Ferrothorn|Leech Seed|p2a: Landorus|[miss]
|-miss|p1a: Ferrothorn|p2a: Landorus
|
|upkeep
|turn|2
|
|t:|1641800050
|move|p2a: Landorus|Knock Off|p1a: Ferrothorn
|-damage|p1a: Ferrothorn|71/100
|-damage|p2a: Landorus|88/100|[from] ability: Iron Barbs|[of] p1a: Ferrothorn
|-damage|p2a: Landorus|72/100|[from] item: Rocky Helmet|[of] p1a: Ferrothorn
|-enditem|p1a: Ferrothorn|Rocky Helmet|[from] move: Knock Off|[of] p2a: Landorus
|move|p1a: Ferrothorn|Leech Seed|p2a: Landorus
|-start|p2a: Landorus|move: Leech Seed
|
|-heal|p2a: Landorus|78/100|[from] item: Leftovers
|-damage|p2a: Landorus|65/100|[from] Leech Seed|[of] p1a: Ferrothorn
|-heal|p1a: Ferrothorn|82/100|[silent]
|upkeep
|turn|3
|
|t:|1641800060
|move|p1a: Ferrothorn|Protect|p1a: Ferrothorn
|-singleturn|p1a: Ferrothorn|Protect
|move|p2a: Landorus|Stealth Rock|p1a: Ferrothorn
|-sidestart|p1: 111gjh|move: Stealth Rock
|
|-heal|p2a: Landorus|71/100|[from] item: Leftovers
|-damage|p2a: Landorus|59/100|[from] Leech Seed|[of] p1a: Ferrothorn
|-heal|p1a: Ferrothorn|93/100|[silent]
|upkeep
|turn|4
|
|t:|1641800073
|switch|p2a: Buzzwole|Buzzwole|100/100
|move|p1a: Ferrothorn|Power Whip|p2a: Buzzwole|[miss]
|-miss|p1a: Ferrothorn|p2a: Buzzwole
|
|upkeep
|turn|5
|
|t:|1641800086
|switch|p1a: Hippowdon|Hippowdon, F, shiny|100/100
|-damage|p1a: Hippowdon|94/100|[from] Stealth Rock
|-weather|Sandstorm|[from] ability: Sand Stream|[of] p1a: Hippowdon
|move|p2a: Buzzwole|Close Combat|p1a: Hippowdon
|-damage|p1a: Hippowdon|60/100
|-unboost|p2a: Buzzwole|def|1
|-unboost|p2a: Buzzwole|spd|1
|
|-weather|Sandstorm|[upkeep]
|-damage|p2a: Buzzwole|94/100|[from] Sandstorm
|-heal|p1a: Hippowdon|67/100|[from] item: Leftovers
|upkeep
|turn|6
|
|t:|1641800100
|switch|p2a: Slowbro|Slowbro, M|100/100
|move|p1a: Hippowdon|Stealth Rock|p2a: Slowbro
|-sidestart|p2: Mertoo|move: Stealth Rock
|
|-weather|Sandstorm|[upkeep]
|-damage|p2a: Slowbro|94/100|[from] Sandstorm
|-heal|p1a: Hippowdon|73/100|[from] item: Leftovers
|-heal|p2a: Slowbro|100/100|[from] item: Leftovers
|upkeep
|turn|7
|
|t:|1641800107
|switch|p1a: Reuniclus|Reuniclus, M|100/100
|move|p2a: Slowbro|Calm Mind|p2a: Slowbro
|-boost|p2a: Slowbro|spa|1
|-boost|p2a: Slowbro|spd|1
|
|-weather|Sandstorm|[upkeep]
|-damage|p2a: Slowbro|94/100|[from] Sandstorm
|-heal|p2a: Slowbro|100/100|[from] item: Leftovers
|upkeep
|turn|8
|
|t:|1641800113
|move|p2a: Slowbro|Calm Mind|p2a: Slowbro
|-boost|p2a: Slowbro|spa|1
|-boost|p2a: Slowbro|spd|1
|move|p1a: Reuniclus|Calm Mind|p1a: Reuniclus
|-boost|p1a: Reuniclus|spa|1
|-boost|p1a: Reuniclus|spd|1
|
|-weather|Sandstorm|[upkeep]
|-damage|p2a: Slowbro|94/100|[from] Sandstorm
|-heal|p2a: Slowbro|100/100|[from] item: Leftovers
|upkeep
|turn|9
|
|t:|1641800118
|move|p1a: Reuniclus|Calm Mind|p1a: Reuniclus
|-boost|p1a: Reuniclus|spa|1
|-boost|p1a: Reuniclus|spd|1
|move|p2a: Slowbro|Calm Mind|p2a: Slowbro
|-boost|p2a: Slowbro|spa|1
|-boost|p2a: Slowbro|spd|1
|
|-weather|none
|upkeep
|turn|10
|
|t:|1641800126
|move|p2a: Slowbro|Calm Mind|p2a: Slowbro
|-boost|p2a: Slowbro|spa|1
|-boost|p2a: Slowbro|spd|1
|move|p1a: Reuniclus|Calm Mind|p1a: Reuniclus
|-boost|p1a: Reuniclus|spa|1
|-boost|p1a: Reuniclus|spd|1
|
|upkeep
|turn|11
|
|t:|1641800129
|move|p1a: Reuniclus|Energy Ball|p2a: Slowbro
|-supereffective|p2a: Slowbro
|-damage|p2a: Slowbro|53/100
|move|p2a: Slowbro|Calm Mind|p2a: Slowbro
|-boost|p2a: Slowbro|spa|1
|-boost|p2a: Slowbro|spd|1
|
|-heal|p2a: Slowbro|59/100|[from] item: Leftovers
|upkeep
|turn|12
|
|t:|1641800136
|move|p2a: Slowbro|Slack Off|p2a: Slowbro
|-heal|p2a: Slowbro|100/100
|move|p1a: Reuniclus|Calm Mind|p1a: Reuniclus
|-boost|p1a: Reuniclus|spa|1
|-boost|p1a: Reuniclus|spd|1
|
|upkeep
|turn|13
|
|t:|1641800140
|move|p1a: Reuniclus|Calm Mind|p1a: Reuniclus
|-boost|p1a: Reuniclus|spa|1
|-boost|p1a: Reuniclus|spd|1
|move|p2a: Slowbro|Calm Mind|p2a: Slowbro
|-boost|p2a: Slowbro|spa|1
|-boost|p2a: Slowbro|spd|1
|
|upkeep
|turn|14
|
|t:|1641800148
|move|p2a: Slowbro|Scald|p1a: Reuniclus
|-damage|p1a: Reuniclus|70/100
|move|p1a: Reuniclus|Calm Mind|p1a: Reuniclus
|-boost|p1a: Reuniclus|spa|1
|-boost|p1a: Reuniclus|spd|1
|
|-heal|p1a: Reuniclus|76/100|[from] item: Leftovers
|upkeep
|turn|15
|
|t:|1641800153
|move|p2a: Slowbro|Scald|p1a: Reuniclus
|-crit|p1a: Reuniclus
|-damage|p1a: Reuniclus|0 fnt
|faint|p1a: Reuniclus
|
|upkeep
|
|t:|1641800163
|switch|p1a: Tyranitar|Tyranitar, F|100/100
|-damage|p1a: Tyranitar|88/100|[from] Stealth Rock
|-weather|Sandstorm|[from] ability: Sand Stream|[of] p1a: Tyranitar
|turn|16
|
|t:|1641800176
|move|p1a: Tyranitar|Thunder Punch|p2a: Slowbro
|-supereffective|p2a: Slowbro
|-damage|p2a: Slowbro|47/100
|move|p2a: Slowbro|Scald|p1a: Tyranitar
|-supereffective|p1a: Tyranitar
|-damage|p1a: Tyranitar|0 fnt
|faint|p1a: Tyranitar
|
|-weather|Sandstorm|[upkeep]
|-damage|p2a: Slowbro|41/100|[from] Sandstorm
|-heal|p2a: Slowbro|47/100|[from] item: Leftovers
|upkeep
|
|t:|1641800181
|switch|p1a: Excadrill|Excadrill, M|100/100
|-damage|p1a: Excadrill|97/100|[from] Stealth Rock
|turn|17
|
|t:|1641800197
|move|p1a: Excadrill|Shadow Claw|p2a: Slowbro
|-supereffective|p2a: Slowbro
|-damage|p2a: Slowbro|14/100
|move|p2a: Slowbro|Slack Off|p2a: Slowbro
|-heal|p2a: Slowbro|64/100
|
|-weather|Sandstorm|[upkeep]
|-damage|p2a: Slowbro|58/100|[from] Sandstorm
|-heal|p2a: Slowbro|64/100|[from] item: Leftovers
|upkeep
|turn|18
|
|t:|1641800204
|move|p1a: Excadrill|Earthquake|p2a: Slowbro
|-crit|p2a: Slowbro
|-damage|p2a: Slowbro|11/100
|move|p2a: Slowbro|Slack Off|p2a: Slowbro
|-heal|p2a: Slowbro|61/100
|
|-weather|Sandstorm|[upkeep]
|-damage|p2a: Slowbro|55/100|[from] Sandstorm
|-heal|p2a: Slowbro|61/100|[from] item: Leftovers
|upkeep
|turn|19
|
|t:|1641800211
|move|p1a: Excadrill|Earthquake|p2a: Slowbro
|-damage|p2a: Slowbro|24/100
|move|p2a: Slowbro|Scald|p1a: Excadrill
|-supereffective|p1a: Excadrill
|-damage|p1a: Excadrill|0 fnt
|faint|p1a: Excadrill
|
|-weather|Sandstorm|[upkeep]
|-damage|p2a: Slowbro|18/100|[from] Sandstorm
|-heal|p2a: Slowbro|24/100|[from] item: Leftovers
|upkeep
|
|t:|1641800217
|switch|p1a: Ferrothorn|Ferrothorn, F|93/100
|-damage|p1a: Ferrothorn|87/100|[from] Stealth Rock
|turn|20
|
|t:|1641800225
|move|p2a: Slowbro|Slack Off|p2a: Slowbro
|-heal|p2a: Slowbro|74/100
|move|p1a: Ferrothorn|Leech Seed|p2a: Slowbro
|-start|p2a: Slowbro|move: Leech Seed
|
|-weather|none
|-heal|p2a: Slowbro|80/100|[from] item: Leftovers
|-damage|p2a: Slowbro|67/100|[from] Leech Seed|[of] p1a: Ferrothorn
|-heal|p1a: Ferrothorn|100/100|[silent]
|upkeep
|turn|21
|
|t:|1641800231
|move|p1a: Ferrothorn|Protect|p1a: Ferrothorn
|-singleturn|p1a: Ferrothorn|Protect
|move|p2a: Slowbro|Scald|p1a: Ferrothorn
|-activate|p1a: Ferrothorn|move: Protect
|
|-heal|p2a: Slowbro|73/100|[from] item: Leftovers
|-damage|p2a: Slowbro|61/100|[from] Leech Seed|[of] p1a: Ferrothorn
|upkeep
|turn|22
|
|t:|1641800236
|move|p2a: Slowbro|Slack Off|p2a: Slowbro
|-heal|p2a: Slowbro|100/100
|move|p1a: Ferrothorn|Power Whip|p2a: Slowbro
|-supereffective|p2a: Slowbro
|-damage|p2a: Slowbro|52/100
|
|-heal|p2a: Slowbro|58/100|[from] item: Leftovers
|-damage|p2a: Slowbro|45/100|[from] Leech Seed|[of] p1a: Ferrothorn
|upkeep
|turn|23
|
|t:|1641800250
|move|p1a: Ferrothorn|Protect|p1a: Ferrothorn
|-singleturn|p1a: Ferrothorn|Protect
|move|p2a: Slowbro|Scald|p1a: Ferrothorn
|-activate|p1a: Ferrothorn|move: Protect
|
|-heal|p2a: Slowbro|52/100|[from] item: Leftovers
|-damage|p2a: Slowbro|39/100|[from] Leech Seed|[of] p1a: Ferrothorn
|upkeep
|turn|24
|
|t:|1641800254
|move|p2a: Slowbro|Slack Off|p2a: Slowbro
|-heal|p2a: Slowbro|89/100
|move|p1a: Ferrothorn|Power Whip|p2a: Slowbro
|-supereffective|p2a: Slowbro
|-damage|p2a: Slowbro|43/100
|
|-heal|p2a: Slowbro|49/100|[from] item: Leftovers
|-damage|p2a: Slowbro|37/100|[from] Leech Seed|[of] p1a: Ferrothorn
|upkeep
|turn|25
|
|t:|1641800258
|move|p2a: Slowbro|Slack Off|p2a: Slowbro
|-heal|p2a: Slowbro|87/100
|move|p1a: Ferrothorn|Power Whip|p2a: Slowbro
|-supereffective|p2a: Slowbro
|-damage|p2a: Slowbro|42/100
|
|-heal|p2a: Slowbro|48/100|[from] item: Leftovers
|-damage|p2a: Slowbro|36/100|[from] Leech Seed|[of] p1a: Ferrothorn
|upkeep
|turn|26
|
|t:|1641800262
|move|p1a: Ferrothorn|Protect|p1a: Ferrothorn
|-singleturn|p1a: Ferrothorn|Protect
|move|p2a: Slowbro|Slack Off|p2a: Slowbro
|-heal|p2a: Slowbro|86/100
|
|-heal|p2a: Slowbro|92/100|[from] item: Leftovers
|-damage|p2a: Slowbro|80/100|[from] Leech Seed|[of] p1a: Ferrothorn
|upkeep
|turn|27
|
|t:|1641800265
|move|p2a: Slowbro|Scald|p1a: Ferrothorn
|-resisted|p1a: Ferrothorn
|-damage|p1a: Ferrothorn|64/100
|-status|p1a: Ferrothorn|brn
|move|p1a: Ferrothorn|Power Whip|p2a: Slowbro
|-supereffective|p2a: Slowbro
|-damage|p2a: Slowbro|57/100
|
|-heal|p2a: Slowbro|63/100|[from] item: Leftovers
|-damage|p2a: Slowbro|51/100|[from] Leech Seed|[of] p1a: Ferrothorn
|-heal|p1a: Ferrothorn|78/100 brn|[silent]
|-damage|p1a: Ferrothorn|72/100 brn|[from] brn
|upkeep
|turn|28
|
|t:|1641800269
|move|p2a: Slowbro|Slack Off|p2a: Slowbro
|-heal|p2a: Slowbro|100/100
|move|p1a: Ferrothorn|Power Whip|p2a: Slowbro
|-supereffective|p2a: Slowbro
|-damage|p2a: Slowbro|78/100
|
|-heal|p2a: Slowbro|85/100|[from] item: Leftovers
|-damage|p2a: Slowbro|72/100|[from] Leech Seed|[of] p1a: Ferrothorn
|-heal|p1a: Ferrothorn|85/100 brn|[silent]
|-damage|p1a: Ferrothorn|79/100 brn|[from] brn
|upkeep
|turn|29
|
|t:|1641800273
|move|p1a: Ferrothorn|Protect|p1a: Ferrothorn
|-singleturn|p1a: Ferrothorn|Protect
|move|p2a: Slowbro|Scald|p1a: Ferrothorn
|-activate|p1a: Ferrothorn|move: Protect
|
|-heal|p2a: Slowbro|78/100|[from] item: Leftovers
|-damage|p2a: Slowbro|66/100|[from] Leech Seed|[of] p1a: Ferrothorn
|-heal|p1a: Ferrothorn|93/100 brn|[silent]
|-damage|p1a: Ferrothorn|87/100 brn|[from] brn
|upkeep
|turn|30
|
|t:|1641800276
|move|p2a: Slowbro|Scald|p1a: Ferrothorn
|-resisted|p1a: Ferrothorn
|-damage|p1a: Ferrothorn|50/100 brn
|move|p1a: Ferrothorn|Power Whip|p2a: Slowbro|[miss]
|-miss|p1a: Ferrothorn|p2a: Slowbro
|
|-heal|p2a: Slowbro|72/100|[from] item: Leftovers
|-damage|p2a: Slowbro|59/100|[from] Leech Seed|[of] p1a: Ferrothorn
|-heal|p1a: Ferrothorn|64/100 brn|[silent]
|-damage|p1a: Ferrothorn|58/100 brn|[from] brn
|upkeep
|turn|31
|
|t:|1641800283
|move|p1a: Ferrothorn|Protect|p1a: Ferrothorn
|-singleturn|p1a: Ferrothorn|Protect
|move|p2a: Slowbro|Scald|p1a: Ferrothorn
|-activate|p1a: Ferrothorn|move: Protect
|
|-heal|p2a: Slowbro|65/100|[from] item: Leftovers
|-damage|p2a: Slowbro|53/100|[from] Leech Seed|[of] p1a: Ferrothorn
|-heal|p1a: Ferrothorn|72/100 brn|[silent]
|-damage|p1a: Ferrothorn|66/100 brn|[from] brn
|upkeep
|turn|32
|
|t:|1641800285
|move|p2a: Slowbro|Scald|p1a: Ferrothorn
|-resisted|p1a: Ferrothorn
|-damage|p1a: Ferrothorn|32/100 brn
|move|p1a: Ferrothorn|Power Whip|p2a: Slowbro
|-supereffective|p2a: Slowbro
|-damage|p2a: Slowbro|30/100
|
|-heal|p2a: Slowbro|36/100|[from] item: Leftovers
|-damage|p2a: Slowbro|24/100|[from] Leech Seed|[of] p1a: Ferrothorn
|-heal|p1a: Ferrothorn|46/100 brn|[silent]
|-damage|p1a: Ferrothorn|39/100 brn|[from] brn
|upkeep
|turn|33
|
|t:|1641800292
|move|p1a: Ferrothorn|Protect|p1a: Ferrothorn
|-singleturn|p1a: Ferrothorn|Protect
|move|p2a: Slowbro|Slack Off|p2a: Slowbro
|-heal|p2a: Slowbro|74/100
|
|-heal|p2a: Slowbro|80/100|[from] item: Leftovers
|-damage|p2a: Slowbro|68/100|[from] Leech Seed|[of] p1a: Ferrothorn
|-heal|p1a: Ferrothorn|53/100 brn|[silent]
|-damage|p1a: Ferrothorn|47/100 brn|[from] brn
|upkeep
|turn|34
|
|t:|1641800297
|move|p2a: Slowbro|Scald|p1a: Ferrothorn
|-resisted|p1a: Ferrothorn
|-damage|p1a: Ferrothorn|14/100 brn
|move|p1a: Ferrothorn|Power Whip|p2a: Slowbro
|-supereffective|p2a: Slowbro
|-crit|p2a: Slowbro
|-damage|p2a: Slowbro|31/100
|
|-heal|p2a: Slowbro|37/100|[from] item: Leftovers
|-damage|p2a: Slowbro|25/100|[from] Leech Seed|[of] p1a: Ferrothorn
|-heal|p1a: Ferrothorn|28/100 brn|[silent]
|-damage|p1a: Ferrothorn|22/100 brn|[from] brn
|upkeep
|turn|35
|
|t:|1641800308
|move|p2a: Slowbro|Slack Off|p2a: Slowbro
|-heal|p2a: Slowbro|75/100
|move|p1a: Ferrothorn|Power Whip|p2a: Slowbro
|-supereffective|p2a: Slowbro
|-damage|p2a: Slowbro|53/100
|
|-heal|p2a: Slowbro|59/100|[from] item: Leftovers
|-damage|p2a: Slowbro|46/100|[from] Leech Seed|[of] p1a: Ferrothorn
|-heal|p1a: Ferrothorn|35/100 brn|[silent]
|-damage|p1a: Ferrothorn|29/100 brn|[from] brn
|upkeep
|turn|36
|
|t:|1641800312
|move|p1a: Ferrothorn|Protect|p1a: Ferrothorn
|-singleturn|p1a: Ferrothorn|Protect
|move|p2a: Slowbro|Slack Off|p2a: Slowbro
|-heal|p2a: Slowbro|96/100
|
|-heal|p2a: Slowbro|100/100|[from] item: Leftovers
|-damage|p2a: Slowbro|88/100|[from] Leech Seed|[of] p1a: Ferrothorn
|-heal|p1a: Ferrothorn|43/100 brn|[silent]
|-damage|p1a: Ferrothorn|37/100 brn|[from] brn
|upkeep
|turn|37
|
|t:|1641800316
|move|p2a: Slowbro|Scald|p1a: Ferrothorn
|-resisted|p1a: Ferrothorn
|-damage|p1a: Ferrothorn|3/100 brn
|move|p1a: Ferrothorn|Power Whip|p2a: Slowbro
|-supereffective|p2a: Slowbro
|-damage|p2a: Slowbro|65/100
|
|-heal|p2a: Slowbro|71/100|[from] item: Leftovers
|-damage|p2a: Slowbro|59/100|[from] Leech Seed|[of] p1a: Ferrothorn
|-heal|p1a: Ferrothorn|17/100 brn|[silent]
|-damage|p1a: Ferrothorn|10/100 brn|[from] brn
|upkeep
|turn|38
|
|t:|1641800323
|move|p1a: Ferrothorn|Protect|p1a: Ferrothorn
|-singleturn|p1a: Ferrothorn|Protect
|move|p2a: Slowbro|Slack Off|p2a: Slowbro
|-heal|p2a: Slowbro|100/100
|
|-damage|p2a: Slowbro|88/100|[from] Leech Seed|[of] p1a: Ferrothorn
|-heal|p1a: Ferrothorn|24/100 brn|[silent]
|-damage|p1a: Ferrothorn|18/100 brn|[from] brn
|upkeep
|turn|39
|
|t:|1641800333
|move|p2a: Slowbro|Scald|p1a: Ferrothorn
|-resisted|p1a: Ferrothorn
|-crit|p1a: Ferrothorn
|-damage|p1a: Ferrothorn|0 fnt
|faint|p1a: Ferrothorn
|
|-heal|p2a: Slowbro|94/100|[from] item: Leftovers
|upkeep
|
|t:|1641800342
|switch|p1a: Hippowdon|Hippowdon, F, shiny|73/100
|-damage|p1a: Hippowdon|67/100|[from] Stealth Rock
|-weather|Sandstorm|[from] ability: Sand Stream|[of] p1a: Hippowdon
|turn|40
|
|t:|1641800352
|move|p1a: Hippowdon|Earthquake|p2a: Slowbro
|-damage|p2a: Slowbro|71/100
|move|p2a: Slowbro|Scald|p1a: Hippowdon
|-supereffective|p1a: Hippowdon
|-damage|p1a: Hippowdon|0 fnt
|faint|p1a: Hippowdon
|
|-weather|Sandstorm|[upkeep]
|-damage|p2a: Slowbro|64/100|[from] Sandstorm
|-heal|p2a: Slowbro|71/100|[from] item: Leftovers
|upkeep
|
|t:|1641800356
|switch|p1a: Dragapult|Dragapult, F|100/100
|-damage|p1a: Dragapult|88/100|[from] Stealth Rock
|turn|41
|
|t:|1641800371
|move|p1a: Dragapult|Hex|p2a: Slowbro
|-supereffective|p2a: Slowbro
|-damage|p2a: Slowbro|56/100
|-damage|p1a: Dragapult|78/100|[from] item: Life Orb
|move|p2a: Slowbro|Scald|p1a: Dragapult
|-resisted|p1a: Dragapult
|-damage|p1a: Dragapult|4/100
|
|-weather|Sandstorm|[upkeep]
|-damage|p1a: Dragapult|0 fnt|[from] Sandstorm
|-damage|p2a: Slowbro|50/100|[from] Sandstorm
|faint|p1a: Dragapult
|
|win|Mertoo
|upkeep
|raw|111gjh's rating: 1113 &rarr; <strong>1088</strong><br />(-25 for losing)
|raw|Mertoo's rating: 1112 &rarr; <strong>1137</strong><br />(+25 for winning)
|l|☆111gjh
