|j|☆Road to hellyeah
|j|☆koredoko
|t:|1641706350
|gametype|singles
|player|p1|Road to hellyeah|170|1193
|player|p2|koredoko|iris-gen5bw2|1110
|teamsize|p1|6
|teamsize|p2|6
|gen|8
|tier|[Gen 8] OU
|rated|
|rule|Sleep Clause Mod: Limit one foe put to sleep
|rule|Species Clause: Limit one of each Pokémon
|rule|OHKO Clause: OHKO moves are banned
|rule|Evasion Moves Clause: Evasion moves are banned
|rule|Endless Battle Clause: Forcing endless battles is banned
|rule|HP Percentage Mod: HP is shown in percentages
|rule|Dynamax Clause: You cannot dynamax
|clearpoke
|poke|p1|Golisopod, M|
|poke|p1|Tapu Bulu|
|poke|p1|Moltres-Galar|
|poke|p1|Scizor, M|
|poke|p1|Heatran, M|
|poke|p1|Clefable, F|
|poke|p2|Azumarill, M|
|poke|p2|Mimikyu, F|
|poke|p2|Altaria, F|
|poke|p2|Togekiss, F|
|poke|p2|Vileplume, M|
|poke|p2|Umbreon, M|
|teampreview
|inactive|Battle timer is ON: inactive players will automatically lose when time's up. (requested by Road to hellyeah)
|
|t:|1641706371
|start
|switch|p1a: Scizor|Scizor, M|100/100
|switch|p2a: Mimikyu|Mimikyu, F|100/100
|turn|1
|
|t:|1641706377
|move|p1a: Scizor|Bullet Punch|p2a: Mimikyu
|-activate|p2a: Mimikyu|ability: Disguise
|-damage|p2a: Mimikyu|100/100
|detailschange|p2a: Mimikyu|Mimikyu-Busted, F
|-damage|p2a: Mimikyu|88/100|[from] pokemon: Mimikyu-Busted
|move|p2a: Mimikyu|Swords Dance|p2a: Mimikyu
|-boost|p2a: Mimikyu|atk|2
|
|upkeep
|turn|2
|
|t:|1641706391
|move|p2a: Mimikyu|Shadow Sneak|p1a: Scizor
|-damage|p1a: Scizor|68/100
|-damage|p2a: Mimikyu|78/100|[from] item: Life Orb
|move|p1a: Scizor|Bullet Punch|p2a: Mimikyu
|-supereffective|p2a: Mimikyu
|-damage|p2a: Mimikyu|0 fnt
|faint|p2a: Mimikyu
|
|-heal|p1a: Scizor|74/100|[from] item: Leftovers
|upkeep
|
|t:|1641706416
|switch|p2a: Umbreon|Umbreon, M, shiny|100/100
|turn|3
|
|t:|1641706423
|move|p1a: Scizor|Swords Dance|p1a: Scizor
|-boost|p1a: Scizor|atk|2
|move|p2a: Umbreon|Foul Play|p1a: Scizor
|-damage|p1a: Scizor|18/100
|
|-heal|p1a: Scizor|24/100|[from] item: Leftovers
|upkeep
|turn|4
|
|t:|1641706445
|switch|p1a: Clefable|Clefable, F|100/100
|move|p2a: Umbreon|Foul Play|p1a: Clefable
|-resisted|p1a: Clefable
|-damage|p1a: Clefable|94/100
|
|-heal|p1a: Clefable|99/100|[from] item: Leftovers
|upkeep
|turn|5
|
|t:|1641706460
|move|p2a: Umbreon|Wish|p2a: Umbreon
|move|p1a: Clefable|Moonblast|p2a: Umbreon
|-supereffective|p2a: Umbreon
|-damage|p2a: Umbreon|65/100
|
|-heal|p2a: Umbreon|71/100|[from] item: Leftovers
|-heal|p1a: Clefable|100/100|[from] item: Leftovers
|upkeep
|turn|6
|
|t:|1641706467
|switch|p2a: Togekiss|Togekiss, F|100/100
|move|p1a: Clefable|Calm Mind|p1a: Clefable
|-boost|p1a: Clefable|spa|1
|-boost|p1a: Clefable|spd|1
|
|upkeep
|turn|7
|
|t:|1641706473
|move|p2a: Togekiss|Nasty Plot|p2a: Togekiss
|-boost|p2a: Togekiss|spa|2
|move|p1a: Clefable|Thunderbolt|p2a: Togekiss
|-supereffective|p2a: Togekiss
|-damage|p2a: Togekiss|55/100
|
|-heal|p2a: Togekiss|61/100|[from] item: Leftovers
|upkeep
|turn|8
|
|t:|1641706480
|move|p2a: Togekiss|Air Slash|p1a: Clefable
|-damage|p1a: Clefable|83/100
|move|p1a: Clefable|Thunderbolt|p2a: Togekiss
|-supereffective|p2a: Togekiss
|-damage|p2a: Togekiss|12/100
|
|-heal|p2a: Togekiss|18/100|[from] item: Leftovers
|-heal|p1a: Clefable|89/100|[from] item: Leftovers
|upkeep
|turn|9
|
|t:|1641706490
|move|p2a: Togekiss|Roost|p2a: Togekiss
|-heal|p2a: Togekiss|68/100
|-singleturn|p2a: Togekiss|move: Roost
|move|p1a: Clefable|Thunderbolt|p2a: Togekiss
|-damage|p2a: Togekiss|43/100
|-status|p2a: Togekiss|par
|
|-heal|p1a: Clefable|95/100|[from] item: Leftovers
|-heal|p2a: Togekiss|49/100 par|[from] item: Leftovers
|upkeep
|turn|10
|
|t:|1641706500
|move|p1a: Clefable|Calm Mind|p1a: Clefable
|-boost|p1a: Clefable|spa|1
|-boost|p1a: Clefable|spd|1
|move|p2a: Togekiss|Roost|p2a: Togekiss
|-heal|p2a: Togekiss|99/100 par
|-singleturn|p2a: Togekiss|move: Roost
|
|-heal|p1a: Clefable|100/100|[from] item: Leftovers
|-heal|p2a: Togekiss|100/100 par|[from] item: Leftovers
|upkeep
|turn|11
|
|t:|1641706511
|switch|p2a: Vileplume|Vileplume, M|100/100
|move|p1a: Clefable|Thunderbolt|p2a: Vileplume
|-resisted|p2a: Vileplume
|-damage|p2a: Vileplume|80/100
|-status|p2a: Vileplume|par
|
|-heal|p2a: Vileplume|86/100 par|[from] item: Black Sludge
|upkeep
|turn|12
|
|t:|1641706521
|move|p1a: Clefable|Moonblast|p2a: Vileplume
|-resisted|p2a: Vileplume
|-damage|p2a: Vileplume|53/100 par
|move|p2a: Vileplume|Sludge Bomb|p1a: Clefable
|-supereffective|p1a: Clefable
|-crit|p1a: Clefable
|-damage|p1a: Clefable|0 fnt
|faint|p1a: Clefable
|
|-heal|p2a: Vileplume|59/100 par|[from] item: Black Sludge
|upkeep
|
|t:|1641706535
|switch|p1a: Moltres|Moltres-Galar|100/100
|turn|13
|
|t:|1641706540
|switch|p2a: Togekiss|Togekiss, F|100/100 par
|move|p1a: Moltres|Agility|p1a: Moltres
|-boost|p1a: Moltres|spe|2
|
|upkeep
|turn|14
|
|t:|1641706546
|move|p1a: Moltres|Air Slash|p2a: Togekiss
|-damage|p2a: Togekiss|72/100 par
|cant|p2a: Togekiss|par
|
|-heal|p2a: Togekiss|78/100 par|[from] item: Leftovers
|upkeep
|turn|15
|
|t:|1641706552
|move|p1a: Moltres|Air Slash|p2a: Togekiss
|-damage|p2a: Togekiss|49/100 par
|move|p2a: Togekiss|Heal Bell|p2a: Togekiss
|-activate|p2a: Togekiss|move: Heal Bell
|-curestatus|p2a: Togekiss|par|[msg]
|-curestatus|p2: Vileplume|par|[msg]
|
|-heal|p2a: Togekiss|55/100|[from] item: Leftovers
|upkeep
|turn|16
|
|t:|1641706562
|move|p1a: Moltres|Air Slash|p2a: Togekiss
|-crit|p2a: Togekiss
|-damage|p2a: Togekiss|10/100
|move|p2a: Togekiss|Roost|p2a: Togekiss
|-heal|p2a: Togekiss|60/100
|-singleturn|p2a: Togekiss|move: Roost
|
|-heal|p2a: Togekiss|66/100|[from] item: Leftovers
|upkeep
|turn|17
|
|t:|1641706570
|move|p1a: Moltres|Fiery Wrath|p2a: Togekiss
|-resisted|p2a: Togekiss
|-damage|p2a: Togekiss|49/100
|move|p2a: Togekiss|Nasty Plot|p2a: Togekiss
|-boost|p2a: Togekiss|spa|2
|
|-heal|p2a: Togekiss|56/100|[from] item: Leftovers
|upkeep
|turn|18
|
|t:|1641706578
|move|p1a: Moltres|Taunt|p2a: Togekiss
|-start|p2a: Togekiss|move: Taunt
|cant|p2a: Togekiss|move: Taunt|Roost
|
|-heal|p2a: Togekiss|62/100|[from] item: Leftovers
|upkeep
|turn|19
|
|t:|1641706584
|move|p1a: Moltres|Air Slash|p2a: Togekiss
|-damage|p2a: Togekiss|32/100
|cant|p2a: Togekiss|flinch
|
|-heal|p2a: Togekiss|38/100|[from] item: Leftovers
|upkeep
|turn|20
|
|t:|1641706589
|move|p1a: Moltres|Air Slash|p2a: Togekiss
|-damage|p2a: Togekiss|7/100
|move|p2a: Togekiss|Air Slash|p1a: Moltres
|-damage|p1a: Moltres|52/100
|
|-heal|p2a: Togekiss|13/100|[from] item: Leftovers
|-end|p2a: Togekiss|move: Taunt
|upkeep
|turn|21
|
|t:|1641706597
|move|p1a: Moltres|Air Slash|p2a: Togekiss
|-damage|p2a: Togekiss|0 fnt
|faint|p2a: Togekiss
|
|upkeep
|
|t:|1641706603
|switch|p2a: Altaria|Altaria, F|100/100
|turn|22
|
|t:|1641706609
|move|p1a: Moltres|Taunt|p2a: Altaria
|-start|p2a: Altaria|move: Taunt
|cant|p2a: Altaria|move: Taunt|Dragon Dance
|
|upkeep
|turn|23
|
|t:|1641706615
|move|p1a: Moltres|Fiery Wrath|p2a: Altaria
|-damage|p2a: Altaria|54/100
|move|p2a: Altaria|Steel Wing|p1a: Moltres
|-damage|p1a: Moltres|31/100
|-ability|p1a: Moltres|Berserk|boost
|-boost|p1a: Moltres|spa|1
|
|-heal|p2a: Altaria|60/100|[from] item: Leftovers
|upkeep
|turn|24
|
|t:|1641706624
|move|p1a: Moltres|Fiery Wrath|p2a: Altaria
|-damage|p2a: Altaria|0 fnt
|faint|p2a: Altaria
|
|upkeep
|
|t:|1641706630
|switch|p2a: Azumarill|Azumarill, M|100/100
|turn|25
|
|t:|1641706643
|move|p2a: Azumarill|Aqua Jet|p1a: Moltres
|-damage|p1a: Moltres|3/100
|move|p1a: Moltres|Taunt|p2a: Azumarill
|-start|p2a: Azumarill|move: Taunt
|
|upkeep
|turn|26
|
|t:|1641706649
|move|p2a: Azumarill|Aqua Jet|p1a: Moltres
|-damage|p1a: Moltres|0 fnt
|faint|p1a: Moltres
|
|upkeep
|
|t:|1641706655
|switch|p1a: Tapu Bulu|Tapu Bulu|100/100
|-fieldstart|move: Grassy Terrain|[from] ability: Grassy Surge|[of] p1a: Tapu Bulu
|turn|27
|
|t:|1641706663
|switch|p2a: Vileplume|Vileplume, M|59/100
|move|p1a: Tapu Bulu|Horn Leech|p2a: Vileplume
|-resisted|p2a: Vileplume
|-damage|p2a: Vileplume|48/100
|
|-heal|p2a: Vileplume|54/100|[from] Grassy Terrain
|-heal|p2a: Vileplume|61/100|[from] item: Black Sludge
|upkeep
|turn|28
|
|t:|1641706675
|switch|p1a: Scizor|Scizor, M|24/100
|move|p2a: Vileplume|Sludge Bomb|p1a: Scizor
|-immune|p1a: Scizor
|
|-heal|p1a: Scizor|30/100|[from] Grassy Terrain
|-heal|p1a: Scizor|36/100|[from] item: Leftovers
|-heal|p2a: Vileplume|67/100|[from] Grassy Terrain
|-heal|p2a: Vileplume|73/100|[from] item: Black Sludge
|upkeep
|turn|29
|
|t:|1641706690
|switch|p2a: Azumarill|Azumarill, M|100/100
|move|p1a: Scizor|Roost|p1a: Scizor
|-heal|p1a: Scizor|86/100
|-singleturn|p1a: Scizor|move: Roost
|
|-heal|p1a: Scizor|92/100|[from] Grassy Terrain
|-heal|p1a: Scizor|98/100|[from] item: Leftovers
|upkeep
|turn|30
|
|t:|1641706704
|move|p1a: Scizor|Bullet Punch|p2a: Azumarill
|-damage|p2a: Azumarill|70/100
|move|p2a: Azumarill|Belly Drum|p2a: Azumarill
|-damage|p2a: Azumarill|20/100
|-setboost|p2a: Azumarill|atk|6|[from] move: Belly Drum
|-enditem|p2a: Azumarill|Sitrus Berry|[eat]
|-heal|p2a: Azumarill|45/100|[from] item: Sitrus Berry
|
|-heal|p2a: Azumarill|51/100|[from] Grassy Terrain
|-heal|p1a: Scizor|100/100|[from] Grassy Terrain
|upkeep
|turn|31
|
|t:|1641706719
|move|p2a: Azumarill|Aqua Jet|p1a: Scizor
|-damage|p1a: Scizor|32/100
|move|p1a: Scizor|Bullet Punch|p2a: Azumarill
|-damage|p2a: Azumarill|22/100
|
|-heal|p2a: Azumarill|28/100|[from] Grassy Terrain
|-heal|p1a: Scizor|38/100|[from] Grassy Terrain
|-heal|p1a: Scizor|44/100|[from] item: Leftovers
|-fieldend|move: Grassy Terrain
|upkeep
|turn|32
|
|t:|1641706728
|move|p2a: Azumarill|Aqua Jet|p1a: Scizor
|-damage|p1a: Scizor|0 fnt
|faint|p1a: Scizor
|
|upkeep
|
|t:|1641706731
|switch|p1a: Golisopod|Golisopod, M|100/100
|turn|33
|
|t:|1641706739
|move|p1a: Golisopod|First Impression|p2a: Azumarill
|-resisted|p2a: Azumarill
|-damage|p2a: Azumarill|0 fnt
|faint|p2a: Azumarill
|-damage|p1a: Golisopod|91/100|[from] item: Life Orb
|
|upkeep
|
|t:|1641706749
|switch|p2a: Vileplume|Vileplume, M|73/100
|turn|34
|c|☆Road to hellyeah|Gg
|
|t:|1641706754
|switch|p1a: Heatran|Heatran, M|100/100
|move|p2a: Vileplume|Sleep Powder|p1a: Heatran
|-status|p1a: Heatran|slp|[from] move: Sleep Powder
|
|-heal|p2a: Vileplume|79/100|[from] item: Black Sludge
|upkeep
|turn|35
|
|t:|1641706763
|cant|p1a: Heatran|slp
|move|p2a: Vileplume|Sludge Bomb|p1a: Heatran
|-immune|p1a: Heatran
|
|-heal|p2a: Vileplume|86/100|[from] item: Black Sludge
|upkeep
|turn|36
|
|t:|1641706769
|-curestatus|p1a: Heatran|slp|[msg]
|move|p1a: Heatran|Fire Blast|p2a: Vileplume
|-supereffective|p2a: Vileplume
|-damage|p2a: Vileplume|0 fnt
|faint|p2a: Vileplume
|
|upkeep
|
|t:|1641706775
|switch|p2a: Umbreon|Umbreon, M, shiny|71/100
|turn|37
|
|t:|1641706782
|move|p1a: Heatran|Toxic|p2a: Umbreon
|-status|p2a: Umbreon|tox
|-activate|p2a: Umbreon|ability: Synchronize
|-immune|p1a: Heatran
|move|p2a: Umbreon|Foul Play|p1a: Heatran
|-damage|p1a: Heatran|75/100
|
|-heal|p1a: Heatran|81/100|[from] item: Leftovers
|-heal|p2a: Umbreon|77/100 tox|[from] item: Leftovers
|-damage|p2a: Umbreon|71/100 tox|[from] psn
|upkeep
|turn|38
|
|t:|1641706793
|move|p1a: Heatran|Fire Blast|p2a: Umbreon
|-damage|p2a: Umbreon|47/100 tox
|move|p2a: Umbreon|Foul Play|p1a: Heatran
|-damage|p1a: Heatran|55/100
|
|-heal|p1a: Heatran|62/100|[from] item: Leftovers
|-heal|p2a: Umbreon|53/100 tox|[from] item: Leftovers
|-damage|p2a: Umbreon|41/100 tox|[from] psn
|upkeep
|turn|39
|
|t:|1641706804
|move|p1a: Heatran|Iron Head|p2a: Umbreon
|-damage|p2a: Umbreon|23/100 tox
|move|p2a: Umbreon|Wish|p2a: Umbreon
|
|-heal|p1a: Heatran|68/100|[from] item: Leftovers
|-heal|p2a: Umbreon|29/100 tox|[from] item: Leftovers
|-damage|p2a: Umbreon|10/100 tox|[from] psn
|upkeep
|turn|40
|
|t:|1641706811
|move|p2a: Umbreon|Protect|p2a: Umbreon
|-singleturn|p2a: Umbreon|Protect
|move|p1a: Heatran|Iron Head|p2a: Umbreon
|-activate|p2a: Umbreon|move: Protect
|
|-heal|p2a: Umbreon|60/100 tox|[from] move: Wish|[wisher] Umbreon
|-heal|p1a: Heatran|74/100|[from] item: Leftovers
|-heal|p2a: Umbreon|66/100 tox|[from] item: Leftovers
|-damage|p2a: Umbreon|42/100 tox|[from] psn
|upkeep
|turn|41
|
|t:|1641706834
|move|p1a: Heatran|Fire Blast|p2a: Umbreon|[miss]
|-miss|p1a: Heatran|p2a: Umbreon
|move|p2a: Umbreon|Heal Bell|p2a: Umbreon
|-activate|p2a: Umbreon|move: Heal Bell
|-curestatus|p2a: Umbreon|tox|[msg]
|
|-heal|p1a: Heatran|80/100|[from] item: Leftovers
|-heal|p2a: Umbreon|48/100|[from] item: Leftovers
|upkeep
|turn|42
|
|t:|1641706843
|move|p1a: Heatran|Fire Blast|p2a: Umbreon
|-damage|p2a: Umbreon|25/100
|move|p2a: Umbreon|Wish|p2a: Umbreon
|
|-heal|p1a: Heatran|87/100|[from] item: Leftovers
|-heal|p2a: Umbreon|31/100|[from] item: Leftovers
|upkeep
|turn|43
|
|t:|1641706850
|move|p2a: Umbreon|Protect|p2a: Umbreon
|-singleturn|p2a: Umbreon|Protect
|move|p1a: Heatran|Fire Blast|p2a: Umbreon
|-activate|p2a: Umbreon|move: Protect
|
|-heal|p2a: Umbreon|81/100|[from] move: Wish|[wisher] Umbreon
|-heal|p1a: Heatran|93/100|[from] item: Leftovers
|-heal|p2a: Umbreon|88/100|[from] item: Leftovers
|upkeep
|turn|44
|
|t:|1641706860
|move|p1a: Heatran|Toxic|p2a: Umbreon|[miss]
|-miss|p1a: Heatran|p2a: Umbreon
|move|p2a: Umbreon|Foul Play|p1a: Heatran
|-damage|p1a: Heatran|67/100
|
|-heal|p1a: Heatran|73/100|[from] item: Leftovers
|-heal|p2a: Umbreon|94/100|[from] item: Leftovers
|upkeep
|turn|45
|
|t:|1641706868
|move|p1a: Heatran|Toxic|p2a: Umbreon
|-status|p2a: Umbreon|tox
|-activate|p2a: Umbreon|ability: Synchronize
|-immune|p1a: Heatran
|move|p2a: Umbreon|Foul Play|p1a: Heatran
|-damage|p1a: Heatran|49/100
|
|-heal|p1a: Heatran|55/100|[from] item: Leftovers
|-heal|p2a: Umbreon|99/100 tox|[from] item: Leftovers
|-damage|p2a: Umbreon|94/100 tox|[from] psn
|upkeep
|turn|46
|
|t:|1641706878
|move|p1a: Heatran|Fire Blast|p2a: Umbreon
|-damage|p2a: Umbreon|70/100 tox
|move|p2a: Umbreon|Foul Play|p1a: Heatran
|-damage|p1a: Heatran|30/100
|
|-heal|p1a: Heatran|36/100|[from] item: Leftovers
|-heal|p2a: Umbreon|76/100 tox|[from] item: Leftovers
|-damage|p2a: Umbreon|64/100 tox|[from] psn
|upkeep
|turn|47
|
|t:|1641706891
|move|p1a: Heatran|Iron Head|p2a: Umbreon
|-damage|p2a: Umbreon|44/100 tox
|move|p2a: Umbreon|Wish|p2a: Umbreon
|
|-heal|p1a: Heatran|42/100|[from] item: Leftovers
|-heal|p2a: Umbreon|50/100 tox|[from] item: Leftovers
|-damage|p2a: Umbreon|32/100 tox|[from] psn
|upkeep
|turn|48
|
|t:|1641706899
|move|p2a: Umbreon|Protect|p2a: Umbreon
|-singleturn|p2a: Umbreon|Protect
|move|p1a: Heatran|Iron Head|p2a: Umbreon
|-activate|p2a: Umbreon|move: Protect
|
|-heal|p2a: Umbreon|82/100 tox|[from] move: Wish|[wisher] Umbreon
|-heal|p1a: Heatran|49/100|[from] item: Leftovers
|-heal|p2a: Umbreon|88/100 tox|[from] item: Leftovers
|-damage|p2a: Umbreon|64/100 tox|[from] psn
|upkeep
|turn|49
|
|t:|1641706909
|move|p1a: Heatran|Iron Head|p2a: Umbreon
|-damage|p2a: Umbreon|43/100 tox
|move|p2a: Umbreon|Heal Bell|p2a: Umbreon
|-activate|p2a: Umbreon|move: Heal Bell
|-curestatus|p2a: Umbreon|tox|[msg]
|
|-heal|p1a: Heatran|55/100|[from] item: Leftovers
|-heal|p2a: Umbreon|49/100|[from] item: Leftovers
|upkeep
|turn|50
|
|t:|1641706917
|move|p1a: Heatran|Toxic|p2a: Umbreon
|-status|p2a: Umbreon|tox
|-activate|p2a: Umbreon|ability: Synchronize
|-immune|p1a: Heatran
|move|p2a: Umbreon|Foul Play|p1a: Heatran
|-damage|p1a: Heatran|31/100
|
|-heal|p1a: Heatran|38/100|[from] item: Leftovers
|-heal|p2a: Umbreon|55/100 tox|[from] item: Leftovers
|-damage|p2a: Umbreon|49/100 tox|[from] psn
|upkeep
|turn|51
|
|t:|1641706929
|move|p1a: Heatran|Iron Head|p2a: Umbreon
|-damage|p2a: Umbreon|29/100 tox
|cant|p2a: Umbreon|flinch
|
|-heal|p1a: Heatran|44/100|[from] item: Leftovers
|-heal|p2a: Umbreon|35/100 tox|[from] item: Leftovers
|-damage|p2a: Umbreon|23/100 tox|[from] psn
|upkeep
|turn|52
|
|t:|1641706937
|move|p1a: Heatran|Iron Head|p2a: Umbreon
|-crit|p2a: Umbreon
|-damage|p2a: Umbreon|0 fnt
|faint|p2a: Umbreon
|
|win|Road to hellyeah
|raw|Road to hellyeah's rating: 1193 &rarr; <strong>1212</strong><br />(+19 for winning)
|raw|koredoko's rating: 1110 &rarr; <strong>1091</strong><br />(-19 for losing)
|c|☆koredoko|gg
|c|☆Road to hellyeah|Gg
|l|☆koredoko
