|j|☆SamukaAzul
|j|☆leosoulless69
|t:|1641736435
|gametype|singles
|player|p1|SamukaAzul|fisherman-gen4|1119
|player|p2|leosoulless69|roxie|1040
|teamsize|p1|6
|teamsize|p2|6
|gen|8
|tier|[Gen 8] OU
|rated|
|rule|Sleep Clause Mod: Limit one foe put to sleep
|rule|Species Clause: Limit one of each Pokémon
|rule|OHKO Clause: OHKO moves are banned
|rule|Evasion Moves Clause: Evasion moves are banned
|rule|Endless Battle Clause: Forcing endless battles is banned
|rule|HP Percentage Mod: HP is shown in percentages
|rule|Dynamax Clause: You cannot dynamax
|clearpoke
|poke|p1|Mandibuzz, F|
|poke|p1|Dubwool, M|
|poke|p1|Rapidash-Galar, M|
|poke|p1|Arctovish|
|poke|p1|Mienshao, M|
|poke|p1|Salazzle, F|
|poke|p2|Corviknight, M|
|poke|p2|Clefable, M|
|poke|p2|Bisharp, M|
|poke|p2|Ferrothorn, M|
|poke|p2|Toxapex, F|
|poke|p2|Dragapult, F|
|teampreview
|inactive|Battle timer is ON: inactive players will automatically lose when time's up. (requested by SamukaAzul)
|
|t:|1641736461
|start
|switch|p1a: Salazzle|Salazzle, F|100/100
|switch|p2a: Clefable|Clefable, M|100/100
|turn|1
|
|t:|1641736467
|move|p1a: Salazzle|Sludge Wave|p2a: Clefable
|-supereffective|p2a: Clefable
|-damage|p2a: Clefable|30/100
|move|p2a: Clefable|Light Screen|p2a: Clefable
|-sidestart|p2: leosoulless69|move: Light Screen
|
|-heal|p2a: Clefable|37/100|[from] item: Leftovers
|upkeep
|turn|2
|
|t:|1641736473
|move|p1a: Salazzle|Sludge Wave|p2a: Clefable
|-supereffective|p2a: Clefable
|-damage|p2a: Clefable|0 fnt
|faint|p2a: Clefable
|
|upkeep
|
|t:|1641736479
|switch|p2a: Toxapex|Toxapex, F|100/100
|turn|3
|
|t:|1641736485
|switch|p1a: Arctovish|Arctovish|100/100
|move|p2a: Toxapex|Baneful Bunker||[still]
|-fail|p2a: Toxapex
|
|upkeep
|turn|4
|
|t:|1641736491
|move|p1a: Arctovish|Psychic Fangs|p2a: Toxapex
|-sideend|p2: leosoulless69|move: Light Screen
|-supereffective|p2a: Toxapex
|-damage|p2a: Toxapex|71/100
|move|p2a: Toxapex|Knock Off|p1a: Arctovish
|-crit|p1a: Arctovish
|-damage|p1a: Arctovish|78/100
|-enditem|p1a: Arctovish|Choice Scarf|[from] move: Knock Off|[of] p2a: Toxapex
|
|-heal|p2a: Toxapex|77/100|[from] item: Leftovers
|upkeep
|turn|5
|
|t:|1641736510
|move|p2a: Toxapex|Baneful Bunker|p2a: Toxapex
|-singleturn|p2a: Toxapex|move: Protect
|move|p1a: Arctovish|Ancient Power|p2a: Toxapex
|-activate|p2a: Toxapex|move: Protect
|
|-heal|p2a: Toxapex|83/100|[from] item: Leftovers
|upkeep
|turn|6
|
|t:|1641736516
|move|p2a: Toxapex|Baneful Bunker|p2a: Toxapex
|-singleturn|p2a: Toxapex|move: Protect
|move|p1a: Arctovish|Ancient Power|p2a: Toxapex
|-activate|p2a: Toxapex|move: Protect
|
|-heal|p2a: Toxapex|89/100|[from] item: Leftovers
|upkeep
|turn|7
|
|t:|1641736523
|move|p2a: Toxapex|Baneful Bunker||[still]
|-fail|p2a: Toxapex
|move|p1a: Arctovish|Ancient Power|p2a: Toxapex
|-damage|p2a: Toxapex|78/100
|
|-heal|p2a: Toxapex|84/100|[from] item: Leftovers
|upkeep
|turn|8
|
|t:|1641736529
|move|p1a: Arctovish|Freeze-Dry|p2a: Toxapex
|-supereffective|p2a: Toxapex
|-damage|p2a: Toxapex|51/100
|move|p2a: Toxapex|Cross Poison|p1a: Arctovish
|-damage|p1a: Arctovish|61/100
|
|-heal|p2a: Toxapex|57/100|[from] item: Leftovers
|upkeep
|turn|9
|
|t:|1641736543
|move|p1a: Arctovish|Psychic Fangs|p2a: Toxapex
|-supereffective|p2a: Toxapex
|-damage|p2a: Toxapex|28/100
|move|p2a: Toxapex|Recover|p2a: Toxapex
|-heal|p2a: Toxapex|78/100
|
|-heal|p2a: Toxapex|84/100|[from] item: Leftovers
|upkeep
|turn|10
|
|t:|1641736563
|switch|p1a: Mandibuzz|Mandibuzz, F|100/100
|switch|p2a: Corviknight|Corviknight, M, shiny|100/100
|-ability|p2a: Corviknight|Pressure
|
|upkeep
|turn|11
|
|t:|1641736570
|move|p1a: Mandibuzz|Iron Defense|p1a: Mandibuzz
|-boost|p1a: Mandibuzz|def|2
|move|p2a: Corviknight|Bulk Up|p2a: Corviknight
|-boost|p2a: Corviknight|atk|1
|-boost|p2a: Corviknight|def|1
|
|upkeep
|turn|12
|
|t:|1641736577
|move|p1a: Mandibuzz|Knock Off|p2a: Corviknight
|-damage|p2a: Corviknight|80/100
|-enditem|p2a: Corviknight|Heavy-Duty Boots|[from] move: Knock Off|[of] p1a: Mandibuzz
|move|p2a: Corviknight|Bulk Up|p2a: Corviknight
|-boost|p2a: Corviknight|atk|1
|-boost|p2a: Corviknight|def|1
|
|upkeep
|turn|13
|
|t:|1641736587
|move|p1a: Mandibuzz|Iron Defense|p1a: Mandibuzz
|-boost|p1a: Mandibuzz|def|2
|move|p2a: Corviknight|Roost|p2a: Corviknight
|-heal|p2a: Corviknight|100/100
|-singleturn|p2a: Corviknight|move: Roost
|
|upkeep
|turn|14
|
|t:|1641736595
|move|p1a: Mandibuzz|Knock Off|p2a: Corviknight
|-damage|p2a: Corviknight|91/100
|move|p2a: Corviknight|Bulk Up|p2a: Corviknight
|-boost|p2a: Corviknight|atk|1
|-boost|p2a: Corviknight|def|1
|
|upkeep
|turn|15
|
|t:|1641736603
|move|p1a: Mandibuzz|Lash Out|p2a: Corviknight
|-damage|p2a: Corviknight|81/100
|move|p2a: Corviknight|Bulk Up|p2a: Corviknight
|-boost|p2a: Corviknight|atk|1
|-boost|p2a: Corviknight|def|1
|
|upkeep
|turn|16
|
|t:|1641736610
|move|p1a: Mandibuzz|Lash Out|p2a: Corviknight
|-damage|p2a: Corviknight|74/100
|move|p2a: Corviknight|Bulk Up|p2a: Corviknight
|-boost|p2a: Corviknight|atk|1
|-boost|p2a: Corviknight|def|1
|
|upkeep
|turn|17
|
|t:|1641736615
|move|p1a: Mandibuzz|Lash Out|p2a: Corviknight
|-damage|p2a: Corviknight|67/100
|move|p2a: Corviknight|Bulk Up|p2a: Corviknight
|-boost|p2a: Corviknight|atk|1
|-boost|p2a: Corviknight|def|1
|
|upkeep
|turn|18
|
|t:|1641736620
|move|p1a: Mandibuzz|Lash Out|p2a: Corviknight
|-damage|p2a: Corviknight|61/100
|move|p2a: Corviknight|Power Trip|p1a: Mandibuzz
|-resisted|p1a: Mandibuzz
|-damage|p1a: Mandibuzz|68/100
|
|-heal|p1a: Mandibuzz|75/100|[from] item: Leftovers
|upkeep
|turn|19
|
|t:|1641736626
|move|p1a: Mandibuzz|Iron Defense|p1a: Mandibuzz
|-boost|p1a: Mandibuzz|def|2
|move|p2a: Corviknight|Roost|p2a: Corviknight
|-heal|p2a: Corviknight|100/100
|-singleturn|p2a: Corviknight|move: Roost
|
|-heal|p1a: Mandibuzz|81/100|[from] item: Leftovers
|upkeep
|turn|20
|
|t:|1641736633
|move|p1a: Mandibuzz|Knock Off|p2a: Corviknight
|-damage|p2a: Corviknight|96/100
|move|p2a: Corviknight|Bulk Up|p2a: Corviknight
|-boost|p2a: Corviknight|atk|0
|-boost|p2a: Corviknight|def|0
|
|-heal|p1a: Mandibuzz|87/100|[from] item: Leftovers
|upkeep
|turn|21
|
|t:|1641736638
|move|p1a: Mandibuzz|Knock Off|p2a: Corviknight
|-damage|p2a: Corviknight|91/100
|move|p2a: Corviknight|Power Trip|p1a: Mandibuzz
|-resisted|p1a: Mandibuzz
|-damage|p1a: Mandibuzz|65/100
|
|-heal|p1a: Mandibuzz|71/100|[from] item: Leftovers
|upkeep
|turn|22
|
|t:|1641736645
|move|p1a: Mandibuzz|Knock Off|p2a: Corviknight
|-damage|p2a: Corviknight|86/100
|move|p2a: Corviknight|Power Trip|p1a: Mandibuzz
|-resisted|p1a: Mandibuzz
|-damage|p1a: Mandibuzz|49/100
|
|-heal|p1a: Mandibuzz|55/100|[from] item: Leftovers
|upkeep
|turn|23
|
|t:|1641736663
|switch|p1a: Dubwool|Dubwool, M|100/100
|move|p2a: Corviknight|Roost|p2a: Corviknight
|-heal|p2a: Corviknight|100/100
|-singleturn|p2a: Corviknight|move: Roost
|
|upkeep
|turn|24
|
|t:|1641736667
|move|p1a: Dubwool|Cotton Guard|p1a: Dubwool
|-boost|p1a: Dubwool|def|3
|move|p2a: Corviknight|Power Trip|p1a: Dubwool
|-damage|p1a: Dubwool|64/100
|
|-heal|p1a: Dubwool|70/100|[from] item: Leftovers
|upkeep
|turn|25
|
|t:|1641736671
|move|p1a: Dubwool|Cotton Guard|p1a: Dubwool
|-boost|p1a: Dubwool|def|3
|move|p2a: Corviknight|Power Trip|p1a: Dubwool
|-damage|p1a: Dubwool|47/100
|
|-heal|p1a: Dubwool|53/100|[from] item: Leftovers
|upkeep
|turn|26
|
|t:|1641736675
|move|p1a: Dubwool|Thunder Wave|p2a: Corviknight
|-status|p2a: Corviknight|par
|move|p2a: Corviknight|Roost||[still]
|-fail|p2a: Corviknight|heal
|
|-heal|p1a: Dubwool|59/100|[from] item: Leftovers
|upkeep
|turn|27
|
|t:|1641736679
|move|p1a: Dubwool|Body Press|p2a: Corviknight
|-damage|p2a: Corviknight|80/100 par
|cant|p2a: Corviknight|par
|
|-heal|p1a: Dubwool|65/100|[from] item: Leftovers
|upkeep
|turn|28
|
|t:|1641736683
|switch|p1a: Salazzle|Salazzle, F|100/100
|move|p2a: Corviknight|Power Trip|p1a: Salazzle
|-damage|p1a: Salazzle|0 fnt
|faint|p1a: Salazzle
|
|upkeep
|
|t:|1641736690
|switch|p1a: Arctovish|Arctovish|61/100
|turn|29
|
|t:|1641736700
|move|p1a: Arctovish|Freeze-Dry|p2a: Corviknight
|-damage|p2a: Corviknight|65/100 par
|move|p2a: Corviknight|Roost|p2a: Corviknight
|-heal|p2a: Corviknight|100/100 par
|-singleturn|p2a: Corviknight|move: Roost
|
|upkeep
|turn|30
|
|t:|1641736709
|move|p1a: Arctovish|Fishious Rend|p2a: Corviknight
|-damage|p2a: Corviknight|85/100 par
|move|p2a: Corviknight|Power Trip|p1a: Arctovish
|-damage|p1a: Arctovish|0 fnt
|faint|p1a: Arctovish
|
|upkeep
|
|t:|1641736720
|switch|p1a: Mienshao|Mienshao, M|100/100
|turn|31
|
|t:|1641736723
|move|p1a: Mienshao|Fake Out|p2a: Corviknight
|-resisted|p2a: Corviknight
|-damage|p2a: Corviknight|84/100 par
|cant|p2a: Corviknight|flinch
|
|upkeep
|turn|32
|
|t:|1641736727
|move|p1a: Mienshao|Focus Blast|p2a: Corviknight
|-damage|p2a: Corviknight|46/100 par
|move|p2a: Corviknight|Power Trip|p1a: Mienshao
|-resisted|p1a: Mienshao
|-damage|p1a: Mienshao|0 fnt
|faint|p1a: Mienshao
|
|upkeep
|
|t:|1641736738
|switch|p1a: Dubwool|Dubwool, M|65/100
|turn|33
|
|t:|1641736742
|move|p1a: Dubwool|Cotton Guard|p1a: Dubwool
|-boost|p1a: Dubwool|def|3
|cant|p2a: Corviknight|par
|
|-heal|p1a: Dubwool|71/100|[from] item: Leftovers
|upkeep
|turn|34
|
|t:|1641736746
|move|p1a: Dubwool|Cotton Guard|p1a: Dubwool
|-boost|p1a: Dubwool|def|3
|move|p2a: Corviknight|Roost|p2a: Corviknight
|-heal|p2a: Corviknight|96/100 par
|-singleturn|p2a: Corviknight|move: Roost
|
|-heal|p1a: Dubwool|77/100|[from] item: Leftovers
|upkeep
|turn|35
|
|t:|1641736749
|move|p1a: Dubwool|Body Press|p2a: Corviknight
|-damage|p2a: Corviknight|77/100 par
|move|p2a: Corviknight|Power Trip|p1a: Dubwool
|-damage|p1a: Dubwool|56/100
|
|-heal|p1a: Dubwool|62/100|[from] item: Leftovers
|upkeep
|turn|36
|
|t:|1641736754
|move|p1a: Dubwool|Body Press|p2a: Corviknight
|-damage|p2a: Corviknight|59/100 par
|cant|p2a: Corviknight|par
|
|-heal|p1a: Dubwool|68/100|[from] item: Leftovers
|upkeep
|turn|37
|
|t:|1641736758
|move|p1a: Dubwool|Body Press|p2a: Corviknight
|-damage|p2a: Corviknight|41/100 par
|move|p2a: Corviknight|Power Trip|p1a: Dubwool
|-damage|p1a: Dubwool|45/100
|
|-heal|p1a: Dubwool|51/100|[from] item: Leftovers
|upkeep
|turn|38
|
|t:|1641736763
|move|p1a: Dubwool|Body Press|p2a: Corviknight
|-damage|p2a: Corviknight|22/100 par
|cant|p2a: Corviknight|par
|
|-heal|p1a: Dubwool|57/100|[from] item: Leftovers
|upkeep
|turn|39
|
|t:|1641736767
|move|p1a: Dubwool|Body Press|p2a: Corviknight
|-damage|p2a: Corviknight|2/100 par
|move|p2a: Corviknight|Roost|p2a: Corviknight
|-heal|p2a: Corviknight|52/100 par
|-singleturn|p2a: Corviknight|move: Roost
|
|-heal|p1a: Dubwool|63/100|[from] item: Leftovers
|upkeep
|turn|40
|
|t:|1641736771
|move|p1a: Dubwool|Body Press|p2a: Corviknight
|-crit|p2a: Corviknight
|-damage|p2a: Corviknight|0 fnt
|faint|p2a: Corviknight
|
|-heal|p1a: Dubwool|69/100|[from] item: Leftovers
|upkeep
|
|t:|1641736774
|switch|p2a: Dragapult|Dragapult, F|100/100
|turn|41
|
|t:|1641736780
|move|p2a: Dragapult|Protect|p2a: Dragapult
|-singleturn|p2a: Dragapult|Protect
|move|p1a: Dubwool|Thunder Wave|p2a: Dragapult
|-activate|p2a: Dragapult|move: Protect
|
|-heal|p1a: Dubwool|75/100|[from] item: Leftovers
|upkeep
|turn|42
|
|t:|1641736788
|move|p2a: Dragapult|Protect||[still]
|-fail|p2a: Dragapult
|move|p1a: Dubwool|Thunder Wave|p2a: Dragapult
|-status|p2a: Dragapult|par
|
|-heal|p1a: Dubwool|81/100|[from] item: Leftovers
|upkeep
|turn|43
|
|t:|1641736791
|switch|p1a: Brazuca-|Rapidash-Galar, M, shiny|100/100
|cant|p2a: Dragapult|par
|
|upkeep
|turn|44
|
|t:|1641736796
|move|p1a: Brazuca-|Play Rough|p2a: Dragapult
|-supereffective|p2a: Dragapult
|-damage|p2a: Dragapult|0 fnt
|faint|p2a: Dragapult
|
|upkeep
|inactive|leosoulless69 has 120 seconds left.
|
|t:|1641736834
|switch|p2a: Toxapex|Toxapex, F|84/100
|turn|45
|inactive|leosoulless69 has 120 seconds left.
|
|t:|1641736845
|switch|p1a: Mandibuzz|Mandibuzz, F|55/100
|move|p2a: Toxapex|Baneful Bunker||[still]
|-fail|p2a: Toxapex
|
|-heal|p1a: Mandibuzz|61/100|[from] item: Leftovers
|-heal|p2a: Toxapex|90/100|[from] item: Leftovers
|upkeep
|turn|46
|
|t:|1641736849
|move|p1a: Mandibuzz|Knock Off|p2a: Toxapex
|-damage|p2a: Toxapex|69/100
|-enditem|p2a: Toxapex|Leftovers|[from] move: Knock Off|[of] p1a: Mandibuzz
|move|p2a: Toxapex|Cross Poison|p1a: Mandibuzz
|-damage|p1a: Mandibuzz|47/100
|
|-heal|p1a: Mandibuzz|53/100|[from] item: Leftovers
|upkeep
|turn|47
|
|t:|1641736856
|move|p1a: Mandibuzz|Iron Defense|p1a: Mandibuzz
|-boost|p1a: Mandibuzz|def|2
|move|p2a: Toxapex|Recover|p2a: Toxapex
|-heal|p2a: Toxapex|100/100
|
|-heal|p1a: Mandibuzz|59/100|[from] item: Leftovers
|upkeep
|turn|48
|
|t:|1641736875
|move|p1a: Mandibuzz|Defog|p2a: Toxapex
|-unboost|p2a: Toxapex|evasion|1
|move|p2a: Toxapex|Knock Off|p1a: Mandibuzz
|-resisted|p1a: Mandibuzz
|-damage|p1a: Mandibuzz|56/100
|-enditem|p1a: Mandibuzz|Leftovers|[from] move: Knock Off|[of] p2a: Toxapex
|
|upkeep
|turn|49
|
|t:|1641736883
|switch|p1a: Brazuca-|Rapidash-Galar, M, shiny|100/100
|move|p2a: Toxapex|Recover||[still]
|-fail|p2a: Toxapex|heal
|
|upkeep
|turn|50
|
|t:|1641736887
|move|p2a: Toxapex|Baneful Bunker|p2a: Toxapex
|-singleturn|p2a: Toxapex|move: Protect
|move|p1a: Brazuca-|Zen Headbutt|p2a: Toxapex
|-activate|p2a: Toxapex|move: Protect
|
|upkeep
|turn|51
|
|t:|1641736890
|move|p1a: Brazuca-|Zen Headbutt|p2a: Toxapex
|-supereffective|p2a: Toxapex
|-damage|p2a: Toxapex|60/100
|move|p2a: Toxapex|Cross Poison|p1a: Brazuca-
|-supereffective|p1a: Brazuca-
|-damage|p1a: Brazuca-|41/100
|
|upkeep
|turn|52
|
|t:|1641736898
|move|p2a: Toxapex|Baneful Bunker|p2a: Toxapex
|-singleturn|p2a: Toxapex|move: Protect
|move|p1a: Brazuca-|Zen Headbutt|p2a: Toxapex
|-activate|p2a: Toxapex|move: Protect
|
|upkeep
|turn|53
|
|t:|1641736913
|move|p1a: Brazuca-|Zen Headbutt|p2a: Toxapex
|-supereffective|p2a: Toxapex
|-damage|p2a: Toxapex|21/100
|move|p2a: Toxapex|Recover|p2a: Toxapex
|-heal|p2a: Toxapex|71/100
|
|upkeep
|turn|54
|
|t:|1641736916
|move|p1a: Brazuca-|Zen Headbutt|p2a: Toxapex
|-supereffective|p2a: Toxapex
|-damage|p2a: Toxapex|29/100
|move|p2a: Toxapex|Cross Poison|p1a: Brazuca-
|-supereffective|p1a: Brazuca-
|-damage|p1a: Brazuca-|0 fnt
|faint|p1a: Brazuca-
|
|upkeep
|
|t:|1641736925
|switch|p1a: Dubwool|Dubwool, M|81/100
|turn|55
|
|t:|1641736934
|move|p1a: Dubwool|Thunder Wave|p2a: Toxapex
|-status|p2a: Toxapex|par
|move|p2a: Toxapex|Recover|p2a: Toxapex
|-heal|p2a: Toxapex|79/100 par
|
|-heal|p1a: Dubwool|87/100|[from] item: Leftovers
|upkeep
|turn|56
|
|t:|1641736938
|move|p2a: Toxapex|Baneful Bunker|p2a: Toxapex
|-singleturn|p2a: Toxapex|move: Protect
|move|p1a: Dubwool|Cotton Guard|p1a: Dubwool
|-boost|p1a: Dubwool|def|3
|
|-heal|p1a: Dubwool|93/100|[from] item: Leftovers
|upkeep
|turn|57
|inactive|leosoulless69 has 120 seconds left.
|
|t:|1641736973
|move|p1a: Dubwool|Cotton Guard|p1a: Dubwool
|-boost|p1a: Dubwool|def|3
|move|p2a: Toxapex|Knock Off|p1a: Dubwool
|-damage|p1a: Dubwool|92/100
|-enditem|p1a: Dubwool|Leftovers|[from] move: Knock Off|[of] p2a: Toxapex
|
|upkeep
|turn|58
|
|t:|1641736982
|move|p2a: Toxapex|Baneful Bunker|p2a: Toxapex
|-singleturn|p2a: Toxapex|move: Protect
|move|p1a: Dubwool|Body Press|p2a: Toxapex
|-activate|p2a: Toxapex|move: Protect
|-status|p1a: Dubwool|psn
|
|-damage|p1a: Dubwool|79/100 psn|[from] psn
|upkeep
|turn|59
|inactive|leosoulless69 has 120 seconds left.
|
|t:|1641737002
|move|p1a: Dubwool|Body Press|p2a: Toxapex
|-resisted|p2a: Toxapex
|-damage|p2a: Toxapex|49/100 par
|move|p2a: Toxapex|Cross Poison|p1a: Dubwool
|-crit|p1a: Dubwool
|-damage|p1a: Dubwool|69/100 psn
|
|-damage|p1a: Dubwool|57/100 psn|[from] psn
|upkeep
|turn|60
|
|t:|1641737011
|move|p1a: Dubwool|Cotton Guard|p1a: Dubwool
|-boost|p1a: Dubwool|def|0
|move|p2a: Toxapex|Recover|p2a: Toxapex
|-heal|p2a: Toxapex|99/100 par
|
|-damage|p1a: Dubwool|44/100 psn|[from] psn
|upkeep
|turn|61
|
|t:|1641737015
|switch|p1a: Mandibuzz|Mandibuzz, F|56/100
|move|p2a: Toxapex|Cross Poison|p1a: Mandibuzz
|-damage|p1a: Mandibuzz|42/100
|
|upkeep
|turn|62
|-message|SamukaAzul forfeited.
|
|win|leosoulless69
|raw|SamukaAzul's rating: 1119 &rarr; <strong>1088</strong><br />(-31 for losing)
|raw|leosoulless69's rating: 1040 &rarr; <strong>1082</strong><br />(+42 for winning)
|l|☆SamukaAzul
