|j|☆KunstTime
|j|☆Rage2LaVendetta
|inactive|Battle timer is ON: inactive players will automatically lose when time's up.
|t:|1641755724
|gametype|singles
|player|p1|KunstTime|volkner|
|player|p2|Rage2LaVendetta|flint|
|teamsize|p1|6
|teamsize|p2|6
|gen|8
|tier|[Gen 8] OU
|rated|Tournament battle
|rule|Sleep Clause Mod: Limit one foe put to sleep
|rule|Species Clause: Limit one of each Pokémon
|rule|OHKO Clause: OHKO moves are banned
|rule|Evasion Moves Clause: Evasion moves are banned
|rule|Endless Battle Clause: Forcing endless battles is banned
|rule|HP Percentage Mod: HP is shown in percentages
|rule|Dynamax Clause: You cannot dynamax
|clearpoke
|poke|p1|Tornadus-Therian, M|
|poke|p1|Dragapult, M|
|poke|p1|Melmetal|
|poke|p1|Weavile, F|
|poke|p1|Landorus-Therian, M|
|poke|p1|Slowking, F|
|poke|p2|Volcarona, M|
|poke|p2|Tyranitar, F|
|poke|p2|Gastrodon, F|
|poke|p2|Excadrill, M|
|poke|p2|Hippowdon, M|
|poke|p2|Kartana|
|teampreview
|c|☆KunstTime|glhf
|
|t:|1641755733
|start
|switch|p1a: Dragapult|Dragapult, M|100/100
|switch|p2a: Mr. Costituzione|Hippowdon, M|100/100
|-weather|Sandstorm|[from] ability: Sand Stream|[of] p2a: Mr. Costituzione
|turn|1
|c|☆Rage2LaVendetta|glhf
|
|t:|1641755741
|move|p1a: Dragapult|Draco Meteor|p2a: Mr. Costituzione
|-damage|p2a: Mr. Costituzione|56/100
|-unboost|p1a: Dragapult|spa|2
|move|p2a: Mr. Costituzione|Earthquake|p1a: Dragapult
|-crit|p1a: Dragapult
|-damage|p1a: Dragapult|20/100
|
|-weather|Sandstorm|[upkeep]
|-damage|p1a: Dragapult|14/100|[from] Sandstorm
|upkeep
|turn|2
|
|t:|1641755747
|switch|p1a: Slowking|Slowking, F|100/100
|move|p2a: Mr. Costituzione|Stealth Rock|p1a: Slowking
|-sidestart|p1: KunstTime|move: Stealth Rock
|
|-weather|Sandstorm|[upkeep]
|-damage|p1a: Slowking|94/100|[from] Sandstorm
|upkeep
|turn|3
|
|t:|1641755752
|move|p2a: Mr. Costituzione|Toxic|p1a: Slowking
|-status|p1a: Slowking|tox
|move|p1a: Slowking|Teleport|p1a: Slowking
|
|t:|1641755755
|switch|p1a: Tornadus|Tornadus-Therian, M|100/100|[from]move: Teleport
|
|-weather|Sandstorm|[upkeep]
|-damage|p1a: Tornadus|94/100|[from] Sandstorm
|upkeep
|turn|4
|j|@Kabilapok ❄
|
|t:|1641755760
|move|p1a: Tornadus|Hurricane|p2a: Mr. Costituzione|[miss]
|-miss|p1a: Tornadus|p2a: Mr. Costituzione
|move|p2a: Mr. Costituzione|Toxic|p1a: Tornadus
|-status|p1a: Tornadus|tox
|
|-weather|Sandstorm|[upkeep]
|-damage|p1a: Tornadus|88/100 tox|[from] Sandstorm
|-damage|p1a: Tornadus|82/100 tox|[from] psn
|upkeep
|turn|5
|
|t:|1641755767
|move|p1a: Tornadus|Hurricane|p2a: Mr. Costituzione
|-damage|p2a: Mr. Costituzione|19/100
|move|p2a: Mr. Costituzione|Slack Off|p2a: Mr. Costituzione
|-heal|p2a: Mr. Costituzione|69/100
|
|-weather|Sandstorm|[upkeep]
|-damage|p1a: Tornadus|76/100 tox|[from] Sandstorm
|-damage|p1a: Tornadus|64/100 tox|[from] psn
|upkeep
|turn|6
|
|t:|1641755773
|move|p1a: Tornadus|Nasty Plot|p1a: Tornadus
|-boost|p1a: Tornadus|spa|2
|move|p2a: Mr. Costituzione|Slack Off|p2a: Mr. Costituzione
|-heal|p2a: Mr. Costituzione|100/100
|
|-weather|Sandstorm|[upkeep]
|-damage|p1a: Tornadus|58/100 tox|[from] Sandstorm
|-damage|p1a: Tornadus|40/100 tox|[from] psn
|upkeep
|turn|7
|
|t:|1641755777
|move|p1a: Tornadus|Hurricane|p2a: Mr. Costituzione
|-damage|p2a: Mr. Costituzione|22/100
|move|p2a: Mr. Costituzione|Slack Off|p2a: Mr. Costituzione
|-heal|p2a: Mr. Costituzione|72/100
|
|-weather|Sandstorm|[upkeep]
|-damage|p1a: Tornadus|34/100 tox|[from] Sandstorm
|-damage|p1a: Tornadus|10/100 tox|[from] psn
|upkeep
|turn|8
|
|t:|1641755786
|move|p1a: Tornadus|Focus Blast|p2a: Mr. Costituzione|[miss]
|-miss|p1a: Tornadus|p2a: Mr. Costituzione
|move|p2a: Mr. Costituzione|Slack Off|p2a: Mr. Costituzione
|-heal|p2a: Mr. Costituzione|100/100
|
|-weather|none
|-damage|p1a: Tornadus|0 fnt|[from] psn
|faint|p1a: Tornadus
|upkeep
|
|t:|1641755790
|switch|p1a: Weavile|Weavile, F|100/100
|-ability|p1a: Weavile|Pressure
|turn|9
|
|t:|1641755797
|switch|p2a: Tyranitar|Tyranitar, F|100/100
|-weather|Sandstorm|[from] ability: Sand Stream|[of] p2a: Tyranitar
|move|p1a: Weavile|Swords Dance|p1a: Weavile
|-boost|p1a: Weavile|atk|2
|
|-weather|Sandstorm|[upkeep]
|-damage|p1a: Weavile|94/100|[from] Sandstorm
|upkeep
|turn|10
|
|t:|1641755804
|move|p1a: Weavile|Triple Axel|p2a: Tyranitar
|-damage|p2a: Tyranitar|80/100
|-damage|p2a: Tyranitar|42/100
|-damage|p2a: Tyranitar|0 fnt
|faint|p2a: Tyranitar
|-hitcount|p2: Tyranitar|3
|
|-weather|Sandstorm|[upkeep]
|-damage|p1a: Weavile|88/100|[from] Sandstorm
|upkeep
|
|t:|1641755809
|switch|p2a: Excadrill|Excadrill, M|100/100
|turn|11
|
|t:|1641755811
|switch|p1a: Landorus|Landorus-Therian, M|100/100
|-damage|p1a: Landorus|88/100|[from] Stealth Rock
|-ability|p1a: Landorus|Intimidate|boost
|-unboost|p2a: Excadrill|atk|1
|move|p2a: Excadrill|Iron Head|p1a: Landorus
|-damage|p1a: Landorus|66/100
|
|-weather|Sandstorm|[upkeep]
|-heal|p1a: Landorus|72/100|[from] item: Leftovers
|upkeep
|turn|12
|
|t:|1641755819
|switch|p2a: Gastrodon|Gastrodon, F|100/100
|move|p1a: Landorus|Toxic|p2a: Gastrodon
|-status|p2a: Gastrodon|tox
|
|-weather|Sandstorm|[upkeep]
|-heal|p1a: Landorus|78/100|[from] item: Leftovers
|-damage|p2a: Gastrodon|94/100 tox|[from] psn
|upkeep
|turn|13
|
|t:|1641755824
|move|p1a: Landorus|U-turn|p2a: Gastrodon
|-damage|p2a: Gastrodon|71/100 tox
|
|t:|1641755827
|switch|p1a: Slowking|Slowking, F|100/100 tox|[from]move: U-turn
|move|p2a: Gastrodon|Scald|p1a: Slowking
|-resisted|p1a: Slowking
|-damage|p1a: Slowking|92/100 tox
|
|-weather|none
|-heal|p2a: Gastrodon|77/100 tox|[from] item: Leftovers
|-damage|p2a: Gastrodon|65/100 tox|[from] psn
|-damage|p1a: Slowking|86/100 tox|[from] psn
|upkeep
|turn|14
|j| Lelitedelastrat
|
|t:|1641755833
|move|p2a: Gastrodon|Recover|p2a: Gastrodon
|-heal|p2a: Gastrodon|100/100 tox
|move|p1a: Slowking|Future Sight|p2a: Gastrodon
|-start|p1a: Slowking|move: Future Sight
|
|-damage|p2a: Gastrodon|82/100 tox|[from] psn
|-damage|p1a: Slowking|74/100 tox|[from] psn
|upkeep
|turn|15
|
|t:|1641755839
|switch|p2a: Volcarona|Volcarona, M|100/100
|move|p1a: Slowking|Teleport|p1a: Slowking
|j| Chose Truc
|l| Lelitedelastrat
|l| Chose Truc
|
|t:|1641755844
|switch|p1a: Dragapult|Dragapult, M|14/100|[from]move: Teleport
|
|upkeep
|turn|16
|
|t:|1641755848
|move|p1a: Dragapult|Thunder Wave|p2a: Volcarona
|-status|p2a: Volcarona|par
|move|p2a: Volcarona|Quiver Dance|p2a: Volcarona
|-boost|p2a: Volcarona|spa|1
|-boost|p2a: Volcarona|spd|1
|-boost|p2a: Volcarona|spe|1
|
|-end|p2a: Volcarona|move: Future Sight
|-damage|p2a: Volcarona|72/100 par
|upkeep
|turn|17
|j| Chose Truc
|
|t:|1641755854
|move|p1a: Dragapult|Hex|p2a: Volcarona
|-damage|p2a: Volcarona|30/100 par
|move|p2a: Volcarona|Quiver Dance|p2a: Volcarona
|-boost|p2a: Volcarona|spa|1
|-boost|p2a: Volcarona|spd|1
|-boost|p2a: Volcarona|spe|1
|
|upkeep
|turn|18
|
|t:|1641755859
|move|p1a: Dragapult|Hex|p2a: Volcarona
|-damage|p2a: Volcarona|0 fnt
|faint|p2a: Volcarona
|
|upkeep
|
|t:|1641755864
|switch|p2a: Mr. Costituzione|Hippowdon, M|100/100
|-weather|Sandstorm|[from] ability: Sand Stream|[of] p2a: Mr. Costituzione
|turn|19
|
|t:|1641755869
|switch|p1a: Slowking|Slowking, F|100/100 tox
|move|p2a: Mr. Costituzione|Earthquake|p1a: Slowking
|-damage|p1a: Slowking|59/100 tox
|
|-weather|Sandstorm|[upkeep]
|-damage|p1a: Slowking|53/100 tox|[from] Sandstorm
|-damage|p1a: Slowking|47/100 tox|[from] psn
|upkeep
|turn|20
|
|t:|1641755876
|move|p2a: Mr. Costituzione|Earthquake|p1a: Slowking
|-damage|p1a: Slowking|6/100 tox
|move|p1a: Slowking|Scald|p2a: Mr. Costituzione
|-supereffective|p2a: Mr. Costituzione
|-damage|p2a: Mr. Costituzione|63/100
|
|-weather|Sandstorm|[upkeep]
|-damage|p1a: Slowking|0 fnt|[from] Sandstorm
|faint|p1a: Slowking
|upkeep
|
|t:|1641755879
|switch|p1a: Weavile|Weavile, F|88/100
|-ability|p1a: Weavile|Pressure
|turn|21
|
|t:|1641755884
|move|p1a: Weavile|Triple Axel|p2a: Mr. Costituzione
|-supereffective|p2a: Mr. Costituzione
|-damage|p2a: Mr. Costituzione|49/100
|-supereffective|p2a: Mr. Costituzione
|-damage|p2a: Mr. Costituzione|20/100
|-supereffective|p2a: Mr. Costituzione
|-damage|p2a: Mr. Costituzione|0 fnt
|faint|p2a: Mr. Costituzione
|-hitcount|p2: Mr. Costituzione|3
|
|-weather|Sandstorm|[upkeep]
|-damage|p1a: Weavile|82/100|[from] Sandstorm
|upkeep
|
|t:|1641755886
|switch|p2a: Excadrill|Excadrill, M|100/100
|turn|22
|
|t:|1641755891
|switch|p1a: Landorus|Landorus-Therian, M|78/100
|-damage|p1a: Landorus|66/100|[from] Stealth Rock
|-ability|p1a: Landorus|Intimidate|boost
|-unboost|p2a: Excadrill|atk|1
|move|p2a: Excadrill|Iron Head|p1a: Landorus
|-damage|p1a: Landorus|45/100
|
|-weather|Sandstorm|[upkeep]
|-heal|p1a: Landorus|51/100|[from] item: Leftovers
|upkeep
|turn|23
|
|t:|1641755899
|switch|p2a: Gastrodon|Gastrodon, F|82/100 tox
|move|p1a: Landorus|Earthquake|p2a: Gastrodon
|-damage|p2a: Gastrodon|29/100 tox
|
|-weather|Sandstorm|[upkeep]
|-heal|p1a: Landorus|57/100|[from] item: Leftovers
|-heal|p2a: Gastrodon|35/100 tox|[from] item: Leftovers
|-damage|p2a: Gastrodon|29/100 tox|[from] psn
|upkeep
|turn|24
|
|t:|1641755906
|move|p1a: Landorus|Earthquake|p2a: Gastrodon
|-damage|p2a: Gastrodon|0 fnt
|faint|p2a: Gastrodon
|
|-weather|Sandstorm|[upkeep]
|-heal|p1a: Landorus|63/100|[from] item: Leftovers
|upkeep
|
|t:|1641755910
|switch|p2a: Kartana|Kartana|100/100
|turn|25
|j| Oldcvcv
|j|%Menacce17
|l| Oldcvcv
|
|t:|1641755916
|move|p2a: Kartana|Leaf Blade|p1a: Landorus
|-damage|p1a: Landorus|7/100
|-damage|p2a: Kartana|91/100|[from] item: Life Orb
|move|p1a: Landorus|Earthquake|p2a: Kartana
|-damage|p2a: Kartana|38/100
|
|-weather|Sandstorm|[upkeep]
|-heal|p1a: Landorus|13/100|[from] item: Leftovers
|upkeep
|turn|26
|
|t:|1641755922
|move|p2a: Kartana|Leaf Blade|p1a: Landorus
|-damage|p1a: Landorus|0 fnt
|faint|p1a: Landorus
|-ability|p2a: Kartana|Beast Boost|boost
|-boost|p2a: Kartana|atk|1
|-damage|p2a: Kartana|29/100|[from] item: Life Orb
|
|-weather|none
|upkeep
|
|t:|1641755926
|switch|p1a: Melmetal|Melmetal|100/100
|-damage|p1a: Melmetal|94/100|[from] Stealth Rock
|turn|27
|l|%Menacce17
|
|t:|1641755929
|move|p2a: Kartana|Sacred Sword|p1a: Melmetal
|-supereffective|p1a: Melmetal
|-damage|p1a: Melmetal|0 fnt
|faint|p1a: Melmetal
|-ability|p2a: Kartana|Beast Boost|boost
|-boost|p2a: Kartana|atk|1
|-damage|p2a: Kartana|19/100|[from] item: Life Orb
|
|upkeep
|
|t:|1641755935
|switch|p1a: Weavile|Weavile, F|82/100
|-ability|p1a: Weavile|Pressure
|turn|28
|
|t:|1641755940
|move|p1a: Weavile|Ice Shard|p2a: Kartana
|-damage|p2a: Kartana|0 fnt
|faint|p2a: Kartana
|
|upkeep
|
|t:|1641755942
|switch|p2a: Excadrill|Excadrill, M|100/100
|turn|29
|j| Matveiii
|
|t:|1641755944
|move|p1a: Weavile|Triple Axel|p2a: Excadrill
|-damage|p2a: Excadrill|86/100
|-damage|p2a: Excadrill|59/100
|-damage|p2a: Excadrill|14/100
|-hitcount|p2a: Excadrill|3
|move|p2a: Excadrill|Iron Head|p1a: Weavile
|-supereffective|p1a: Weavile
|-damage|p1a: Weavile|0 fnt
|faint|p1a: Weavile
|
|-heal|p2a: Excadrill|20/100|[from] item: Leftovers
|upkeep
|
|t:|1641755951
|switch|p1a: Dragapult|Dragapult, M|14/100
|turn|30
|c|☆Rage2LaVendetta|gg
|
|t:|1641755954
|move|p1a: Dragapult|Hex|p2a: Excadrill
|-damage|p2a: Excadrill|0 fnt
|faint|p2a: Excadrill
|
|win|KunstTime
|n|☆KunstTime|kunsttime
|n|☆Rage2LaVendetta|rage2lavendetta
|n| Kabilapok ❄|kabilapok
|n| Chose Truc|chosetruc
|n| Matveiii|matveiii
