|j|☆Xadenas
|j|☆VianaVolk
|t:|1641737362
|gametype|singles
|player|p1|Xadenas|brawly|1128
|player|p2|VianaVolk|volkner|1179
|teamsize|p1|6
|teamsize|p2|6
|gen|8
|tier|[Gen 8] OU
|rated|
|rule|Sleep Clause Mod: Limit one foe put to sleep
|rule|Species Clause: Limit one of each Pokémon
|rule|OHKO Clause: OHKO moves are banned
|rule|Evasion Moves Clause: Evasion moves are banned
|rule|Endless Battle Clause: Forcing endless battles is banned
|rule|HP Percentage Mod: HP is shown in percentages
|rule|Dynamax Clause: You cannot dynamax
|clearpoke
|poke|p1|Blastoise, F|
|poke|p1|Boltund, F|
|poke|p1|Rotom-Heat|
|poke|p1|Jirachi|
|poke|p1|Cobalion|
|poke|p1|Weavile, F|
|poke|p2|Hippowdon, F|
|poke|p2|Regieleki|
|poke|p2|Urshifu-*, M|
|poke|p2|Tornadus-Therian, M|
|poke|p2|Blacephalon|
|poke|p2|Kartana|
|teampreview
|inactive|Battle timer is ON: inactive players will automatically lose when time's up. (requested by Xadenas)
|
|t:|1641737417
|start
|switch|p1a: Rotom|Rotom-Heat|100/100
|switch|p2a: Regieleki|Regieleki, shiny|100/100
|turn|1
|inactive|VianaVolk has 120 seconds left.
|
|t:|1641737451
|switch|p2a: Hippowdon|Hippowdon, F|100/100
|move|p1a: Rotom|Will-O-Wisp|p2a: Hippowdon
|-status|p2a: Hippowdon|brn
|
|-damage|p2a: Hippowdon|94/100 brn|[from] brn
|upkeep
|turn|2
|
|t:|1641737470
|move|p1a: Rotom|Overheat|p2a: Hippowdon
|-damage|p2a: Hippowdon|41/100 brn
|-unboost|p1a: Rotom|spa|2
|move|p2a: Hippowdon|Stealth Rock|p1a: Rotom
|-sidestart|p1: Xadenas|move: Stealth Rock
|
|-heal|p2a: Hippowdon|47/100 brn|[from] item: Leftovers
|-damage|p2a: Hippowdon|41/100 brn|[from] brn
|upkeep
|turn|3
|
|t:|1641737481
|move|p1a: Rotom|Defog|p2a: Hippowdon
|-unboost|p2a: Hippowdon|evasion|1
|-sideend|p1: Xadenas|Stealth Rock|[from] move: Defog|[of] p1a: Rotom
|move|p2a: Hippowdon|Slack Off|p2a: Hippowdon
|-heal|p2a: Hippowdon|91/100 brn
|
|-heal|p2a: Hippowdon|97/100 brn|[from] item: Leftovers
|-damage|p2a: Hippowdon|91/100 brn|[from] brn
|upkeep
|turn|4
|
|t:|1641737493
|switch|p1a: Blastoise|Blastoise, F|100/100
|move|p2a: Hippowdon|Whirlwind|p1a: Blastoise
|drag|p1a: Cobalion|Cobalion|100/100
|
|-heal|p2a: Hippowdon|97/100 brn|[from] item: Leftovers
|-damage|p2a: Hippowdon|91/100 brn|[from] brn
|upkeep
|turn|5
|
|t:|1641737503
|move|p1a: Cobalion|Substitute|p1a: Cobalion
|-start|p1a: Cobalion|Substitute
|-damage|p1a: Cobalion|76/100
|move|p2a: Hippowdon|Earthquake|p1a: Cobalion
|-supereffective|p1a: Cobalion
|-end|p1a: Cobalion|Substitute
|
|-heal|p1a: Cobalion|82/100|[from] item: Leftovers
|-heal|p2a: Hippowdon|97/100 brn|[from] item: Leftovers
|-damage|p2a: Hippowdon|91/100 brn|[from] brn
|upkeep
|turn|6
|
|t:|1641737512
|switch|p1a: Rotom|Rotom-Heat|100/100
|move|p2a: Hippowdon|Earthquake|p1a: Rotom
|-immune|p1a: Rotom|[from] ability: Levitate
|
|-heal|p2a: Hippowdon|97/100 brn|[from] item: Leftovers
|-damage|p2a: Hippowdon|91/100 brn|[from] brn
|upkeep
|turn|7
|inactive|VianaVolk has 120 seconds left.
|
|t:|1641737554
|move|p1a: Rotom|Overheat|p2a: Hippowdon
|-damage|p2a: Hippowdon|45/100 brn
|-unboost|p1a: Rotom|spa|2
|move|p2a: Hippowdon|Slack Off|p2a: Hippowdon
|-heal|p2a: Hippowdon|95/100 brn
|
|-heal|p2a: Hippowdon|100/100 brn|[from] item: Leftovers
|-damage|p2a: Hippowdon|94/100 brn|[from] brn
|upkeep
|turn|8
|
|t:|1641737572
|switch|p1a: Weavile|Weavile, F|100/100
|-ability|p1a: Weavile|Pressure
|move|p2a: Hippowdon|Stealth Rock|p1a: Weavile
|-sidestart|p1: Xadenas|move: Stealth Rock
|
|-heal|p2a: Hippowdon|100/100 brn|[from] item: Leftovers
|-damage|p2a: Hippowdon|94/100 brn|[from] brn
|upkeep
|turn|9
|
|t:|1641737591
|switch|p2a: Urshifu|Urshifu-Rapid-Strike, M|100/100
|move|p1a: Weavile|Swords Dance|p1a: Weavile
|-boost|p1a: Weavile|atk|2
|
|upkeep
|turn|10
|
|t:|1641737616
|move|p1a: Weavile|Low Kick|p2a: Urshifu
|-damage|p2a: Urshifu|37/100
|move|p2a: Urshifu|Drain Punch|p1a: Weavile
|-supereffective|p1a: Weavile
|-enditem|p1a: Weavile|Focus Sash
|-damage|p1a: Weavile|1/100
|-heal|p2a: Urshifu|78/100|[from] drain|[of] p1a: Weavile
|-damage|p2a: Urshifu|68/100|[from] item: Life Orb
|
|upkeep
|turn|11
|
|t:|1641737627
|move|p2a: Urshifu|Aqua Jet|p1a: Weavile
|-damage|p1a: Weavile|0 fnt
|faint|p1a: Weavile
|-damage|p2a: Urshifu|58/100|[from] item: Life Orb
|
|upkeep
|
|t:|1641737630
|switch|p1a: Rotom|Rotom-Heat|100/100
|turn|12
|
|t:|1641737637
|move|p2a: Urshifu|Surging Strikes|p1a: Rotom
|-supereffective|p1a: Rotom
|-crit|p1a: Rotom
|-damage|p1a: Rotom|48/100
|-supereffective|p1a: Rotom
|-crit|p1a: Rotom
|-damage|p1a: Rotom|2/100
|-supereffective|p1a: Rotom
|-crit|p1a: Rotom
|-damage|p1a: Rotom|0 fnt
|faint|p1a: Rotom
|-hitcount|p1: Rotom|3
|-damage|p2a: Urshifu|48/100|[from] item: Life Orb
|
|upkeep
|
|t:|1641737646
|switch|p1a: Blastoise|Blastoise, F|100/100
|-damage|p1a: Blastoise|88/100|[from] Stealth Rock
|turn|13
|inactive|VianaVolk has 120 seconds left.
|
|t:|1641737664
|switch|p2a: Tornadus|Tornadus-Therian, M|100/100
|move|p1a: Blastoise|Shell Smash|p1a: Blastoise
|-unboost|p1a: Blastoise|def|1
|-unboost|p1a: Blastoise|spd|1
|-boost|p1a: Blastoise|atk|2
|-boost|p1a: Blastoise|spa|2
|-boost|p1a: Blastoise|spe|2
|-enditem|p1a: Blastoise|White Herb
|-clearnegativeboost|p1a: Blastoise|[silent]
|
|upkeep
|turn|14
|inactive|VianaVolk has 120 seconds left.
|
|t:|1641737674
|move|p1a: Blastoise|Ice Beam|p2a: Tornadus
|-supereffective|p2a: Tornadus
|-damage|p2a: Tornadus|0 fnt
|faint|p2a: Tornadus
|
|upkeep
|
|t:|1641737679
|switch|p2a: Regieleki|Regieleki, shiny|100/100
|turn|15
|
|t:|1641737685
|move|p1a: Blastoise|Surf|p2a: Regieleki
|-damage|p2a: Regieleki|0 fnt
|faint|p2a: Regieleki
|
|upkeep
|inactive|VianaVolk has 120 seconds left.
|
|t:|1641737705
|switch|p2a: Kartana|Kartana, shiny|100/100
|turn|16
|inactive|VianaVolk has 120 seconds left.
|
|t:|1641737715
|move|p1a: Blastoise|Aura Sphere|p2a: Kartana
|-supereffective|p2a: Kartana
|-enditem|p2a: Kartana|Focus Sash
|-damage|p2a: Kartana|1/100
|move|p2a: Kartana|Leaf Blade|p1a: Blastoise
|-supereffective|p1a: Blastoise
|-damage|p1a: Blastoise|0 fnt
|faint|p1a: Blastoise
|-ability|p2a: Kartana|Beast Boost|boost
|-boost|p2a: Kartana|atk|1
|
|upkeep
|
|t:|1641737726
|switch|p1a: Boltund|Boltund, F|100/100
|-damage|p1a: Boltund|88/100|[from] Stealth Rock
|turn|17
|
|t:|1641737734
|switch|p2a: Hippowdon|Hippowdon, F|94/100 brn
|move|p1a: Boltund|Psychic Fangs|p2a: Hippowdon
|-damage|p2a: Hippowdon|70/100 brn
|
|-heal|p2a: Hippowdon|76/100 brn|[from] item: Leftovers
|-damage|p2a: Hippowdon|70/100 brn|[from] brn
|upkeep
|turn|18
|
|t:|1641737748
|switch|p1a: Jirachi|Jirachi|100/100
|-damage|p1a: Jirachi|94/100|[from] Stealth Rock
|move|p2a: Hippowdon|Earthquake|p1a: Jirachi
|-supereffective|p1a: Jirachi
|-damage|p1a: Jirachi|64/100
|
|-heal|p1a: Jirachi|71/100|[from] item: Leftovers
|-heal|p2a: Hippowdon|76/100 brn|[from] item: Leftovers
|-damage|p2a: Hippowdon|70/100 brn|[from] brn
|upkeep
|turn|19
|
|t:|1641737761
|move|p1a: Jirachi|Doom Desire|p2a: Hippowdon
|-start|p1a: Jirachi|Doom Desire
|move|p2a: Hippowdon|Earthquake|p1a: Jirachi
|-supereffective|p1a: Jirachi
|-damage|p1a: Jirachi|40/100
|
|-heal|p1a: Jirachi|46/100|[from] item: Leftovers
|-heal|p2a: Hippowdon|76/100 brn|[from] item: Leftovers
|-damage|p2a: Hippowdon|70/100 brn|[from] brn
|upkeep
|turn|20
|
|t:|1641737769
|move|p1a: Jirachi|Wish|p1a: Jirachi
|move|p2a: Hippowdon|Earthquake|p1a: Jirachi
|-supereffective|p1a: Jirachi
|-damage|p1a: Jirachi|17/100
|
|-heal|p1a: Jirachi|23/100|[from] item: Leftovers
|-heal|p2a: Hippowdon|76/100 brn|[from] item: Leftovers
|-damage|p2a: Hippowdon|70/100 brn|[from] brn
|upkeep
|turn|21
|
|t:|1641737781
|move|p1a: Jirachi|Protect|p1a: Jirachi
|-singleturn|p1a: Jirachi|Protect
|move|p2a: Hippowdon|Whirlwind|p1a: Jirachi
|drag|p1a: Cobalion|Cobalion|82/100
|-damage|p1a: Cobalion|79/100|[from] Stealth Rock
|
|-end|p2a: Hippowdon|move: Doom Desire
|-damage|p2a: Hippowdon|19/100 brn
|-heal|p1a: Cobalion|100/100|[from] move: Wish|[wisher] Jirachi
|-heal|p2a: Hippowdon|25/100 brn|[from] item: Leftovers
|-damage|p2a: Hippowdon|19/100 brn|[from] brn
|upkeep
|turn|22
|
|t:|1641737801
|move|p1a: Cobalion|Sacred Sword|p2a: Hippowdon
|-damage|p2a: Hippowdon|0 fnt
|faint|p2a: Hippowdon
|
|upkeep
|
|t:|1641737805
|switch|p2a: Blacephalon|Blacephalon|100/100
|turn|23
|
|t:|1641737812
|move|p1a: Cobalion|Substitute|p1a: Cobalion
|-start|p1a: Cobalion|Substitute
|-damage|p1a: Cobalion|76/100
|move|p2a: Blacephalon|Flamethrower|p1a: Cobalion
|-supereffective|p1a: Cobalion
|-end|p1a: Cobalion|Substitute
|
|-heal|p1a: Cobalion|82/100|[from] item: Leftovers
|upkeep
|turn|24
|
|t:|1641737820
|move|p1a: Cobalion|Iron Head|p2a: Blacephalon
|-resisted|p2a: Blacephalon
|-damage|p2a: Blacephalon|62/100
|move|p2a: Blacephalon|Flamethrower|p1a: Cobalion
|-supereffective|p1a: Cobalion
|-damage|p1a: Cobalion|0 fnt
|faint|p1a: Cobalion
|-ability|p2a: Blacephalon|Beast Boost|boost
|-boost|p2a: Blacephalon|spa|1
|
|upkeep
|
|t:|1641737826
|switch|p1a: Boltund|Boltund, F|88/100
|-damage|p1a: Boltund|76/100|[from] Stealth Rock
|turn|25
|inactive|VianaVolk has 120 seconds left.
|
|t:|1641737872
|move|p1a: Boltund|Thunder Fang|p2a: Blacephalon
|-damage|p2a: Blacephalon|0 fnt
|faint|p2a: Blacephalon
|
|upkeep
|
|t:|1641737883
|switch|p2a: Urshifu|Urshifu-Rapid-Strike, M|48/100
|turn|26
|
|t:|1641737889
|move|p2a: Urshifu|Aqua Jet|p1a: Boltund
|-damage|p1a: Boltund|28/100
|-damage|p2a: Urshifu|38/100|[from] item: Life Orb
|move|p1a: Boltund|Thunder Fang|p2a: Urshifu
|-supereffective|p2a: Urshifu
|-damage|p2a: Urshifu|0 fnt
|faint|p2a: Urshifu
|
|upkeep
|
|t:|1641737896
|switch|p2a: Kartana|Kartana, shiny|1/100
|turn|27
|
|t:|1641737901
|move|p1a: Boltund|Thunder Fang|p2a: Kartana
|-resisted|p2a: Kartana
|-damage|p2a: Kartana|0 fnt
|faint|p2a: Kartana
|
|win|Xadenas
|raw|Xadenas's rating: 1128 &rarr; <strong>1157</strong><br />(+29 for winning)
|raw|VianaVolk's rating: 1179 &rarr; <strong>1150</strong><br />(-29 for losing)
|c|☆Xadenas|gg
|c|☆VianaVolk|boltund is realy good
