|j|☆Moulesy
|j|☆hchw90
|t:|1641829092
|gametype|singles
|player|p1|Moulesy|2|1559
|player|p2|hchw90|102|1510
|teamsize|p1|6
|teamsize|p2|6
|gen|8
|tier|[Gen 8] OU
|rated|
|rule|Sleep Clause Mod: Limit one foe put to sleep
|rule|Species Clause: Limit one of each Pokémon
|rule|OHKO Clause: OHKO moves are banned
|rule|Evasion Moves Clause: Evasion moves are banned
|rule|Endless Battle Clause: Forcing endless battles is banned
|rule|HP Percentage Mod: HP is shown in percentages
|rule|Dynamax Clause: You cannot dynamax
|clearpoke
|poke|p1|Espeon, M|
|poke|p1|Torkoal, M|
|poke|p1|Venusaur, F|
|poke|p1|Weezing-Galar, M|
|poke|p1|Landorus-Therian, M|
|poke|p1|Tapu Fini|
|poke|p2|Chansey, F|
|poke|p2|Heatran, F|
|poke|p2|Rotom-Wash|
|poke|p2|Dragapult, M|
|poke|p2|Zapdos|
|poke|p2|Landorus-Therian, M|
|teampreview
|inactive|Battle timer is ON: inactive players will automatically lose when time's up. (requested by Moulesy)
|inactive|hchw90 has 120 seconds left.
|
|t:|1641829130
|start
|switch|p1a: Torkoal|Torkoal, M|100/100
|switch|p2a: Rotom|Rotom-Wash|100/100
|-weather|SunnyDay|[from] ability: Drought|[of] p1a: Torkoal
|turn|1
|
|t:|1641829155
|switch|p1a: Venusaur|Venusaur, F|100/100
|move|p2a: Rotom|Trick|p1a: Venusaur
|-activate|p2a: Rotom|move: Trick|[of] p1a: Venusaur
|-item|p1a: Venusaur|Choice Scarf|[from] move: Trick
|-item|p2a: Rotom|Life Orb|[from] move: Trick
|
|-weather|SunnyDay|[upkeep]
|upkeep
|turn|2
|
|t:|1641829172
|switch|p1a: Espeon|Espeon, M|100/100
|switch|p2a: Chansey|Chansey, F|100/100
|
|-weather|SunnyDay|[upkeep]
|upkeep
|turn|3
|
|t:|1641829190
|move|p1a: Espeon|Psyshock|p2a: Chansey
|-damage|p2a: Chansey|73/100
|move|p2a: Chansey|Seismic Toss|p1a: Espeon
|-damage|p1a: Espeon|64/100
|
|-weather|SunnyDay|[upkeep]
|upkeep
|turn|4
|
|t:|1641829195
|move|p1a: Espeon|Psyshock|p2a: Chansey
|-damage|p2a: Chansey|38/100
|move|p2a: Chansey|Soft-Boiled|p2a: Chansey
|-heal|p2a: Chansey|88/100
|
|-weather|SunnyDay|[upkeep]
|upkeep
|turn|5
|
|t:|1641829201
|move|p1a: Espeon|Psyshock|p2a: Chansey
|-damage|p2a: Chansey|51/100
|move|p2a: Chansey|Seismic Toss|p1a: Espeon
|-damage|p1a: Espeon|27/100
|
|-weather|SunnyDay|[upkeep]
|upkeep
|turn|6
|
|t:|1641829205
|move|p1a: Espeon|Psyshock|p2a: Chansey
|-damage|p2a: Chansey|5/100
|move|p2a: Chansey|Soft-Boiled|p2a: Chansey
|-heal|p2a: Chansey|55/100
|
|-weather|SunnyDay|[upkeep]
|upkeep
|turn|7
|
|t:|1641829208
|move|p1a: Espeon|Psyshock|p2a: Chansey
|-damage|p2a: Chansey|11/100
|move|p2a: Chansey|Soft-Boiled|p2a: Chansey
|-heal|p2a: Chansey|61/100
|
|-weather|SunnyDay|[upkeep]
|upkeep
|turn|8
|
|t:|1641829211
|move|p1a: Espeon|Psyshock|p2a: Chansey
|-damage|p2a: Chansey|8/100
|move|p2a: Chansey|Soft-Boiled|p2a: Chansey
|-heal|p2a: Chansey|58/100
|
|-weather|none
|upkeep
|turn|9
|
|t:|1641829230
|move|p1a: Espeon|Psyshock|p2a: Chansey
|-damage|p2a: Chansey|5/100
|move|p2a: Chansey|Soft-Boiled|p2a: Chansey
|-heal|p2a: Chansey|55/100
|
|upkeep
|turn|10
|
|t:|1641829234
|switch|p2a: Heatran|Heatran, F|100/100
|-item|p2a: Heatran|Air Balloon
|move|p1a: Espeon|Psyshock|p2a: Heatran
|-resisted|p2a: Heatran
|-damage|p2a: Heatran|65/100
|-enditem|p2a: Heatran|Air Balloon
|
|upkeep
|turn|11
|
|t:|1641829243
|move|p1a: Espeon|Skill Swap|p2a: Heatran
|-activate|p1a: Espeon|move: Skill Swap|Flash Fire|Magic Bounce|[of] p2a: Heatran
|move|p2a: Heatran|Lava Plume|p1a: Espeon
|-start|p1a: Espeon|ability: Flash Fire
|
|upkeep
|turn|12
|
|t:|1641829246
|move|p1a: Espeon|Psyshock|p2a: Heatran
|-resisted|p2a: Heatran
|-damage|p2a: Heatran|46/100
|move|p2a: Heatran|Earth Power|p1a: Espeon
|-damage|p1a: Espeon|0 fnt
|faint|p1a: Espeon
|
|upkeep
|
|t:|1641829253
|switch|p1a: Landorus|Landorus-Therian, M|100/100
|-ability|p1a: Landorus|Intimidate|boost
|-unboost|p2a: Heatran|atk|1
|turn|13
|
|t:|1641829257
|switch|p2a: Landorus|Landorus-Therian, M|100/100
|-ability|p2a: Landorus|Intimidate|boost
|-unboost|p1a: Landorus|atk|1
|move|p1a: Landorus|U-turn|p2a: Landorus
|-resisted|p2a: Landorus
|-damage|p2a: Landorus|95/100
|-damage|p1a: Landorus|84/100|[from] item: Rocky Helmet|[of] p2a: Landorus
|
|t:|1641829260
|switch|p1a: Torkoal|Torkoal, M|100/100|[from]move: U-turn
|-weather|SunnyDay|[from] ability: Drought|[of] p1a: Torkoal
|
|-weather|SunnyDay|[upkeep]
|upkeep
|turn|14
|
|t:|1641829268
|move|p2a: Landorus|Stealth Rock|p1a: Torkoal
|-sidestart|p1: Moulesy|move: Stealth Rock
|move|p1a: Torkoal|Stealth Rock|p2a: Landorus
|-sidestart|p2: hchw90|move: Stealth Rock
|
|-weather|SunnyDay|[upkeep]
|upkeep
|turn|15
|
|t:|1641829291
|move|p2a: Landorus|Earthquake|p1a: Torkoal
|-supereffective|p1a: Torkoal
|-damage|p1a: Torkoal|55/100
|move|p1a: Torkoal|Rapid Spin|p2a: Landorus
|-damage|p2a: Landorus|88/100
|-boost|p1a: Torkoal|spe|1
|-damage|p1a: Torkoal|38/100|[from] item: Rocky Helmet|[of] p2a: Landorus
|-sideend|p1: Moulesy|Stealth Rock|[from] move: Rapid Spin|[of] p1a: Torkoal
|
|-weather|SunnyDay|[upkeep]
|upkeep
|turn|16
|
|t:|1641829298
|switch|p1a: Venusaur|Venusaur, F|100/100
|move|p2a: Landorus|U-turn|p1a: Venusaur
|-damage|p1a: Venusaur|75/100
|
|t:|1641829301
|switch|p2a: Heatran|Heatran, F|46/100|[from]move: U-turn
|-damage|p2a: Heatran|33/100|[from] Stealth Rock
|
|-weather|SunnyDay|[upkeep]
|upkeep
|turn|17
|
|t:|1641829307
|switch|p1a: Landorus|Landorus-Therian, M|84/100
|-ability|p1a: Landorus|Intimidate|boost
|-unboost|p2a: Heatran|atk|1
|move|p2a: Heatran|Stealth Rock|p1a: Landorus
|-sidestart|p1: Moulesy|move: Stealth Rock
|
|-weather|SunnyDay|[upkeep]
|-heal|p1a: Landorus|90/100|[from] item: Leftovers
|upkeep
|turn|18
|
|t:|1641829310
|switch|p2a: Landorus|Landorus-Therian, M|88/100
|-damage|p2a: Landorus|76/100|[from] Stealth Rock
|-ability|p2a: Landorus|Intimidate|boost
|-unboost|p1a: Landorus|atk|1
|move|p1a: Landorus|U-turn|p2a: Landorus
|-resisted|p2a: Landorus
|-damage|p2a: Landorus|71/100
|-damage|p1a: Landorus|74/100|[from] item: Rocky Helmet|[of] p2a: Landorus
|
|t:|1641829313
|switch|p1a: Venusaur|Venusaur, F|75/100|[from]move: U-turn
|-damage|p1a: Venusaur|63/100|[from] Stealth Rock
|
|-weather|SunnyDay|[upkeep]
|upkeep
|turn|19
|
|t:|1641829323
|switch|p2a: Chansey|Chansey, F|55/100
|-damage|p2a: Chansey|43/100|[from] Stealth Rock
|move|p1a: Venusaur|Giga Drain|p2a: Chansey
|-damage|p2a: Chansey|32/100
|-heal|p1a: Venusaur|76/100|[from] drain|[of] p2a: Chansey
|
|-weather|SunnyDay|[upkeep]
|upkeep
|turn|20
|
|t:|1641829330
|switch|p1a: Tapu Fini|Tapu Fini|100/100
|-damage|p1a: Tapu Fini|88/100|[from] Stealth Rock
|-fieldstart|move: Misty Terrain|[from] ability: Misty Surge|[of] p1a: Tapu Fini
|move|p2a: Chansey|Soft-Boiled|p2a: Chansey
|-heal|p2a: Chansey|82/100
|
|-weather|none
|upkeep
|turn|21
|
|t:|1641829340
|move|p1a: Tapu Fini|Trick|p2a: Chansey
|-activate|p1a: Tapu Fini|move: Trick|[of] p2a: Chansey
|-item|p2a: Chansey|Choice Scarf|[from] move: Trick
|-item|p1a: Tapu Fini|Eviolite|[from] move: Trick
|move|p2a: Chansey|Seismic Toss|p1a: Tapu Fini
|-damage|p1a: Tapu Fini|59/100
|
|upkeep
|turn|22
|
|t:|1641829347
|switch|p1a: Landorus|Landorus-Therian, M|74/100
|-damage|p1a: Landorus|61/100|[from] Stealth Rock
|-ability|p1a: Landorus|Intimidate|boost
|-unboost|p2a: Chansey|atk|1
|move|p2a: Chansey|Seismic Toss|p1a: Landorus
|-damage|p1a: Landorus|35/100
|
|-heal|p1a: Landorus|41/100|[from] item: Leftovers
|upkeep
|turn|23
|
|t:|1641829353
|switch|p2a: Landorus|Landorus-Therian, M|71/100
|-damage|p2a: Landorus|59/100|[from] Stealth Rock
|-ability|p2a: Landorus|Intimidate|boost
|-unboost|p1a: Landorus|atk|1
|move|p1a: Landorus|U-turn|p2a: Landorus
|-resisted|p2a: Landorus
|-damage|p2a: Landorus|54/100
|-damage|p1a: Landorus|25/100|[from] item: Rocky Helmet|[of] p2a: Landorus
|
|t:|1641829360
|switch|p1a: Venusaur|Venusaur, F|76/100|[from]move: U-turn
|-damage|p1a: Venusaur|63/100|[from] Stealth Rock
|
|upkeep
|turn|24
|
|t:|1641829365
|switch|p2a: Heatran|Heatran, F|33/100
|-damage|p2a: Heatran|21/100|[from] Stealth Rock
|move|p1a: Venusaur|Giga Drain|p2a: Heatran
|-resisted|p2a: Heatran
|-damage|p2a: Heatran|15/100
|-heal|p1a: Venusaur|67/100|[from] drain|[of] p2a: Heatran
|
|-fieldend|Misty Terrain
|upkeep
|turn|25
|
|t:|1641829371
|switch|p1a: Landorus|Landorus-Therian, M|25/100
|-damage|p1a: Landorus|12/100|[from] Stealth Rock
|-ability|p1a: Landorus|Intimidate|boost
|-unboost|p2a: Heatran|atk|1
|move|p2a: Heatran|Lava Plume|p1a: Landorus
|-damage|p1a: Landorus|0 fnt
|faint|p1a: Landorus
|
|upkeep
|
|t:|1641829373
|switch|p1a: Tapu Fini|Tapu Fini|59/100
|-damage|p1a: Tapu Fini|47/100|[from] Stealth Rock
|-fieldstart|move: Misty Terrain|[from] ability: Misty Surge|[of] p1a: Tapu Fini
|turn|26
|
|t:|1641829379
|switch|p2a: Rotom|Rotom-Wash|100/100
|-damage|p2a: Rotom|88/100|[from] Stealth Rock
|move|p1a: Tapu Fini|Scald|p2a: Rotom
|-resisted|p2a: Rotom
|-damage|p2a: Rotom|70/100
|
|upkeep
|turn|27
|
|t:|1641829392
|switch|p1a: Weezing|Weezing-Galar, M|100/100
|-ability|p1a: Weezing|Neutralizing Gas
|-damage|p1a: Weezing|88/100|[from] Stealth Rock
|move|p2a: Rotom|Volt Switch|p1a: Weezing
|-damage|p1a: Weezing|36/100
|-damage|p2a: Rotom|60/100|[from] item: Life Orb
|
|t:|1641829402
|switch|p2a: Landorus|Landorus-Therian, M|54/100|[from]move: Volt Switch
|-damage|p2a: Landorus|41/100|[from] Stealth Rock
|
|-heal|p1a: Weezing|42/100|[from] item: Black Sludge
|upkeep
|turn|28
|
|t:|1641829406
|move|p2a: Landorus|Earthquake|p1a: Weezing
|-supereffective|p1a: Weezing
|-damage|p1a: Weezing|0 fnt
|faint|p1a: Weezing
|-end|p1a: Weezing|ability: Neutralizing Gas
|
|upkeep
|
|t:|1641829409
|switch|p1a: Torkoal|Torkoal, M|38/100
|-damage|p1a: Torkoal|14/100|[from] Stealth Rock
|-weather|SunnyDay|[from] ability: Drought|[of] p1a: Torkoal
|turn|29
|
|t:|1641829411
|move|p2a: Landorus|Earthquake|p1a: Torkoal
|-supereffective|p1a: Torkoal
|-damage|p1a: Torkoal|0 fnt
|faint|p1a: Torkoal
|
|-weather|SunnyDay|[upkeep]
|upkeep
|
|t:|1641829412
|switch|p1a: Venusaur|Venusaur, F|67/100
|-damage|p1a: Venusaur|55/100|[from] Stealth Rock
|turn|30
|
|t:|1641829418
|switch|p2a: Chansey|Chansey, F|82/100
|-damage|p2a: Chansey|69/100|[from] Stealth Rock
|move|p1a: Venusaur|Giga Drain|p2a: Chansey
|-damage|p2a: Chansey|53/100
|-heal|p1a: Venusaur|74/100|[from] drain|[of] p2a: Chansey
|
|-weather|SunnyDay|[upkeep]
|-fieldend|Misty Terrain
|upkeep
|turn|31
|
|t:|1641829421
|move|p1a: Venusaur|Giga Drain|p2a: Chansey
|-damage|p2a: Chansey|36/100
|-heal|p1a: Venusaur|94/100|[from] drain|[of] p2a: Chansey
|move|p2a: Chansey|Soft-Boiled|p2a: Chansey
|-heal|p2a: Chansey|86/100
|
|-weather|SunnyDay|[upkeep]
|upkeep
|turn|32
|
|t:|1641829438
|switch|p2a: Heatran|Heatran, F|15/100
|-damage|p2a: Heatran|3/100|[from] Stealth Rock
|move|p1a: Venusaur|Giga Drain|p2a: Heatran
|-resisted|p2a: Heatran
|-damage|p2a: Heatran|0 fnt
|-heal|p1a: Venusaur|95/100|[from] drain|[of] p2a: Heatran
|faint|p2a: Heatran
|
|-weather|SunnyDay|[upkeep]
|upkeep
|
|t:|1641829442
|switch|p2a: Chansey|Chansey, F|86/100
|-damage|p2a: Chansey|74/100|[from] Stealth Rock
|turn|33
|
|t:|1641829448
|move|p1a: Venusaur|Giga Drain|p2a: Chansey
|-damage|p2a: Chansey|56/100
|-heal|p1a: Venusaur|100/100|[from] drain|[of] p2a: Chansey
|move|p2a: Chansey|Thunder Wave|p1a: Venusaur
|-status|p1a: Venusaur|par
|
|-weather|SunnyDay|[upkeep]
|upkeep
|turn|34
|-message|Moulesy forfeited.
|
|win|hchw90
|raw|Moulesy's rating: 1580 &rarr; <strong>1556</strong><br />(-24 for losing)
|raw|hchw90's rating: 1510 &rarr; <strong>1534</strong><br />(+24 for winning)
|l|☆Moulesy
