|j|☆Nebula27
|j|☆van der haack
|t:|1641808754
|gametype|singles
|player|p1|Nebula27|chuck|1325
|player|p2|van der haack|hoopster|1359
|teamsize|p1|6
|teamsize|p2|6
|gen|8
|tier|[Gen 8] OU
|rated|
|rule|Sleep Clause Mod: Limit one foe put to sleep
|rule|Species Clause: Limit one of each Pokémon
|rule|OHKO Clause: OHKO moves are banned
|rule|Evasion Moves Clause: Evasion moves are banned
|rule|Endless Battle Clause: Forcing endless battles is banned
|rule|HP Percentage Mod: HP is shown in percentages
|rule|Dynamax Clause: You cannot dynamax
|clearpoke
|poke|p1|Nidoking, M|
|poke|p1|Urshifu-*, M|
|poke|p1|Moltres-Galar|
|poke|p1|Tyranitar, M|
|poke|p1|Tapu Koko|
|poke|p1|Buzzwole|
|poke|p2|Zapdos-Galar|
|poke|p2|Dragapult, F|
|poke|p2|Weavile, F|
|poke|p2|Rotom-Heat|
|poke|p2|Barraskewda, M|
|poke|p2|Nidoking, M|
|teampreview
|
|t:|1641808778
|start
|switch|p1a: Tyranitar|Tyranitar, M|100/100
|switch|p2a: Barraskewda|Barraskewda, M|100/100
|-weather|Sandstorm|[from] ability: Sand Stream|[of] p1a: Tyranitar
|turn|1
|
|t:|1641808793
|switch|p1a: Buzzwole|Buzzwole|100/100
|move|p2a: Barraskewda|Close Combat|p1a: Buzzwole
|-resisted|p1a: Buzzwole
|-damage|p1a: Buzzwole|87/100
|-unboost|p2a: Barraskewda|def|1
|-unboost|p2a: Barraskewda|spd|1
|-damage|p2a: Barraskewda|84/100|[from] item: Rocky Helmet|[of] p1a: Buzzwole
|
|-weather|Sandstorm|[upkeep]
|-damage|p2a: Barraskewda|78/100|[from] Sandstorm
|-damage|p1a: Buzzwole|81/100|[from] Sandstorm
|upkeep
|turn|2
|
|t:|1641808803
|switch|p2a: Rotom|Rotom-Heat|100/100
|move|p1a: Buzzwole|Ice Punch|p2a: Rotom
|-resisted|p2a: Rotom
|-damage|p2a: Rotom|92/100
|
|-weather|Sandstorm|[upkeep]
|-damage|p2a: Rotom|86/100|[from] Sandstorm
|-damage|p1a: Buzzwole|75/100|[from] Sandstorm
|upkeep
|turn|3
|
|t:|1641808812
|switch|p1a: Tyranitar|Tyranitar, M|100/100
|move|p2a: Rotom|Overheat|p1a: Tyranitar
|-resisted|p1a: Tyranitar
|-damage|p1a: Tyranitar|88/100
|-unboost|p2a: Rotom|spa|2
|
|-weather|Sandstorm|[upkeep]
|-damage|p2a: Rotom|80/100|[from] Sandstorm
|-heal|p1a: Tyranitar|95/100|[from] item: Leftovers
|upkeep
|turn|4
|
|t:|1641808818
|move|p2a: Rotom|Volt Switch|p1a: Tyranitar
|-damage|p1a: Tyranitar|87/100
|
|t:|1641808822
|switch|p2a: Zapdos|Zapdos-Galar|100/100|[from]move: Volt Switch
|move|p1a: Tyranitar|Dragon Tail|p2a: Zapdos
|-damage|p2a: Zapdos|80/100
|drag|p2a: Barraskewda|Barraskewda, M|78/100
|
|-weather|Sandstorm|[upkeep]
|-damage|p2a: Barraskewda|72/100|[from] Sandstorm
|-heal|p1a: Tyranitar|93/100|[from] item: Leftovers
|upkeep
|turn|5
|
|t:|1641808831
|switch|p1a: Buzzwole|Buzzwole|75/100
|move|p2a: Barraskewda|Flip Turn|p1a: Buzzwole
|-damage|p1a: Buzzwole|53/100
|-damage|p2a: Barraskewda|55/100|[from] item: Rocky Helmet|[of] p1a: Buzzwole
|
|t:|1641808840
|switch|p2a: Nidoking|Nidoking, M|100/100|[from]move: Flip Turn
|
|-weather|none
|upkeep
|turn|6
|
|t:|1641808853
|switch|p1a: Moltres|Moltres-Galar|100/100
|move|p2a: Nidoking|Sludge Wave|p1a: Moltres
|-damage|p1a: Moltres|56/100
|
|upkeep
|turn|7
|
|t:|1641808863
|switch|p2a: Weavile|Weavile, F|100/100
|-ability|p2a: Weavile|Pressure
|move|p1a: Moltres|Agility|p1a: Moltres
|-boost|p1a: Moltres|spe|2
|
|upkeep
|turn|8
|
|t:|1641808884
|switch|p1a: Buzzwole|Buzzwole|53/100
|move|p2a: Weavile|Ice Shard|p1a: Buzzwole
|-damage|p1a: Buzzwole|40/100
|-damage|p2a: Weavile|91/100|[from] item: Life Orb
|
|upkeep
|turn|9
|
|t:|1641808894
|move|p2a: Weavile|Triple Axel|p1a: Buzzwole
|-damage|p1a: Buzzwole|34/100
|-damage|p2a: Weavile|74/100|[from] item: Rocky Helmet|[of] p1a: Buzzwole
|-damage|p1a: Buzzwole|21/100
|-damage|p2a: Weavile|57/100|[from] item: Rocky Helmet|[of] p1a: Buzzwole
|-damage|p1a: Buzzwole|3/100
|-damage|p2a: Weavile|41/100|[from] item: Rocky Helmet|[of] p1a: Buzzwole
|-hitcount|p1a: Buzzwole|3
|-damage|p2a: Weavile|31/100|[from] item: Life Orb
|move|p1a: Buzzwole|Roost|p1a: Buzzwole
|-heal|p1a: Buzzwole|53/100
|-singleturn|p1a: Buzzwole|move: Roost
|
|upkeep
|turn|10
|
|t:|1641808905
|switch|p2a: Zapdos|Zapdos-Galar|80/100
|move|p1a: Buzzwole|Roost|p1a: Buzzwole
|-heal|p1a: Buzzwole|100/100
|-singleturn|p1a: Buzzwole|move: Roost
|
|upkeep
|turn|11
|
|t:|1641808913
|move|p2a: Zapdos|Brave Bird|p1a: Buzzwole
|-supereffective|p1a: Buzzwole
|-damage|p1a: Buzzwole|0 fnt
|-damage|p2a: Zapdos|63/100|[from] item: Rocky Helmet|[of] p1a: Buzzwole
|faint|p1a: Buzzwole
|-damage|p2a: Zapdos|20/100|[from] Recoil
|
|upkeep
|
|t:|1641808918
|switch|p1a: Tyranitar|Tyranitar, M|93/100
|-weather|Sandstorm|[from] ability: Sand Stream|[of] p1a: Tyranitar
|turn|12
|
|t:|1641808927
|switch|p2a: Rotom|Rotom-Heat|80/100
|move|p1a: Tyranitar|Stealth Rock|p2a: Rotom
|-sidestart|p2: van der haack|move: Stealth Rock
|
|-weather|Sandstorm|[upkeep]
|-damage|p2a: Rotom|74/100|[from] Sandstorm
|-heal|p1a: Tyranitar|99/100|[from] item: Leftovers
|upkeep
|turn|13
|
|t:|1641808936
|move|p2a: Rotom|Defog|p1a: Tyranitar
|-unboost|p1a: Tyranitar|evasion|1
|-sideend|p2: van der haack|Stealth Rock|[from] move: Defog|[of] p2a: Rotom
|move|p1a: Tyranitar|Dragon Tail|p2a: Rotom
|-damage|p2a: Rotom|60/100
|drag|p2a: Zapdos|Zapdos-Galar|20/100
|
|-weather|Sandstorm|[upkeep]
|-damage|p2a: Zapdos|14/100|[from] Sandstorm
|-heal|p1a: Tyranitar|100/100|[from] item: Leftovers
|upkeep
|turn|14
|
|t:|1641808948
|switch|p1a: Tapu Koko|Tapu Koko|100/100
|-fieldstart|move: Electric Terrain|[from] ability: Electric Surge|[of] p1a: Tapu Koko
|move|p2a: Zapdos|Close Combat|p1a: Tapu Koko
|-resisted|p1a: Tapu Koko
|-damage|p1a: Tapu Koko|61/100
|-unboost|p2a: Zapdos|def|1
|-unboost|p2a: Zapdos|spd|1
|
|-weather|Sandstorm|[upkeep]
|-damage|p2a: Zapdos|8/100|[from] Sandstorm
|-damage|p1a: Tapu Koko|55/100|[from] Sandstorm
|upkeep
|turn|15
|
|t:|1641808962
|switch|p2a: Nidoking|Nidoking, M|100/100
|move|p1a: Tapu Koko|Dazzling Gleam|p2a: Nidoking
|-resisted|p2a: Nidoking
|-damage|p2a: Nidoking|75/100
|
|-weather|Sandstorm|[upkeep]
|-damage|p1a: Tapu Koko|49/100|[from] Sandstorm
|upkeep
|turn|16
|
|t:|1641808972
|switch|p1a: Tyranitar|Tyranitar, M|100/100
|move|p2a: Nidoking|Earth Power|p1a: Tyranitar
|-supereffective|p1a: Tyranitar
|-damage|p1a: Tyranitar|51/100
|
|-weather|none
|-heal|p1a: Tyranitar|58/100|[from] item: Leftovers
|upkeep
|turn|17
|
|t:|1641808984
|switch|p1a: Moltres|Moltres-Galar|56/100
|move|p2a: Nidoking|Earth Power|p1a: Moltres
|-immune|p1a: Moltres
|
|upkeep
|turn|18
|
|t:|1641808987
|switch|p2a: Rotom|Rotom-Heat|60/100
|move|p1a: Moltres|Agility|p1a: Moltres
|-boost|p1a: Moltres|spe|2
|
|-fieldend|move: Electric Terrain
|upkeep
|turn|19
|
|t:|1641808996
|move|p1a: Moltres|Fiery Wrath|p2a: Rotom
|-damage|p2a: Rotom|19/100
|move|p2a: Rotom|Volt Switch|p1a: Moltres
|-supereffective|p1a: Moltres
|-damage|p1a: Moltres|15/100
|-enditem|p1a: Moltres|Weakness Policy
|-boost|p1a: Moltres|atk|2|[from] item: Weakness Policy
|-boost|p1a: Moltres|spa|2|[from] item: Weakness Policy
|-ability|p1a: Moltres|Berserk|boost
|-boost|p1a: Moltres|spa|1
|
|t:|1641809005
|switch|p2a: Weavile|Weavile, F|31/100|[from]move: Volt Switch
|-ability|p2a: Weavile|Pressure
|
|upkeep
|turn|20
|
|t:|1641809011
|move|p2a: Weavile|Ice Shard|p1a: Moltres
|-supereffective|p1a: Moltres
|-damage|p1a: Moltres|0 fnt
|faint|p1a: Moltres
|-damage|p2a: Weavile|21/100|[from] item: Life Orb
|
|upkeep
|
|t:|1641809015
|switch|p1a: Urshifu|Urshifu-Rapid-Strike, M|100/100
|turn|21
|
|t:|1641809021
|move|p1a: Urshifu|Aqua Jet|p2a: Weavile
|-damage|p2a: Weavile|0 fnt
|faint|p2a: Weavile
|
|upkeep
|
|t:|1641809027
|switch|p2a: Dragapult|Dragapult, F|100/100
|turn|22
|
|t:|1641809035
|switch|p1a: Tyranitar|Tyranitar, M|58/100
|-weather|Sandstorm|[from] ability: Sand Stream|[of] p1a: Tyranitar
|move|p2a: Dragapult|Dragon Dance|p2a: Dragapult
|-boost|p2a: Dragapult|atk|1
|-boost|p2a: Dragapult|spe|1
|
|-weather|Sandstorm|[upkeep]
|-damage|p2a: Dragapult|94/100|[from] Sandstorm
|-heal|p2a: Dragapult|100/100|[from] item: Leftovers
|-heal|p1a: Tyranitar|64/100|[from] item: Leftovers
|upkeep
|turn|23
|
|t:|1641809040
|move|p2a: Dragapult|Dragon Darts|p1a: Tyranitar
|-damage|p1a: Tyranitar|38/100
|-anim|p2a: Dragapult|Dragon Darts|p1a: Tyranitar
|-damage|p1a: Tyranitar|12/100
|move|p1a: Tyranitar|Dragon Tail|p2a: Dragapult
|-supereffective|p2a: Dragapult
|-damage|p2a: Dragapult|55/100
|drag|p2a: Rotom|Rotom-Heat|19/100
|
|-weather|Sandstorm|[upkeep]
|-damage|p2a: Rotom|13/100|[from] Sandstorm
|-heal|p1a: Tyranitar|18/100|[from] item: Leftovers
|upkeep
|turn|24
|
|t:|1641809053
|move|p2a: Rotom|Discharge|p1a: Tyranitar
|-damage|p1a: Tyranitar|3/100
|move|p1a: Tyranitar|Stealth Rock|p2a: Rotom
|-sidestart|p2: van der haack|move: Stealth Rock
|
|-weather|Sandstorm|[upkeep]
|-damage|p2a: Rotom|6/100|[from] Sandstorm
|-heal|p1a: Tyranitar|10/100|[from] item: Leftovers
|upkeep
|turn|25
|
|t:|1641809063
|move|p2a: Rotom|Defog|p1a: Tyranitar
|-unboost|p1a: Tyranitar|evasion|1
|-sideend|p2: van der haack|Stealth Rock|[from] move: Defog|[of] p2a: Rotom
|move|p1a: Tyranitar|Dragon Tail|p2a: Rotom
|-damage|p2a: Rotom|0 fnt
|faint|p2a: Rotom
|
|-weather|Sandstorm|[upkeep]
|-heal|p1a: Tyranitar|16/100|[from] item: Leftovers
|upkeep
|
|t:|1641809072
|switch|p2a: Barraskewda|Barraskewda, M|55/100
|turn|26
|
|t:|1641809076
|switch|p1a: Urshifu|Urshifu-Rapid-Strike, M|100/100
|move|p2a: Barraskewda|Flip Turn|p1a: Urshifu
|-resisted|p1a: Urshifu
|-crit|p1a: Urshifu
|-damage|p1a: Urshifu|68/100
|
|t:|1641809089
|switch|p2a: Dragapult|Dragapult, F|55/100|[from]move: Flip Turn
|
|-weather|none
|-heal|p2a: Dragapult|61/100|[from] item: Leftovers
|upkeep
|turn|27
|
|t:|1641809100
|switch|p1a: Tyranitar|Tyranitar, M|16/100
|-weather|Sandstorm|[from] ability: Sand Stream|[of] p1a: Tyranitar
|move|p2a: Dragapult|Dragon Dance|p2a: Dragapult
|-boost|p2a: Dragapult|atk|1
|-boost|p2a: Dragapult|spe|1
|
|-weather|Sandstorm|[upkeep]
|-damage|p2a: Dragapult|55/100|[from] Sandstorm
|-heal|p2a: Dragapult|61/100|[from] item: Leftovers
|-heal|p1a: Tyranitar|22/100|[from] item: Leftovers
|upkeep
|turn|28
|
|t:|1641809104
|move|p2a: Dragapult|Dragon Darts|p1a: Tyranitar
|-damage|p1a: Tyranitar|0 fnt
|faint|p1a: Tyranitar
|
|-weather|Sandstorm|[upkeep]
|-damage|p2a: Dragapult|55/100|[from] Sandstorm
|-heal|p2a: Dragapult|61/100|[from] item: Leftovers
|upkeep
|
|t:|1641809107
|switch|p1a: Tapu Koko|Tapu Koko|49/100
|-fieldstart|move: Electric Terrain|[from] ability: Electric Surge|[of] p1a: Tapu Koko
|turn|29
|
|t:|1641809114
|move|p2a: Dragapult|Phantom Force||[still]
|-prepare|p2a: Dragapult|Phantom Force
|move|p1a: Tapu Koko|Dazzling Gleam|p2a: Dragapult|[miss]
|-miss|p1a: Tapu Koko|p2a: Dragapult
|
|-weather|Sandstorm|[upkeep]
|-damage|p2a: Dragapult|55/100|[from] Sandstorm
|-damage|p1a: Tapu Koko|43/100|[from] Sandstorm
|-heal|p2a: Dragapult|61/100|[from] item: Leftovers
|upkeep
|turn|30
|
|t:|1641809122
|move|p2a: Dragapult|Phantom Force|p1a: Tapu Koko|[from]lockedmove
|-damage|p1a: Tapu Koko|0 fnt
|faint|p1a: Tapu Koko
|
|-weather|Sandstorm|[upkeep]
|-damage|p2a: Dragapult|55/100|[from] Sandstorm
|-heal|p2a: Dragapult|61/100|[from] item: Leftovers
|upkeep
|
|t:|1641809125
|switch|p1a: Urshifu|Urshifu-Rapid-Strike, M|68/100
|turn|31
|
|t:|1641809131
|move|p2a: Dragapult|Dragon Darts|p1a: Urshifu
|-damage|p1a: Urshifu|28/100
|-anim|p2a: Dragapult|Dragon Darts|p1a: Urshifu
|-damage|p1a: Urshifu|0 fnt
|faint|p1a: Urshifu
|
|-weather|none
|-heal|p2a: Dragapult|67/100|[from] item: Leftovers
|upkeep
|
|t:|1641809135
|switch|p1a: Nidoking|Nidoking, M|100/100
|turn|32
|
|t:|1641809142
|move|p2a: Dragapult|Dragon Darts|p1a: Nidoking
|-damage|p1a: Nidoking|45/100
|-anim|p2a: Dragapult|Dragon Darts|p1a: Nidoking
|-damage|p1a: Nidoking|0 fnt
|faint|p1a: Nidoking
|
|win|van der haack
|raw|Nebula27's rating: 1325 &rarr; <strong>1307</strong><br />(-18 for losing)
|raw|van der haack's rating: 1359 &rarr; <strong>1377</strong><br />(+18 for winning)
|l|☆Nebula27
|c|☆van der haack|gg
