|j|☆Takatalvi
|j|☆cursedstar
|t:|1641783884
|gametype|singles
|player|p1|Takatalvi|266|
|player|p2|cursedstar|argenta|
|teamsize|p1|6
|teamsize|p2|6
|gen|8
|tier|[Gen 8] OU
|rule|Sleep Clause Mod: Limit one foe put to sleep
|rule|Species Clause: Limit one of each Pokémon
|rule|OHKO Clause: OHKO moves are banned
|rule|Evasion Moves Clause: Evasion moves are banned
|rule|Endless Battle Clause: Forcing endless battles is banned
|rule|HP Percentage Mod: HP is shown in percentages
|rule|Dynamax Clause: You cannot dynamax
|clearpoke
|poke|p1|Volcanion|
|poke|p1|Pelipper, F|
|poke|p1|Tornadus-Therian, M|
|poke|p1|Corviknight, M|
|poke|p1|Barraskewda, F|
|poke|p1|Seismitoad, M|
|poke|p2|Aegislash, M|
|poke|p2|Dragapult, F|
|poke|p2|Heatran, F|
|poke|p2|Landorus-Therian, M|
|poke|p2|Clefable, F|
|poke|p2|Corviknight, M|
|teampreview
|c|☆Takatalvi|gl hf
|c|☆cursedstar|hf
|j| Estuardo19 >"<
|j| Gufbcbhgfbcygfc
|l| Gufbcbhgfbcygfc
|j| Gufbchgffbygf
|
|t:|1641783978
|start
|switch|p1a: Pelipper|Pelipper, F|100/100
|switch|p2a: Landorus|Landorus-Therian, M|100/100
|-ability|p2a: Landorus|Intimidate|boost
|-unboost|p1a: Pelipper|atk|1
|-weather|RainDance|[from] ability: Drizzle|[of] p1a: Pelipper
|turn|1
|inactive|Battle timer is ON: inactive players will automatically lose when time's up. (requested by Takatalvi)
|l| Gufbchgffbygf
|j| Endill
|
|t:|1641783997
|move|p2a: Landorus|Knock Off|p1a: Pelipper
|-damage|p1a: Pelipper|77/100
|-enditem|p1a: Pelipper|Damp Rock|[from] move: Knock Off|[of] p2a: Landorus
|move|p1a: Pelipper|Scald|p2a: Landorus
|-supereffective|p2a: Landorus
|-damage|p2a: Landorus|32/100
|-status|p2a: Landorus|brn
|
|-weather|RainDance|[upkeep]
|-heal|p2a: Landorus|38/100 brn|[from] item: Leftovers
|-damage|p2a: Landorus|32/100 brn|[from] brn
|upkeep
|turn|2
|
|t:|1641784011
|move|p2a: Landorus|Stealth Rock|p1a: Pelipper
|-sidestart|p1: Takatalvi|move: Stealth Rock
|move|p1a: Pelipper|Defog|p2a: Landorus
|-unboost|p2a: Landorus|evasion|1
|-sideend|p1: Takatalvi|Stealth Rock|[from] move: Defog|[of] p1a: Pelipper
|
|-weather|RainDance|[upkeep]
|-heal|p2a: Landorus|38/100 brn|[from] item: Leftovers
|-damage|p2a: Landorus|32/100 brn|[from] brn
|upkeep
|turn|3
|
|t:|1641784028
|move|p2a: Landorus|Stealth Rock|p1a: Pelipper
|-sidestart|p1: Takatalvi|move: Stealth Rock
|move|p1a: Pelipper|Roost|p1a: Pelipper
|-heal|p1a: Pelipper|100/100
|-singleturn|p1a: Pelipper|move: Roost
|
|-weather|RainDance|[upkeep]
|-heal|p2a: Landorus|38/100 brn|[from] item: Leftovers
|-damage|p2a: Landorus|32/100 brn|[from] brn
|upkeep
|turn|4
|
|t:|1641784033
|switch|p2a: Dragapult|Dragapult, F|100/100
|move|p1a: Pelipper|Defog|p2a: Dragapult
|-unboost|p2a: Dragapult|evasion|1
|-sideend|p1: Takatalvi|Stealth Rock|[from] move: Defog|[of] p1a: Pelipper
|
|-weather|RainDance|[upkeep]
|upkeep
|turn|5
|
|t:|1641784050
|switch|p1a: Tornadus|Tornadus-Therian, M|100/100
|move|p2a: Dragapult|Shadow Ball|p1a: Tornadus
|-damage|p1a: Tornadus|68/100
|
|-weather|RainDance|[upkeep]
|upkeep
|turn|6
|
|t:|1641784061
|switch|p2a: Corviknight|Corviknight, M|100/100
|-ability|p2a: Corviknight|Pressure
|move|p1a: Tornadus|U-turn|p2a: Corviknight
|-resisted|p2a: Corviknight
|-damage|p2a: Corviknight|98/100
|-damage|p1a: Tornadus|51/100|[from] item: Rocky Helmet|[of] p2a: Corviknight
|
|t:|1641784068
|switch|p1a: Volcanion|Volcanion|100/100|[from]move: U-turn
|
|-weather|RainDance|[upkeep]
|upkeep
|turn|7
|
|t:|1641784084
|move|p1a: Volcanion|Steam Eruption|p2a: Corviknight
|-damage|p2a: Corviknight|0 fnt
|faint|p2a: Corviknight
|
|-weather|RainDance|[upkeep]
|upkeep
|
|t:|1641784097
|switch|p2a: Landorus|Landorus-Therian, M|32/100 brn
|-ability|p2a: Landorus|Intimidate|boost
|-unboost|p1a: Volcanion|atk|1
|turn|8
|
|t:|1641784106
|switch|p1a: Pelipper|Pelipper, F|100/100
|move|p2a: Landorus|Stealth Rock|p1a: Pelipper
|-sidestart|p1: Takatalvi|move: Stealth Rock
|
|-weather|none
|-heal|p2a: Landorus|38/100 brn|[from] item: Leftovers
|-damage|p2a: Landorus|32/100 brn|[from] brn
|upkeep
|turn|9
|
|t:|1641784117
|move|p2a: Landorus|U-turn|p1a: Pelipper
|-resisted|p1a: Pelipper
|-damage|p1a: Pelipper|96/100
|
|t:|1641784121
|switch|p2a: Dragapult|Dragapult, F|100/100|[from]move: U-turn
|move|p1a: Pelipper|Defog|p2a: Dragapult
|-unboost|p2a: Dragapult|evasion|1
|-sideend|p1: Takatalvi|Stealth Rock|[from] move: Defog|[of] p1a: Pelipper
|
|upkeep
|turn|10
|
|t:|1641784130
|switch|p1a: Tornadus|Tornadus-Therian, M|84/100
|move|p2a: Dragapult|Draco Meteor|p1a: Tornadus
|-damage|p1a: Tornadus|30/100
|-unboost|p2a: Dragapult|spa|2
|
|upkeep
|turn|11
|j| lol pet kok pet
|j| Alenpa
|inactive|cursedstar has 270 seconds left.
|n| lol pet kok pet|lolpetkokpet
|c| lol pet kok pet|sacando rain
|c| lol pet kok pet|el verdadero mu fish
|
|t:|1641784188
|switch|p2a: Landorus|Landorus-Therian, M|32/100 brn
|-ability|p2a: Landorus|Intimidate|boost
|-unboost|p1a: Tornadus|atk|1
|move|p1a: Tornadus|Knock Off|p2a: Landorus
|-damage|p2a: Landorus|17/100 brn
|-enditem|p2a: Landorus|Leftovers|[from] move: Knock Off|[of] p1a: Tornadus
|
|-damage|p2a: Landorus|11/100 brn|[from] brn
|upkeep
|turn|12
|inactive|Takatalvi has 270 seconds left.
|l| Alenpa
|j| Haru
|l| lol pet kok pet
|j| lol pet kok pet
|inactive|Takatalvi has 240 seconds left.
|
|t:|1641784245
|move|p1a: Tornadus|Heat Wave|p2a: Landorus
|-damage|p2a: Landorus|0 fnt
|faint|p2a: Landorus
|
|upkeep
|
|t:|1641784248
|switch|p2a: Dragapult|Dragapult, F|100/100
|turn|13
|j| ziloXX
|
|t:|1641784253
|switch|p1a: Corviknight|Corviknight, M|100/100
|-ability|p1a: Corviknight|Pressure
|move|p2a: Dragapult|Shadow Ball|p1a: Corviknight
|-damage|p1a: Corviknight|53/100
|
|upkeep
|turn|14
|
|t:|1641784266
|move|p2a: Dragapult|Shadow Ball|p1a: Corviknight
|-damage|p1a: Corviknight|0 fnt
|faint|p1a: Corviknight
|
|upkeep
|
|t:|1641784270
|switch|p1a: Tornadus|Tornadus-Therian, M|63/100
|turn|15
|
|t:|1641784283
|switch|p2a: Heatran|Heatran, F|100/100
|move|p1a: Tornadus|Knock Off|p2a: Heatran
|-damage|p2a: Heatran|84/100
|-enditem|p2a: Heatran|Leftovers|[from] move: Knock Off|[of] p1a: Tornadus
|
|upkeep
|turn|16
|inactive|Takatalvi has 270 seconds left.
|
|t:|1641784303
|switch|p2a: Clefable|Clefable, F|100/100
|move|p1a: Tornadus|U-turn|p2a: Clefable
|-resisted|p2a: Clefable
|-damage|p2a: Clefable|95/100
|
|t:|1641784323
|switch|p1a: Pelipper|Pelipper, F|96/100|[from]move: U-turn
|-weather|RainDance|[from] ability: Drizzle|[of] p1a: Pelipper
|
|-weather|RainDance|[upkeep]
|upkeep
|turn|17
|inactive|Takatalvi has 240 seconds left.
|
|t:|1641784339
|move|p2a: Clefable|Thunder|p1a: Pelipper
|-supereffective|p1a: Pelipper
|-damage|p1a: Pelipper|0 fnt
|faint|p1a: Pelipper
|
|-weather|RainDance|[upkeep]
|upkeep
|inactive|Takatalvi has 240 seconds left.
|c| lol pet kok pet|casa
|c| Haru|mae mia
|c| Estuardo19 >"<|,
|c| lol pet kok pet|por peruvian
|c|☆Takatalvi|lol
|c|☆Takatalvi|me habia olvidado
|c|☆Takatalvi|que fable se usaba thunder
|c|☆Takatalvi|xd
|c|☆Takatalvi|equis de
|j| ENZ1
|inactive|Takatalvi has 210 seconds left.
|inactive|Takatalvi has 180 seconds left.
|j| luchick
|c| Haru|mira te ayudo
|inactive|Takatalvi has 150 seconds left.
|
|t:|1641784434
|switch|p1a: Volcanion|Volcanion|100/100
|turn|18
|c| ziloXX|Bueno no es q lo lleve siempre
|c| Haru|enfin de lokos
|c|☆Takatalvi|No se porque me hablan como si yo supiera lo que estoy haciendo xd
|c|☆Takatalvi|O si tuviera que saber
|inactive|cursedstar has 270 seconds left.
|c| Haru|asi son estos elitistas
|c|☆Takatalvi|Es mi tercer juego de SS OU
|c|☆Takatalvi|Y no jugaba pokes hace 6 meses
|c|☆Takatalvi|xd
|c| ziloXX|Basta agosto nadie dijo nada
|c| ziloXX|Y esa paranoia
|c|☆Takatalvi|Tu vieja dijo
|c|☆Takatalvi|El otro dia
|inactive|cursedstar has 240 seconds left.
|c| ENZ1|no se si la rain es por pelliper o agosto llorando
|c| Endill|nooooooooo
|c|☆Takatalvi|Noooo0o0o0o0o0
|c| ENZ1|jodaaa agosto
|c| Haru|basta
|c| ziloXX|JAJAJDJSJA
|c|☆Takatalvi|Ojala sea por las lagrimas
|c| luchick|es tu culpa q sea tu tercer game flaco yo te ofrecí 10 veces ayuda
|c|☆Takatalvi|Porque si es por pelipper
|c|☆Takatalvi|No va a durar mucho
|c| ENZ1|es que quedaba piola la joda ngl
|c|☆Takatalvi|JAJAJA
|
|t:|1641784519
|switch|p2a: Heatran|Heatran, F|84/100
|move|p1a: Volcanion|Steam Eruption|p2a: Heatran
|-supereffective|p2a: Heatran
|-damage|p2a: Heatran|0 fnt
|faint|p2a: Heatran
|
|-weather|RainDance|[upkeep]
|upkeep
|
|t:|1641784520
|switch|p2a: Dragapult|Dragapult, F|100/100
|turn|19
|
|t:|1641784530
|switch|p1a: Tornadus|Tornadus-Therian, M|97/100
|move|p2a: Dragapult|Shadow Ball|p1a: Tornadus
|-damage|p1a: Tornadus|63/100
|
|-weather|RainDance|[upkeep]
|upkeep
|turn|20
|c| Haru|al suelo mierda
|
|t:|1641784532
|move|p2a: Dragapult|Shadow Ball|p1a: Tornadus
|-damage|p1a: Tornadus|31/100
|move|p1a: Tornadus|U-turn|p2a: Dragapult
|-resisted|p2a: Dragapult
|-damage|p2a: Dragapult|91/100
|
|t:|1641784534
|switch|p1a: Seismitoad|Seismitoad, M|100/100|[from]move: U-turn
|
|-weather|none
|upkeep
|turn|21
|
|t:|1641784542
|move|p2a: Dragapult|Shadow Ball|p1a: Seismitoad
|-damage|p1a: Seismitoad|34/100
|move|p1a: Seismitoad|Earth Power|p2a: Dragapult
|-damage|p2a: Dragapult|26/100
|-damage|p1a: Seismitoad|24/100|[from] item: Life Orb
|
|upkeep
|turn|22
|
|t:|1641784552
|move|p2a: Dragapult|Shadow Ball|p1a: Seismitoad
|-damage|p1a: Seismitoad|0 fnt
|faint|p1a: Seismitoad
|
|upkeep
|
|t:|1641784554
|switch|p1a: Tornadus|Tornadus-Therian, M|64/100
|turn|23
|
|t:|1641784557
|switch|p2a: Clefable|Clefable, F|95/100
|move|p1a: Tornadus|Knock Off|p2a: Clefable
|-resisted|p2a: Clefable
|-damage|p2a: Clefable|87/100
|-enditem|p2a: Clefable|Life Orb|[from] move: Knock Off|[of] p1a: Tornadus
|
|upkeep
|turn|24
|inactive|Takatalvi has 210 seconds left.
|c|☆Takatalvi|toca haxear
|c| luchick|FÉ
|
|t:|1641784583
|move|p1a: Tornadus|Hurricane|p2a: Clefable|[miss]
|-miss|p1a: Tornadus|p2a: Clefable
|move|p2a: Clefable|Thunder|p1a: Tornadus
|-supereffective|p1a: Tornadus
|-damage|p1a: Tornadus|35/100
|
|upkeep
|turn|25
|c|☆Takatalvi|no tuvo fe
|c|☆Takatalvi|FE
|c| luchick|pensá las jugadas
|c| luchick|hijo de putaa
|c|☆Takatalvi|Obligame
|c|☆Takatalvi|gil
|c|☆Takatalvi|Te opensas que tengo ganas
|c|☆Takatalvi|?
|inactive|Takatalvi has 180 seconds left.
|
|t:|1641784615
|move|p1a: Tornadus|Hurricane|p2a: Clefable
|-damage|p2a: Clefable|46/100
|-start|p2a: Clefable|confusion
|-activate|p2a: Clefable|confusion
|-damage|p2a: Clefable|42/100|[from] confusion
|
|upkeep
|turn|26
|c|☆Takatalvi|ahi tenes
|c| luchick|/me lo obliga e.e
|c|☆Takatalvi|mira
|c|☆Takatalvi|la pense
|c| ziloXX|Tuvo fe
|inactive|Takatalvi has 180 seconds left.
|c|☆Takatalvi|Turn 24
|c|☆Takatalvi|Takatalvi has 210 seconds left.
|c|☆Takatalvi|☆Takatalvi: toca haxear
|inactive|cursedstar has 270 seconds left.
|c| Haru|ola
|c|☆Takatalvi|Era cuestion de fe nomas
|inactive|Takatalvi has 150 seconds left.
|c| Haru|dije ola
|c| ENZ1|tu nariz contra mis bolas
|c| ENZ1|humillada
|inactive|cursedstar has 240 seconds left.
|c| Haru|aber
|inactive|Takatalvi has 120 seconds left.
|
|t:|1641784710
|move|p1a: Tornadus|U-turn|p2a: Clefable
|-resisted|p2a: Clefable
|-damage|p2a: Clefable|36/100
|
|t:|1641784713
|switch|p1a: Barraskewda|Barraskewda, F|100/100|[from]move: U-turn
|-end|p2a: Clefable|confusion
|move|p2a: Clefable|Moonblast|p1a: Barraskewda
|-damage|p1a: Barraskewda|36/100
|
|upkeep
|turn|27
|inactive|Takatalvi has 120 seconds left.
|
|t:|1641784730
|switch|p2a: Aegislash|Aegislash, M|100/100
|move|p1a: Barraskewda|Flip Turn|p2a: Aegislash
|-damage|p2a: Aegislash|60/100
|c| ziloXX|Plays?
|c| luchick|omege
|
|t:|1641784747
|switch|p1a: Volcanion|Volcanion|100/100|[from]move: Flip Turn
|
|upkeep
|turn|28
|c| Haru|jugadas
|c| Haru|madre mia
|inactive|cursedstar has 210 seconds left.
|inactive|Takatalvi has 90 seconds left.
|inactive|cursedstar has 180 seconds left.
|
|t:|1641784800
|-formechange|p2a: Aegislash|Aegislash-Blade||[from] ability: Stance Change
|move|p2a: Aegislash|Shadow Sneak|p1a: Volcanion
|-damage|p1a: Volcanion|68/100
|move|p1a: Volcanion|Earth Power|p2a: Aegislash
|-supereffective|p2a: Aegislash
|-crit|p2a: Aegislash
|-damage|p2a: Aegislash|0 fnt
|faint|p2a: Aegislash
|
|upkeep
|inactive|cursedstar has 180 seconds left.
|c| Endill|nomamesqueisiste
|
|t:|1641784818
|switch|p2a: Dragapult|Dragapult, F|26/100
|turn|29
|j| SM Larvitar
|l| SM Larvitar
|j| SM Larvitar
|inactive|Takatalvi has 60 seconds left.
|c| ziloXX|No sea cosa q el fuego no mate a pult
|c| luchick|kajajajaj
|c|☆Takatalvi|JAJAJ
|inactive|Takatalvi has 30 seconds left.
|
|t:|1641784882
|move|p2a: Dragapult|Draco Meteor|p1a: Volcanion|[miss]
|-miss|p2a: Dragapult|p1a: Volcanion
|move|p1a: Volcanion|Earth Power|p2a: Dragapult
|-damage|p2a: Dragapult|0 fnt
|faint|p2a: Dragapult
|
|upkeep
|c| Estuardo19 >"<|La muerte de valen 💀
|c| luchick|ELE JOGA
|c|☆Takatalvi|Turn 24
|c|☆Takatalvi|Takatalvi has 210 seconds left.
|c|☆Takatalvi|☆Takatalvi: toca haxear
|c| ziloXX|Increíble
|
|t:|1641784893
|switch|p2a: Clefable|Clefable, F|36/100
|turn|30
|c| Endill|casa
|
|t:|1641784898
|move|p1a: Volcanion|Earth Power|p2a: Clefable
|-damage|p2a: Clefable|0 fnt
|faint|p2a: Clefable
|
|win|Takatalvi
|l|☆cursedstar
|c|☆Takatalvi|gg sorry por el robo\
|c| luchick|se quedó pq sabía
|c| Endill|mensaje homofobico a piscu
|c| Endill|rn
|c| luchick|Q GRANDEEEE
|c| Endill|tiraba esa
|l| Estuardo19 >"<
|l| ziloXX
|c| luchick|se fue sin gg tremwndo
|l| Endill
|c|☆Takatalvi|JAJAJA
|c|☆Takatalvi|SE RE ENOJO
|c|☆Takatalvi|QUE CULPA TENGO YO
|l| SM Larvitar
|l| lol pet kok pet
