|j|☆kujorto
|j|☆Ls2904
|t:|1641803730
|gametype|singles
|player|p1|kujorto|unknown|1145
|player|p2|Ls2904|cyrus|1153
|teamsize|p1|6
|teamsize|p2|6
|gen|8
|tier|[Gen 8] OU
|rated|
|rule|Sleep Clause Mod: Limit one foe put to sleep
|rule|Species Clause: Limit one of each Pokémon
|rule|OHKO Clause: OHKO moves are banned
|rule|Evasion Moves Clause: Evasion moves are banned
|rule|Endless Battle Clause: Forcing endless battles is banned
|rule|HP Percentage Mod: HP is shown in percentages
|rule|Dynamax Clause: You cannot dynamax
|clearpoke
|poke|p1|Landorus-Therian, M|
|poke|p1|Ferrothorn, M|
|poke|p1|Garchomp, M|
|poke|p1|Rotom-Wash|
|poke|p1|Volcarona, M|
|poke|p1|Weavile, F|
|poke|p2|Dragonite, F|
|poke|p2|Bisharp, F|
|poke|p2|Clefable, F|
|poke|p2|Heatran, F|
|poke|p2|Dragapult, F|
|poke|p2|Mienshao, F|
|teampreview
|inactive|Battle timer is ON: inactive players will automatically lose when time's up. (requested by Ls2904)
|
|t:|1641803755
|start
|switch|p1a: Landorus|Landorus-Therian, M|100/100
|switch|p2a: Mienshao|Mienshao, F, shiny|100/100
|-ability|p1a: Landorus|Intimidate|boost
|-unboost|p2a: Mienshao|atk|1
|turn|1
|
|t:|1641803775
|move|p2a: Mienshao|Fake Out|p1a: Landorus
|-damage|p1a: Landorus|91/100
|cant|p1a: Landorus|flinch
|
|-heal|p1a: Landorus|97/100|[from] item: Leftovers
|upkeep
|turn|2
|
|t:|1641803783
|move|p2a: Mienshao|U-turn|p1a: Landorus
|-resisted|p1a: Landorus
|-damage|p1a: Landorus|89/100
|
|t:|1641803786
|switch|p2a: Dragonite|Dragonite, F, shiny|100/100|[from]move: U-turn
|move|p1a: Landorus|Stealth Rock|p2a: Dragonite
|-sidestart|p2: Ls2904|move: Stealth Rock
|
|-heal|p1a: Landorus|95/100|[from] item: Leftovers
|upkeep
|turn|3
|
|t:|1641803793
|move|p2a: Dragonite|Dragon Dance|p2a: Dragonite
|-boost|p2a: Dragonite|atk|1
|-boost|p2a: Dragonite|spe|1
|move|p1a: Landorus|U-turn|p2a: Dragonite
|-resisted|p2a: Dragonite
|-damage|p2a: Dragonite|94/100
|
|t:|1641803801
|switch|p1a: Weavile|Weavile, F|100/100|[from]move: U-turn
|-ability|p1a: Weavile|Pressure
|
|upkeep
|turn|4
|c|☆kujorto|how point do you have ?
|c|☆kujorto|ur classement
|c|☆kujorto|1300 ?
|c|☆kujorto|1200 ?
|c|☆kujorto|1100 ?
|inactive|kujorto has 120 seconds left.
|
|t:|1641803840
|move|p2a: Dragonite|Extreme Speed|p1a: Weavile
|-damage|p1a: Weavile|23/100
|move|p1a: Weavile|Low Kick|p2a: Dragonite
|-resisted|p2a: Dragonite
|-damage|p2a: Dragonite|60/100
|
|upkeep
|turn|5
|inactive|kujorto has 120 seconds left.
|
|t:|1641803848
|switch|p1a: Ferrothorn|Ferrothorn, M, shiny|100/100
|move|p2a: Dragonite|Extreme Speed|p1a: Ferrothorn
|-resisted|p1a: Ferrothorn
|-damage|p1a: Ferrothorn|81/100
|-damage|p2a: Dragonite|48/100|[from] ability: Iron Barbs|[of] p1a: Ferrothorn
|-damage|p2a: Dragonite|31/100|[from] item: Rocky Helmet|[of] p1a: Ferrothorn
|
|upkeep
|turn|6
|
|t:|1641803857
|move|p2a: Dragonite|Dual Wingbeat|p1a: Ferrothorn
|-damage|p1a: Ferrothorn|55/100
|-damage|p2a: Dragonite|19/100|[from] ability: Iron Barbs|[of] p1a: Ferrothorn
|-damage|p2a: Dragonite|3/100|[from] item: Rocky Helmet|[of] p1a: Ferrothorn
|-damage|p1a: Ferrothorn|26/100
|-damage|p2a: Dragonite|0 fnt|[from] ability: Iron Barbs|[of] p1a: Ferrothorn
|faint|p2a: Dragonite
|-hitcount|p1a: Ferrothorn|2
|move|p1a: Ferrothorn|Knock Off|p2: Dragonite|[notarget]
|-fail|p1a: Ferrothorn
|
|upkeep
|c|☆kujorto|ok u are bad
|
|t:|1641803871
|switch|p2a: Bisharp|Bisharp, F|100/100
|-damage|p2a: Bisharp|95/100|[from] Stealth Rock
|turn|7
|
|t:|1641803888
|switch|p1a: Garchomp|Garchomp, M|100/100
|move|p2a: Bisharp|Knock Off|p1a: Garchomp
|-damage|p1a: Garchomp|50/100
|-damage|p2a: Bisharp|82/100|[from] ability: Rough Skin|[of] p1a: Garchomp
|-enditem|p1a: Garchomp|Pecha Berry|[from] move: Knock Off|[of] p2a: Bisharp
|
|upkeep
|turn|8
|inactive|kujorto has 120 seconds left.
|
|t:|1641803904
|switch|p2a: Dragapult|Dragapult, F, shiny|100/100
|-damage|p2a: Dragapult|88/100|[from] Stealth Rock
|move|p1a: Garchomp|Swords Dance|p1a: Garchomp
|-boost|p1a: Garchomp|atk|2
|
|upkeep
|turn|9
|
|t:|1641803914
|switch|p1a: Ferrothorn|Ferrothorn, M, shiny|26/100
|move|p2a: Dragapult|Draco Meteor|p1a: Ferrothorn
|-resisted|p1a: Ferrothorn
|-damage|p1a: Ferrothorn|0 fnt
|-unboost|p2a: Dragapult|spa|2
|faint|p1a: Ferrothorn
|-damage|p2a: Dragapult|78/100|[from] item: Life Orb
|
|upkeep
|inactive|kujorto has 120 seconds left.
|
|t:|1641803938
|switch|p1a: Landorus|Landorus-Therian, M|95/100
|-ability|p1a: Landorus|Intimidate|boost
|-unboost|p2a: Dragapult|atk|1
|turn|10
|
|t:|1641803943
|move|p2a: Dragapult|U-turn|p1a: Landorus
|-resisted|p1a: Landorus
|-damage|p1a: Landorus|89/100
|-damage|p2a: Dragapult|69/100|[from] item: Life Orb
|
|t:|1641803950
|switch|p2a: Clefable|Clefable, F, shiny|100/100|[from]move: U-turn
|move|p1a: Landorus|Knock Off|p2a: Clefable
|-resisted|p2a: Clefable
|-damage|p2a: Clefable|81/100
|-enditem|p2a: Clefable|Leftovers|[from] move: Knock Off|[of] p1a: Landorus
|
|-heal|p1a: Landorus|95/100|[from] item: Leftovers
|upkeep
|turn|11
|inactive|kujorto has 120 seconds left.
|inactive|kujorto has 90 seconds left.
|
|t:|1641803998
|move|p1a: Landorus|Earthquake|p2a: Clefable
|-crit|p2a: Clefable
|-damage|p2a: Clefable|0 fnt
|faint|p2a: Clefable
|
|-heal|p1a: Landorus|100/100|[from] item: Leftovers
|upkeep
|
|t:|1641804010
|switch|p2a: Dragapult|Dragapult, F, shiny|69/100
|-damage|p2a: Dragapult|56/100|[from] Stealth Rock
|turn|12
|
|t:|1641804021
|move|p2a: Dragapult|Draco Meteor|p1a: Landorus
|-damage|p1a: Landorus|32/100
|-unboost|p2a: Dragapult|spa|2
|-damage|p2a: Dragapult|47/100|[from] item: Life Orb
|move|p1a: Landorus|Knock Off|p2a: Dragapult
|-supereffective|p2a: Dragapult
|-damage|p2a: Dragapult|0 fnt
|-enditem|p2a: Dragapult|Life Orb|[from] move: Knock Off|[of] p1a: Landorus
|faint|p2a: Dragapult
|
|-heal|p1a: Landorus|38/100|[from] item: Leftovers
|upkeep
|
|t:|1641804037
|switch|p2a: Mienshao|Mienshao, F, shiny|100/100
|-damage|p2a: Mienshao|94/100|[from] Stealth Rock
|turn|13
|inactive|kujorto has 90 seconds left.
|
|t:|1641804061
|switch|p1a: Rotom|Rotom-Wash, shiny|100/100
|move|p2a: Mienshao|Knock Off|p1a: Rotom
|-damage|p1a: Rotom|57/100
|-enditem|p1a: Rotom|Choice Scarf|[from] move: Knock Off|[of] p2a: Mienshao
|
|upkeep
|turn|14
|
|t:|1641804071
|move|p2a: Mienshao|Close Combat|p1a: Rotom
|-damage|p1a: Rotom|0 fnt
|-unboost|p2a: Mienshao|def|1
|-unboost|p2a: Mienshao|spd|1
|faint|p1a: Rotom
|
|upkeep
|
|t:|1641804078
|switch|p1a: Landorus|Landorus-Therian, M|38/100
|-ability|p1a: Landorus|Intimidate|boost
|-unboost|p2a: Mienshao|atk|1
|turn|15
|
|t:|1641804084
|move|p2a: Mienshao|U-turn|p1a: Landorus
|-resisted|p1a: Landorus
|-damage|p1a: Landorus|30/100
|c|☆kujorto|hahahahahahahaa
|
|t:|1641804092
|switch|p2a: Heatran|Heatran, F|100/100|[from]move: U-turn
|-damage|p2a: Heatran|88/100|[from] Stealth Rock
|move|p1a: Landorus|Earthquake|p2a: Heatran
|-supereffective|p2a: Heatran
|-damage|p2a: Heatran|0 fnt
|faint|p2a: Heatran
|
|-heal|p1a: Landorus|36/100|[from] item: Leftovers
|upkeep
|
|t:|1641804101
|switch|p2a: Bisharp|Bisharp, F|82/100
|-damage|p2a: Bisharp|76/100|[from] Stealth Rock
|turn|16
|
|t:|1641804113
|move|p2a: Bisharp|Sucker Punch|p1a: Landorus
|-damage|p1a: Landorus|0 fnt
|faint|p1a: Landorus
|
|upkeep
|
|t:|1641804122
|switch|p1a: Volcarona|Volcarona, M|100/100
|turn|17
|inactive|kujorto has 120 seconds left.
|
|t:|1641804133
|move|p1a: Volcarona|Bug Buzz|p2a: Bisharp
|-damage|p2a: Bisharp|12/100
|move|p2a: Bisharp|Knock Off|p1a: Volcarona
|-damage|p1a: Volcarona|26/100
|-enditem|p1a: Volcarona|Heavy-Duty Boots|[from] move: Knock Off|[of] p2a: Bisharp
|
|upkeep
|turn|18
|inactive|kujorto has 120 seconds left.
|
|t:|1641804141
|move|p2a: Bisharp|Sucker Punch||[still]
|-fail|p2a: Bisharp
|move|p1a: Volcarona|Quiver Dance|p1a: Volcarona
|-boost|p1a: Volcarona|spa|1
|-boost|p1a: Volcarona|spd|1
|-boost|p1a: Volcarona|spe|1
|
|upkeep
|turn|19
|inactive|kujorto has 120 seconds left.
|
|t:|1641804151
|move|p2a: Bisharp|Sucker Punch||[still]
|-fail|p2a: Bisharp
|move|p1a: Volcarona|Quiver Dance|p1a: Volcarona
|-boost|p1a: Volcarona|spa|1
|-boost|p1a: Volcarona|spd|1
|-boost|p1a: Volcarona|spe|1
|
|upkeep
|turn|20
|c|☆kujorto|ahahhahahaa
|inactive|kujorto has 120 seconds left.
|
|t:|1641804178
|move|p1a: Volcarona|Bug Buzz|p2a: Bisharp
|-damage|p2a: Bisharp|0 fnt
|faint|p2a: Bisharp
|
|upkeep
|c|☆kujorto|AHAHAHHAHAHA
|
|t:|1641804183
|switch|p2a: Mienshao|Mienshao, F, shiny|100/100
|-damage|p2a: Mienshao|94/100|[from] Stealth Rock
|turn|21
|
|t:|1641804191
|move|p2a: Mienshao|Fake Out|p1a: Volcarona
|-damage|p1a: Volcarona|4/100
|cant|p1a: Volcarona|flinch
|
|upkeep
|turn|22
|
|t:|1641804198
|move|p1a: Volcarona|Psychic|p2a: Mienshao
|-supereffective|p2a: Mienshao
|-damage|p2a: Mienshao|0 fnt
|faint|p2a: Mienshao
|
|win|kujorto
|raw|kujorto's rating: 1145 &rarr; <strong>1171</strong><br />(+26 for winning)
|raw|Ls2904's rating: 1153 &rarr; <strong>1127</strong><br />(-26 for losing)
|c|☆kujorto|ouch
|l|☆Ls2904
|c|☆kujorto|gggg
