|j|☆dieguin o mito
|j|☆Seven heartz
|t:|1641841433
|gametype|singles
|player|p1|dieguin o mito|caitlin|
|player|p2|Seven heartz|shadowtriad|
|teamsize|p1|6
|teamsize|p2|6
|gen|8
|tier|[Gen 8] OU
|rule|Sleep Clause Mod: Limit one foe put to sleep
|rule|Species Clause: Limit one of each Pokémon
|rule|OHKO Clause: OHKO moves are banned
|rule|Evasion Moves Clause: Evasion moves are banned
|rule|Endless Battle Clause: Forcing endless battles is banned
|rule|HP Percentage Mod: HP is shown in percentages
|rule|Dynamax Clause: You cannot dynamax
|clearpoke
|poke|p1|Landorus-Therian, M|
|poke|p1|Weavile, F|
|poke|p1|Tapu Lele|
|poke|p1|Zapdos|
|poke|p1|Toxapex, F|
|poke|p1|Urshifu-*, F|
|poke|p2|Tyranitar, M|
|poke|p2|Excadrill, F|
|poke|p2|Dracozolt|
|poke|p2|Tangrowth, F|
|poke|p2|Slowking, F|
|poke|p2|Tornadus-Therian, M|
|teampreview
|
|t:|1641841446
|start
|switch|p1a: Urshifu|Urshifu-Rapid-Strike, F|100/100
|switch|p2a: Stress|Tornadus-Therian, M|100/100
|turn|1
|
|t:|1641841454
|switch|p2a: Guns|Tangrowth, F|100/100
|switch|p1a: Zapdos|Zapdos|100/100
|
|upkeep
|turn|2
|
|t:|1641841462
|switch|p2a: Overhead|Tyranitar, M|100/100
|-weather|Sandstorm|[from] ability: Sand Stream|[of] p2a: Overhead
|move|p1a: Zapdos|Heat Wave|p2a: Overhead
|-resisted|p2a: Overhead
|-damage|p2a: Overhead|95/100
|
|-weather|Sandstorm|[upkeep]
|-damage|p1a: Zapdos|94/100|[from] Sandstorm
|-heal|p2a: Overhead|100/100|[from] item: Leftovers
|upkeep
|turn|3
|
|t:|1641841471
|switch|p1a: Urshifu|Urshifu-Rapid-Strike, F|100/100
|move|p2a: Overhead|Stealth Rock|p1a: Urshifu
|-sidestart|p1: dieguin o mito|move: Stealth Rock
|
|-weather|Sandstorm|[upkeep]
|-damage|p1a: Urshifu|94/100|[from] Sandstorm
|upkeep
|turn|4
|
|t:|1641841477
|switch|p2a: Guns|Tangrowth, F|100/100
|move|p1a: Urshifu|U-turn|p2a: Guns
|-supereffective|p2a: Guns
|-damage|p2a: Guns|61/100
|-damage|p1a: Urshifu|78/100|[from] item: Rocky Helmet|[of] p2a: Guns
|
|t:|1641841484
|switch|p1a: Zapdos|Zapdos|94/100|[from]move: U-turn
|
|-weather|Sandstorm|[upkeep]
|-damage|p1a: Zapdos|88/100|[from] Sandstorm
|-damage|p2a: Guns|55/100|[from] Sandstorm
|upkeep
|turn|5
|
|t:|1641841491
|switch|p2a: Overhead|Tyranitar, M|100/100
|move|p1a: Zapdos|Defog|p2a: Overhead
|-unboost|p2a: Overhead|evasion|1
|-sideend|p1: dieguin o mito|Stealth Rock|[from] move: Defog|[of] p1a: Zapdos
|
|-weather|Sandstorm|[upkeep]
|-damage|p1a: Zapdos|82/100|[from] Sandstorm
|upkeep
|turn|6
|
|t:|1641841498
|move|p1a: Zapdos|Volt Switch|p2a: Overhead
|-damage|p2a: Overhead|87/100
|
|t:|1641841502
|switch|p1a: Landorus|Landorus-Therian, M|100/100|[from]move: Volt Switch
|-ability|p1a: Landorus|Intimidate|boost
|-unboost|p2a: Overhead|atk|1
|move|p2a: Overhead|Stealth Rock|p1a: Landorus
|-sidestart|p1: dieguin o mito|move: Stealth Rock
|
|-weather|none
|-heal|p2a: Overhead|93/100|[from] item: Leftovers
|upkeep
|turn|7
|
|t:|1641841508
|switch|p2a: Stress|Tornadus-Therian, M|100/100
|move|p1a: Landorus|Toxic|p2a: Stress
|-status|p2a: Stress|tox
|
|-damage|p2a: Stress|94/100 tox|[from] psn
|upkeep
|turn|8
|
|t:|1641841516
|move|p2a: Stress|Icy Wind|p1a: Landorus
|-supereffective|p1a: Landorus
|-damage|p1a: Landorus|48/100
|-unboost|p1a: Landorus|spe|1
|move|p1a: Landorus|Stealth Rock|p2a: Stress
|-sidestart|p2: Seven heartz|move: Stealth Rock
|
|-heal|p1a: Landorus|54/100|[from] item: Leftovers
|-damage|p2a: Stress|82/100 tox|[from] psn
|upkeep
|turn|9
|
|t:|1641841525
|switch|p1a: Toxapex|Toxapex, F|100/100
|-damage|p1a: Toxapex|88/100|[from] Stealth Rock
|move|p2a: Stress|Icy Wind|p1a: Toxapex
|-resisted|p1a: Toxapex
|-damage|p1a: Toxapex|81/100
|-unboost|p1a: Toxapex|spe|1
|
|-damage|p2a: Stress|64/100 tox|[from] psn
|upkeep
|turn|10
|
|t:|1641841531
|move|p2a: Stress|U-turn|p1a: Toxapex
|-resisted|p1a: Toxapex
|-damage|p1a: Toxapex|76/100
|-damage|p2a: Stress|48/100 tox|[from] item: Rocky Helmet|[of] p1a: Toxapex
|
|t:|1641841535
|switch|p2a: Lo-Fight|Slowking, F|100/100|[from]move: U-turn
|move|p1a: Toxapex|Knock Off|p2a: Lo-Fight
|-supereffective|p2a: Lo-Fight
|-damage|p2a: Lo-Fight|74/100
|-enditem|p2a: Lo-Fight|Heavy-Duty Boots|[from] move: Knock Off|[of] p1a: Toxapex
|
|upkeep
|turn|11
|
|t:|1641841542
|move|p1a: Toxapex|Scald|p2a: Lo-Fight
|-resisted|p2a: Lo-Fight
|-damage|p2a: Lo-Fight|69/100
|move|p2a: Lo-Fight|Teleport|p2a: Lo-Fight
|
|t:|1641841548
|switch|p2a: Dracozolt|Dracozolt|100/100|[from]move: Teleport
|-damage|p2a: Dracozolt|88/100|[from] Stealth Rock
|
|-heal|p2a: Dracozolt|94/100|[from] item: Leftovers
|upkeep
|turn|12
|
|t:|1641841554
|move|p2a: Dracozolt|Substitute|p2a: Dracozolt
|-start|p2a: Dracozolt|Substitute
|-damage|p2a: Dracozolt|69/100
|move|p1a: Toxapex|Knock Off|p2a: Dracozolt
|-activate|p2a: Dracozolt|move: Substitute|[damage]
|
|-heal|p2a: Dracozolt|76/100|[from] item: Leftovers
|upkeep
|turn|13
|
|t:|1641841562
|move|p2a: Dracozolt|Bolt Beak|p1a: Toxapex
|-supereffective|p1a: Toxapex
|-damage|p1a: Toxapex|0 fnt
|-damage|p2a: Dracozolt|59/100|[from] item: Rocky Helmet|[of] p1a: Toxapex
|faint|p1a: Toxapex
|
|-heal|p2a: Dracozolt|65/100|[from] item: Leftovers
|upkeep
|
|t:|1641841568
|switch|p1a: Landorus|Landorus-Therian, M|54/100
|-damage|p1a: Landorus|42/100|[from] Stealth Rock
|-ability|p1a: Landorus|Intimidate|boost
|-immune|p2a: Dracozolt
|turn|14
|
|t:|1641841577
|move|p2a: Dracozolt|Draco Meteor|p1a: Landorus|[miss]
|-miss|p2a: Dracozolt|p1a: Landorus
|move|p1a: Landorus|Earthquake|p2a: Dracozolt
|-supereffective|p2a: Dracozolt
|-end|p2a: Dracozolt|Substitute
|
|-heal|p2a: Dracozolt|72/100|[from] item: Leftovers
|-heal|p1a: Landorus|48/100|[from] item: Leftovers
|upkeep
|turn|15
|
|t:|1641841587
|switch|p2a: Stress|Tornadus-Therian, M|81/100 tox
|move|p1a: Landorus|Earthquake|p2a: Stress
|-immune|p2a: Stress
|
|-heal|p1a: Landorus|54/100|[from] item: Leftovers
|-damage|p2a: Stress|75/100 tox|[from] psn
|upkeep
|turn|16
|
|t:|1641841599
|switch|p1a: Urshifu|Urshifu-Rapid-Strike, F|78/100
|-damage|p1a: Urshifu|72/100|[from] Stealth Rock
|move|p2a: Stress|Icy Wind|p1a: Urshifu
|-resisted|p1a: Urshifu
|-damage|p1a: Urshifu|60/100
|-unboost|p1a: Urshifu|spe|1
|
|-damage|p2a: Stress|63/100 tox|[from] psn
|upkeep
|turn|17
|
|t:|1641841606
|switch|p1a: Zapdos|Zapdos|82/100
|move|p2a: Stress|Hurricane|p1a: Zapdos|[miss]
|-miss|p2a: Stress|p1a: Zapdos
|
|-damage|p2a: Stress|45/100 tox|[from] psn
|upkeep
|turn|18
|
|t:|1641841610
|move|p2a: Stress|U-turn|p1a: Zapdos
|-resisted|p1a: Zapdos
|-damage|p1a: Zapdos|76/100
|
|t:|1641841613
|switch|p2a: Overhead|Tyranitar, M|93/100|[from]move: U-turn
|-damage|p2a: Overhead|81/100|[from] Stealth Rock
|-weather|Sandstorm|[from] ability: Sand Stream|[of] p2a: Overhead
|move|p1a: Zapdos|Volt Switch|p2a: Overhead
|-crit|p2a: Overhead
|-damage|p2a: Overhead|64/100
|
|t:|1641841622
|switch|p1a: Urshifu|Urshifu-Rapid-Strike, F|60/100|[from]move: Volt Switch
|-damage|p1a: Urshifu|54/100|[from] Stealth Rock
|
|-weather|Sandstorm|[upkeep]
|-damage|p1a: Urshifu|47/100|[from] Sandstorm
|-heal|p2a: Overhead|70/100|[from] item: Leftovers
|upkeep
|turn|19
|
|t:|1641841632
|move|p2a: Overhead|Protect|p2a: Overhead
|-singleturn|p2a: Overhead|Protect
|move|p1a: Urshifu|U-turn|p2a: Overhead
|-supereffective|p2a: Overhead
|-damage|p2a: Overhead|15/100
|
|t:|1641841642
|switch|p1a: Zapdos|Zapdos|76/100|[from]move: U-turn
|
|-weather|Sandstorm|[upkeep]
|-damage|p1a: Zapdos|70/100|[from] Sandstorm
|-heal|p2a: Overhead|22/100|[from] item: Leftovers
|upkeep
|turn|20
|
|t:|1641841668
|switch|p2a: Dracozolt|Dracozolt|72/100
|-damage|p2a: Dracozolt|59/100|[from] Stealth Rock
|move|p1a: Zapdos|Volt Switch|p2a: Dracozolt
|-resisted|p2a: Dracozolt
|-damage|p2a: Dracozolt|48/100
|
|t:|1641841675
|switch|p1a: Landorus|Landorus-Therian, M|54/100|[from]move: Volt Switch
|-damage|p1a: Landorus|42/100|[from] Stealth Rock
|-ability|p1a: Landorus|Intimidate|boost
|-unboost|p2a: Dracozolt|atk|1
|
|-weather|Sandstorm|[upkeep]
|-heal|p2a: Dracozolt|54/100|[from] item: Leftovers
|-heal|p1a: Landorus|48/100|[from] item: Leftovers
|upkeep
|turn|21
|
|t:|1641841687
|switch|p2a: Guns|Tangrowth, F|88/100
|-damage|p2a: Guns|76/100|[from] Stealth Rock
|move|p1a: Landorus|Earthquake|p2a: Guns
|-resisted|p2a: Guns
|-damage|p2a: Guns|63/100
|
|-weather|Sandstorm|[upkeep]
|-damage|p2a: Guns|57/100|[from] Sandstorm
|-heal|p1a: Landorus|54/100|[from] item: Leftovers
|upkeep
|turn|22
|
|t:|1641841693
|move|p1a: Landorus|U-turn|p2a: Guns
|-supereffective|p2a: Guns
|-damage|p2a: Guns|33/100
|-damage|p1a: Landorus|37/100|[from] item: Rocky Helmet|[of] p2a: Guns
|
|t:|1641841696
|switch|p1a: Zapdos|Zapdos|70/100|[from]move: U-turn
|move|p2a: Guns|Sleep Powder|p1a: Zapdos
|-status|p1a: Zapdos|slp|[from] move: Sleep Powder
|
|-weather|none
|upkeep
|turn|23
|
|t:|1641841702
|switch|p2a: Overhead|Tyranitar, M|22/100
|-damage|p2a: Overhead|9/100|[from] Stealth Rock
|-weather|Sandstorm|[from] ability: Sand Stream|[of] p2a: Overhead
|cant|p1a: Zapdos|slp
|
|-weather|Sandstorm|[upkeep]
|-damage|p1a: Zapdos|64/100 slp|[from] Sandstorm
|-heal|p2a: Overhead|15/100|[from] item: Leftovers
|upkeep
|turn|24
|
|t:|1641841713
|switch|p1a: Landorus|Landorus-Therian, M|37/100
|-damage|p1a: Landorus|25/100|[from] Stealth Rock
|-ability|p1a: Landorus|Intimidate|boost
|-unboost|p2a: Overhead|atk|1
|move|p2a: Overhead|Rock Blast|p1a: Landorus
|-damage|p1a: Landorus|18/100
|-damage|p1a: Landorus|10/100
|-damage|p1a: Landorus|4/100
|-hitcount|p1a: Landorus|3
|
|-weather|Sandstorm|[upkeep]
|-heal|p1a: Landorus|10/100|[from] item: Leftovers
|-heal|p2a: Overhead|22/100|[from] item: Leftovers
|upkeep
|turn|25
|
|t:|1641841722
|switch|p2a: Stress|Tornadus-Therian, M|78/100 tox
|move|p1a: Landorus|U-turn|p2a: Stress
|-resisted|p2a: Stress
|-damage|p2a: Stress|62/100 tox
|
|t:|1641841728
|switch|p1a: Zapdos|Zapdos|64/100 slp|[from]move: U-turn
|
|-weather|Sandstorm|[upkeep]
|-damage|p2a: Stress|56/100 tox|[from] Sandstorm
|-damage|p1a: Zapdos|58/100 slp|[from] Sandstorm
|-damage|p2a: Stress|50/100 tox|[from] psn
|upkeep
|turn|26
|
|t:|1641841737
|move|p2a: Stress|U-turn|p1a: Zapdos
|-resisted|p1a: Zapdos
|-damage|p1a: Zapdos|52/100 slp
|
|t:|1641841740
|switch|p2a: Dracozolt|Dracozolt|54/100|[from]move: U-turn
|-damage|p2a: Dracozolt|42/100|[from] Stealth Rock
|-curestatus|p1a: Zapdos|slp|[msg]
|move|p1a: Zapdos|Volt Switch|p2a: Dracozolt
|-resisted|p2a: Dracozolt
|-damage|p2a: Dracozolt|31/100
|
|t:|1641841748
|switch|p1a: Tapu Lele|Tapu Lele|100/100|[from]move: Volt Switch
|-damage|p1a: Tapu Lele|88/100|[from] Stealth Rock
|-fieldstart|move: Psychic Terrain|[from] ability: Psychic Surge|[of] p1a: Tapu Lele
|
|-weather|Sandstorm|[upkeep]
|-damage|p1a: Tapu Lele|82/100|[from] Sandstorm
|-heal|p2a: Dracozolt|37/100|[from] item: Leftovers
|upkeep
|turn|27
|
|t:|1641841754
|move|p2a: Dracozolt|Bolt Beak|p1a: Tapu Lele
|-damage|p1a: Tapu Lele|0 fnt
|faint|p1a: Tapu Lele
|
|-weather|none
|-heal|p2a: Dracozolt|43/100|[from] item: Leftovers
|upkeep
|
|t:|1641841760
|switch|p1a: Weavile|Weavile, F|100/100
|-ability|p1a: Weavile|Pressure
|turn|28
|
|t:|1641841799
|switch|p2a: Overhead|Tyranitar, M|22/100
|-damage|p2a: Overhead|9/100|[from] Stealth Rock
|-weather|Sandstorm|[from] ability: Sand Stream|[of] p2a: Overhead
|move|p1a: Weavile|Swords Dance|p1a: Weavile
|-boost|p1a: Weavile|atk|2
|
|-weather|Sandstorm|[upkeep]
|-damage|p1a: Weavile|94/100|[from] Sandstorm
|-heal|p2a: Overhead|15/100|[from] item: Leftovers
|upkeep
|turn|29
|
|t:|1641841808
|move|p1a: Weavile|Knock Off|p2a: Overhead
|-resisted|p2a: Overhead
|-damage|p2a: Overhead|0 fnt
|-enditem|p2a: Overhead|Leftovers|[from] move: Knock Off|[of] p1a: Weavile
|faint|p2a: Overhead
|
|-weather|Sandstorm|[upkeep]
|-damage|p1a: Weavile|88/100|[from] Sandstorm
|upkeep
|
|t:|1641841816
|switch|p2a: Dracozolt|Dracozolt|43/100
|-damage|p2a: Dracozolt|31/100|[from] Stealth Rock
|turn|30
|
|t:|1641841828
|move|p1a: Weavile|Ice Shard|p2a: Dracozolt
|-activate|p2a: Dracozolt|move: Psychic Terrain
|move|p2a: Dracozolt|Bolt Beak|p1a: Weavile
|-damage|p1a: Weavile|24/100
|
|-weather|Sandstorm|[upkeep]
|-damage|p1a: Weavile|18/100|[from] Sandstorm
|-heal|p2a: Dracozolt|37/100|[from] item: Leftovers
|-fieldend|move: Psychic Terrain
|upkeep
|turn|31
|
|t:|1641841860
|move|p1a: Weavile|Ice Shard|p2a: Dracozolt
|-supereffective|p2a: Dracozolt
|-damage|p2a: Dracozolt|0 fnt
|faint|p2a: Dracozolt
|
|-weather|Sandstorm|[upkeep]
|-damage|p1a: Weavile|12/100|[from] Sandstorm
|upkeep
|
|t:|1641841863
|switch|p2a: Ugh|Excadrill, F|100/100
|-damage|p2a: Ugh|97/100|[from] Stealth Rock
|turn|32
|
|t:|1641841871
|move|p2a: Ugh|Rapid Spin|p1a: Weavile
|-damage|p1a: Weavile|0 fnt
|-boost|p2a: Ugh|spe|1
|-sideend|p2: Seven heartz|Stealth Rock|[from] move: Rapid Spin|[of] p2a: Ugh
|faint|p1a: Weavile
|
|-weather|none
|-heal|p2a: Ugh|100/100|[from] item: Leftovers
|upkeep
|
|t:|1641841876
|switch|p1a: Urshifu|Urshifu-Rapid-Strike, F|47/100
|-damage|p1a: Urshifu|41/100|[from] Stealth Rock
|turn|33
|
|t:|1641841882
|switch|p2a: Guns|Tangrowth, F|66/100
|move|p1a: Urshifu|U-turn|p2a: Guns
|-supereffective|p2a: Guns
|-damage|p2a: Guns|29/100
|-damage|p1a: Urshifu|25/100|[from] item: Rocky Helmet|[of] p2a: Guns
|
|t:|1641841887
|switch|p1a: Zapdos|Zapdos|52/100|[from]move: U-turn
|
|upkeep
|turn|34
|
|t:|1641841894
|switch|p2a: Lo-Fight|Slowking, F|100/100
|move|p1a: Zapdos|Heat Wave|p2a: Lo-Fight
|-resisted|p2a: Lo-Fight
|-crit|p2a: Lo-Fight
|-damage|p2a: Lo-Fight|89/100
|
|upkeep
|turn|35
|
|t:|1641841901
|move|p1a: Zapdos|Volt Switch|p2a: Lo-Fight
|-supereffective|p2a: Lo-Fight
|-damage|p2a: Lo-Fight|55/100
|
|t:|1641841909
|switch|p1a: Landorus|Landorus-Therian, M|10/100|[from]move: Volt Switch
|-damage|p1a: Landorus|0 fnt|[from] Stealth Rock
|faint|p1a: Landorus
|move|p2a: Lo-Fight|Future Sight|p1: Landorus
|-start|p2a: Lo-Fight|move: Future Sight
|
|upkeep
|
|t:|1641841916
|switch|p1a: Zapdos|Zapdos|52/100
|turn|36
|
|t:|1641841929
|switch|p2a: Stress|Tornadus-Therian, M|83/100 tox
|move|p1a: Zapdos|Roost|p1a: Zapdos
|-heal|p1a: Zapdos|100/100
|-singleturn|p1a: Zapdos|move: Roost
|
|-damage|p2a: Stress|77/100 tox|[from] psn
|upkeep
|turn|37
|
|t:|1641841935
|move|p2a: Stress|Icy Wind|p1a: Zapdos
|-supereffective|p1a: Zapdos
|-damage|p1a: Zapdos|69/100
|-unboost|p1a: Zapdos|spe|1
|move|p1a: Zapdos|Volt Switch|p2a: Stress
|-supereffective|p2a: Stress
|-damage|p2a: Stress|5/100 tox
|
|t:|1641841942
|switch|p1a: Urshifu|Urshifu-Rapid-Strike, F|25/100|[from]move: Volt Switch
|-damage|p1a: Urshifu|19/100|[from] Stealth Rock
|
|-end|p1a: Urshifu|move: Future Sight
|-supereffective|p1a: Urshifu
|-damage|p1a: Urshifu|0 fnt
|faint|p1a: Urshifu
|-damage|p2a: Stress|0 fnt|[from] psn
|faint|p2a: Stress
|upkeep
|
|t:|1641841949
|switch|p2a: Lo-Fight|Slowking, F|88/100
|switch|p1a: Zapdos|Zapdos|69/100
|turn|38
|
|t:|1641841956
|move|p1a: Zapdos|Volt Switch|p2a: Lo-Fight
|-supereffective|p2a: Lo-Fight
|-damage|p2a: Lo-Fight|51/100
|move|p2a: Lo-Fight|Scald|p1a: Zapdos
|-damage|p1a: Zapdos|43/100
|-status|p1a: Zapdos|brn
|
|-damage|p1a: Zapdos|37/100 brn|[from] brn
|upkeep
|turn|39
|
|t:|1641841965
|move|p1a: Zapdos|Roost|p1a: Zapdos
|-heal|p1a: Zapdos|87/100 brn
|-singleturn|p1a: Zapdos|move: Roost
|move|p2a: Lo-Fight|Slack Off|p2a: Lo-Fight
|-heal|p2a: Lo-Fight|100/100
|
|-damage|p1a: Zapdos|81/100 brn|[from] brn
|upkeep
|turn|40
|
|t:|1641841969
|move|p1a: Zapdos|Volt Switch|p2a: Lo-Fight
|-supereffective|p2a: Lo-Fight
|-damage|p2a: Lo-Fight|65/100
|move|p2a: Lo-Fight|Future Sight|p1a: Zapdos
|-start|p2a: Lo-Fight|move: Future Sight
|
|-damage|p1a: Zapdos|75/100 brn|[from] brn
|upkeep
|turn|41
|
|t:|1641841977
|move|p1a: Zapdos|Volt Switch|p2a: Lo-Fight
|-supereffective|p2a: Lo-Fight
|-damage|p2a: Lo-Fight|31/100
|move|p2a: Lo-Fight|Scald|p1a: Zapdos
|-damage|p1a: Zapdos|48/100 brn
|
|-damage|p1a: Zapdos|42/100 brn|[from] brn
|upkeep
|turn|42
|
|t:|1641841989
|switch|p2a: Ugh|Excadrill, F|100/100
|move|p1a: Zapdos|Volt Switch|p2a: Ugh
|-immune|p2a: Ugh
|
|-end|p1a: Zapdos|move: Future Sight
|-damage|p1a: Zapdos|0 fnt
|faint|p1a: Zapdos
|
|win|Seven heartz
|upkeep
|l|☆dieguin o mito
