|j|☆UnstoppableUg
|j|☆Firelord Term
|t:|1641707070
|gametype|singles
|player|p1|UnstoppableUg|n|
|player|p2|Firelord Term|giovanni|
|teamsize|p1|6
|teamsize|p2|6
|gen|8
|tier|[Gen 8] OU
|rule|Sleep Clause Mod: Limit one foe put to sleep
|rule|Species Clause: Limit one of each Pokémon
|rule|OHKO Clause: OHKO moves are banned
|rule|Evasion Moves Clause: Evasion moves are banned
|rule|Endless Battle Clause: Forcing endless battles is banned
|rule|HP Percentage Mod: HP is shown in percentages
|rule|Dynamax Clause: You cannot dynamax
|clearpoke
|poke|p1|Dunsparce, F|
|poke|p1|Magnezone|
|poke|p1|Dragapult, F|
|poke|p1|Bronzong|
|poke|p1|Mandibuzz, F|
|poke|p1|Garchomp, M|
|poke|p2|Torkoal, F|
|poke|p2|Hatterene, F|
|poke|p2|Heatran, M|
|poke|p2|Shiftry, F|
|poke|p2|Dragonite, F|
|poke|p2|Buzzwole|
|teampreview
|inactive|Battle timer is ON: inactive players will automatically lose when time's up. (requested by UnstoppableUg)
|inactive|Firelord Term also wants the timer to be on.
|j| Divinity_Golden
|inactive|UnstoppableUg has 270 seconds left.
|
|t:|1641707106
|start
|switch|p1a: Dragapult|Dragapult, F|100/100
|switch|p2a: Heatran|Heatran, M|100/100
|turn|1
|
|t:|1641707112
|move|p1a: Dragapult|Shadow Ball|p2a: Heatran
|-damage|p2a: Heatran|46/100
|move|p2a: Heatran|Eruption|p1a: Dragapult
|-resisted|p1a: Dragapult
|-damage|p1a: Dragapult|73/100
|
|upkeep
|turn|2
|
|t:|1641707118
|switch|p2a: Shiftry|Shiftry, F|100/100
|move|p1a: Dragapult|Shadow Ball|p2a: Shiftry
|-resisted|p2a: Shiftry
|-damage|p2a: Shiftry|55/100
|
|upkeep
|turn|3
|
|t:|1641707122
|switch|p1a: Mandibuzz|Mandibuzz, F|100/100
|move|p2a: Shiftry|Heat Wave|p1a: Mandibuzz
|-damage|p1a: Mandibuzz|82/100
|-damage|p2a: Shiftry|45/100|[from] item: Life Orb
|
|upkeep
|turn|4
|
|t:|1641707125
|switch|p2a: Heatran|Heatran, M|46/100
|move|p1a: Mandibuzz|U-turn|p2a: Heatran
|-resisted|p2a: Heatran
|-damage|p2a: Heatran|43/100
|
|t:|1641707127
|switch|p1a: Dragapult|Dragapult, F|73/100|[from]move: U-turn
|
|upkeep
|turn|5
|
|t:|1641707132
|switch|p2a: Torkoal|Torkoal, F|100/100
|-weather|SunnyDay|[from] ability: Drought|[of] p2a: Torkoal
|move|p1a: Dragapult|Shadow Ball|p2a: Torkoal
|-damage|p2a: Torkoal|37/100
|
|-weather|SunnyDay|[upkeep]
|upkeep
|turn|6
|
|t:|1641707137
|move|p1a: Dragapult|Shadow Ball|p2a: Torkoal
|-damage|p2a: Torkoal|0 fnt
|faint|p2a: Torkoal
|
|-weather|SunnyDay|[upkeep]
|upkeep
|
|t:|1641707143
|switch|p2a: Shiftry|Shiftry, F|45/100
|turn|7
|
|t:|1641707149
|switch|p1a: Mandibuzz|Mandibuzz, F|82/100
|move|p2a: Shiftry|Growth|p2a: Shiftry
|-boost|p2a: Shiftry|atk|2
|-boost|p2a: Shiftry|spa|2
|
|-weather|SunnyDay|[upkeep]
|upkeep
|turn|8
|
|t:|1641707152
|move|p2a: Shiftry|Heat Wave|p1a: Mandibuzz
|-damage|p1a: Mandibuzz|19/100
|-damage|p2a: Shiftry|35/100|[from] item: Life Orb
|move|p1a: Mandibuzz|U-turn|p2a: Shiftry
|-supereffective|p2a: Shiftry
|-damage|p2a: Shiftry|0 fnt
|faint|p2a: Shiftry
|
|t:|1641707163
|switch|p1a: Dragapult|Dragapult, F|73/100|[from]move: U-turn
|
|-weather|SunnyDay|[upkeep]
|upkeep
|
|t:|1641707171
|switch|p2a: Dragonite|Dragonite, F|100/100
|turn|9
|
|t:|1641707175
|move|p1a: Dragapult|Draco Meteor|p2a: Dragonite
|-supereffective|p2a: Dragonite
|-damage|p2a: Dragonite|25/100
|-unboost|p1a: Dragapult|spa|2
|move|p2a: Dragonite|Ice Beam|p1a: Dragapult
|-supereffective|p1a: Dragapult
|-damage|p1a: Dragapult|19/100
|
|-weather|SunnyDay|[upkeep]
|upkeep
|turn|10
|
|t:|1641707181
|move|p1a: Dragapult|Draco Meteor|p2a: Dragonite
|-supereffective|p2a: Dragonite
|-damage|p2a: Dragonite|0 fnt
|-unboost|p1a: Dragapult|spa|2
|faint|p2a: Dragonite
|
|-weather|SunnyDay|[upkeep]
|upkeep
|
|t:|1641707185
|switch|p2a: Heatran|Heatran, M|43/100
|turn|11
|
|t:|1641707188
|switch|p1a: Garchomp|Garchomp, M|100/100
|move|p2a: Heatran|Flamethrower|p1a: Garchomp
|-resisted|p1a: Garchomp
|-damage|p1a: Garchomp|51/100
|
|-weather|SunnyDay|[upkeep]
|-heal|p1a: Garchomp|57/100|[from] item: Leftovers
|upkeep
|turn|12
|
|t:|1641707191
|move|p1a: Garchomp|Earthquake|p2a: Heatran
|-supereffective|p2a: Heatran
|-damage|p2a: Heatran|0 fnt
|faint|p2a: Heatran
|
|-weather|none
|-heal|p1a: Garchomp|64/100|[from] item: Leftovers
|upkeep
|
|t:|1641707194
|switch|p2a: Buzzwole|Buzzwole|100/100
|turn|13
|
|t:|1641707202
|switch|p1a: Bronzong|Bronzong|100/100
|move|p2a: Buzzwole|Drain Punch|p1a: Bronzong
|-damage|p1a: Bronzong|66/100
|
|-heal|p1a: Bronzong|73/100|[from] item: Leftovers
|upkeep
|turn|14
|
|t:|1641707215
|switch|p2a: Hatterene|Hatterene, F|100/100
|move|p1a: Bronzong|Toxic|p2a: Hatterene
|move|p2a: Hatterene|Toxic|p1a: Bronzong|[from]ability: Magic Bounce
|-immune|p1a: Bronzong
|
|-heal|p1a: Bronzong|79/100|[from] item: Leftovers
|upkeep
|turn|15
|
|t:|1641707221
|switch|p1a: Dunsparce|Dunsparce, F|100/100
|move|p2a: Hatterene|Calm Mind|p2a: Hatterene
|-boost|p2a: Hatterene|spa|1
|-boost|p2a: Hatterene|spd|1
|
|upkeep
|turn|16
|
|t:|1641707225
|move|p1a: Dunsparce|Coil|p1a: Dunsparce
|-boost|p1a: Dunsparce|atk|1
|-boost|p1a: Dunsparce|def|1
|-boost|p1a: Dunsparce|accuracy|1
|move|p2a: Hatterene|Psyshock|p1a: Dunsparce
|-damage|p1a: Dunsparce|62/100
|
|-heal|p1a: Dunsparce|68/100|[from] item: Leftovers
|upkeep
|turn|17
|
|t:|1641707227
|move|p1a: Dunsparce|Coil|p1a: Dunsparce
|-boost|p1a: Dunsparce|atk|1
|-boost|p1a: Dunsparce|def|1
|-boost|p1a: Dunsparce|accuracy|1
|move|p2a: Hatterene|Psyshock|p1a: Dunsparce
|-damage|p1a: Dunsparce|38/100
|
|-heal|p1a: Dunsparce|44/100|[from] item: Leftovers
|upkeep
|turn|18
|
|t:|1641707230
|move|p1a: Dunsparce|Roost|p1a: Dunsparce
|-heal|p1a: Dunsparce|94/100
|-singleturn|p1a: Dunsparce|move: Roost
|move|p2a: Hatterene|Draining Kiss|p1a: Dunsparce
|-damage|p1a: Dunsparce|67/100
|
|-heal|p1a: Dunsparce|74/100|[from] item: Leftovers
|upkeep
|turn|19
|
|t:|1641707232
|move|p1a: Dunsparce|Coil|p1a: Dunsparce
|-boost|p1a: Dunsparce|atk|1
|-boost|p1a: Dunsparce|def|1
|-boost|p1a: Dunsparce|accuracy|1
|move|p2a: Hatterene|Calm Mind|p2a: Hatterene
|-boost|p2a: Hatterene|spa|1
|-boost|p2a: Hatterene|spd|1
|
|-heal|p1a: Dunsparce|80/100|[from] item: Leftovers
|upkeep
|turn|20
|
|t:|1641707233
|move|p1a: Dunsparce|Coil|p1a: Dunsparce
|-boost|p1a: Dunsparce|atk|1
|-boost|p1a: Dunsparce|def|1
|-boost|p1a: Dunsparce|accuracy|1
|move|p2a: Hatterene|Calm Mind|p2a: Hatterene
|-boost|p2a: Hatterene|spa|1
|-boost|p2a: Hatterene|spd|1
|
|-heal|p1a: Dunsparce|86/100|[from] item: Leftovers
|upkeep
|turn|21
|
|t:|1641707235
|move|p1a: Dunsparce|Body Slam|p2a: Hatterene
|-damage|p2a: Hatterene|42/100
|-status|p2a: Hatterene|par
|move|p2a: Hatterene|Psyshock|p1a: Dunsparce
|-damage|p1a: Dunsparce|53/100
|
|-heal|p1a: Dunsparce|59/100|[from] item: Leftovers
|-heal|p2a: Hatterene|48/100 par|[from] item: Leftovers
|upkeep
|turn|22
|
|t:|1641707241
|move|p1a: Dunsparce|Body Slam|p2a: Hatterene
|-damage|p2a: Hatterene|0 fnt
|faint|p2a: Hatterene
|
|-heal|p1a: Dunsparce|66/100|[from] item: Leftovers
|upkeep
|
|t:|1641707243
|switch|p2a: Buzzwole|Buzzwole|100/100
|turn|23
|
|t:|1641707247
|move|p2a: Buzzwole|Drain Punch|p1a: Dunsparce
|-supereffective|p1a: Dunsparce
|-damage|p1a: Dunsparce|38/100
|move|p1a: Dunsparce|Roost|p1a: Dunsparce
|-heal|p1a: Dunsparce|88/100
|-singleturn|p1a: Dunsparce|move: Roost
|
|-heal|p1a: Dunsparce|95/100|[from] item: Leftovers
|upkeep
|turn|24
|
|t:|1641707250
|move|p2a: Buzzwole|Drain Punch|p1a: Dunsparce
|-supereffective|p1a: Dunsparce
|-damage|p1a: Dunsparce|63/100
|move|p1a: Dunsparce|Body Slam|p2a: Buzzwole
|-crit|p2a: Buzzwole
|-damage|p2a: Buzzwole|43/100
|-damage|p1a: Dunsparce|46/100|[from] item: Rocky Helmet|[of] p2a: Buzzwole
|
|-heal|p1a: Dunsparce|52/100|[from] item: Leftovers
|upkeep
|turn|25
|
|t:|1641707252
|move|p2a: Buzzwole|Drain Punch|p1a: Dunsparce
|-supereffective|p1a: Dunsparce
|-damage|p1a: Dunsparce|23/100
|-heal|p2a: Buzzwole|59/100|[from] drain|[of] p1a: Dunsparce
|move|p1a: Dunsparce|Roost|p1a: Dunsparce
|-heal|p1a: Dunsparce|73/100
|-singleturn|p1a: Dunsparce|move: Roost
|
|-heal|p1a: Dunsparce|79/100|[from] item: Leftovers
|upkeep
|turn|26
|
|t:|1641707255
|move|p2a: Buzzwole|Drain Punch|p1a: Dunsparce
|-supereffective|p1a: Dunsparce
|-damage|p1a: Dunsparce|49/100
|-heal|p2a: Buzzwole|75/100|[from] drain|[of] p1a: Dunsparce
|move|p1a: Dunsparce|Roost|p1a: Dunsparce
|-heal|p1a: Dunsparce|99/100
|-singleturn|p1a: Dunsparce|move: Roost
|
|-heal|p1a: Dunsparce|100/100|[from] item: Leftovers
|upkeep
|turn|27
|
|t:|1641707257
|move|p2a: Buzzwole|Roost|p2a: Buzzwole
|-heal|p2a: Buzzwole|100/100
|-singleturn|p2a: Buzzwole|move: Roost
|move|p1a: Dunsparce|Body Slam|p2a: Buzzwole
|-damage|p2a: Buzzwole|64/100
|-status|p2a: Buzzwole|par
|-damage|p1a: Dunsparce|84/100|[from] item: Rocky Helmet|[of] p2a: Buzzwole
|
|-heal|p1a: Dunsparce|90/100|[from] item: Leftovers
|upkeep
|turn|28
|
|t:|1641707261
|move|p1a: Dunsparce|Rock Slide|p2a: Buzzwole
|-damage|p2a: Buzzwole|42/100 par
|move|p2a: Buzzwole|Drain Punch|p1a: Dunsparce
|-supereffective|p1a: Dunsparce
|-damage|p1a: Dunsparce|61/100
|-heal|p2a: Buzzwole|57/100 par|[from] drain|[of] p1a: Dunsparce
|
|-heal|p1a: Dunsparce|68/100|[from] item: Leftovers
|upkeep
|turn|29
|
|t:|1641707264
|move|p1a: Dunsparce|Coil|p1a: Dunsparce
|-boost|p1a: Dunsparce|atk|1
|-boost|p1a: Dunsparce|def|1
|-boost|p1a: Dunsparce|accuracy|1
|move|p2a: Buzzwole|Drain Punch|p1a: Dunsparce
|-supereffective|p1a: Dunsparce
|-damage|p1a: Dunsparce|41/100
|-heal|p2a: Buzzwole|72/100 par|[from] drain|[of] p1a: Dunsparce
|
|-heal|p1a: Dunsparce|47/100|[from] item: Leftovers
|upkeep
|turn|30
|
|t:|1641707265
|move|p1a: Dunsparce|Roost|p1a: Dunsparce
|-heal|p1a: Dunsparce|97/100
|-singleturn|p1a: Dunsparce|move: Roost
|cant|p2a: Buzzwole|par
|
|-heal|p1a: Dunsparce|100/100|[from] item: Leftovers
|upkeep
|turn|31
|
|t:|1641707268
|move|p1a: Dunsparce|Rock Slide|p2a: Buzzwole
|-damage|p2a: Buzzwole|46/100 par
|cant|p2a: Buzzwole|flinch
|
|upkeep
|turn|32
|
|t:|1641707270
|move|p1a: Dunsparce|Rock Slide|p2a: Buzzwole
|-damage|p2a: Buzzwole|18/100 par
|cant|p2a: Buzzwole|flinch
|
|upkeep
|turn|33
|
|t:|1641707271
|move|p1a: Dunsparce|Rock Slide|p2a: Buzzwole
|-damage|p2a: Buzzwole|0 fnt
|faint|p2a: Buzzwole
|
|win|UnstoppableUg
