|j|☆Mystery Exile
|j|☆simp 4 ico
|t:|1641785943
|gametype|singles
|player|p1|Mystery Exile|furisodegirl-black|1405
|player|p2|simp 4 ico|unknown|1463
|teamsize|p1|6
|teamsize|p2|6
|gen|8
|tier|[Gen 8] OU
|rated|
|rule|Sleep Clause Mod: Limit one foe put to sleep
|rule|Species Clause: Limit one of each Pokémon
|rule|OHKO Clause: OHKO moves are banned
|rule|Evasion Moves Clause: Evasion moves are banned
|rule|Endless Battle Clause: Forcing endless battles is banned
|rule|HP Percentage Mod: HP is shown in percentages
|rule|Dynamax Clause: You cannot dynamax
|clearpoke
|poke|p1|Golurk|
|poke|p1|Ferrothorn, F|
|poke|p1|Corviknight, F|
|poke|p1|Clefable, F|
|poke|p1|Toxapex, F|
|poke|p1|Tyranitar, F|
|poke|p2|Tapu Lele|
|poke|p2|Dragapult, M|
|poke|p2|Landorus-Therian, M|
|poke|p2|Weavile, F|
|poke|p2|Tapu Fini|
|poke|p2|Heatran, F|
|teampreview
|inactive|Battle timer is ON: inactive players will automatically lose when time's up. (requested by simp 4 ico)
|
|t:|1641785964
|start
|switch|p1a: Toxapex|Toxapex, F|100/100
|switch|p2a: Dragapult|Dragapult, M|100/100
|turn|1
|
|t:|1641785981
|move|p2a: Dragapult|U-turn|p1a: Toxapex
|-resisted|p1a: Toxapex
|-damage|p1a: Toxapex|94/100
|
|t:|1641785984
|switch|p2a: Tapu Lele|Tapu Lele|100/100|[from]move: U-turn
|-fieldstart|move: Psychic Terrain|[from] ability: Psychic Surge|[of] p2a: Tapu Lele
|move|p1a: Toxapex|Toxic Spikes|p2a: Tapu Lele
|-sidestart|p2: simp 4 ico|move: Toxic Spikes
|
|-heal|p1a: Toxapex|99/100|[from] item: Black Sludge
|upkeep
|turn|2
|
|t:|1641785993
|switch|p1a: Corviknight|Corviknight, F|100/100
|-ability|p1a: Corviknight|Pressure
|move|p2a: Tapu Lele|Focus Blast|p1a: Corviknight
|-damage|p1a: Corviknight|38/100
|
|-heal|p1a: Corviknight|45/100|[from] item: Leftovers
|upkeep
|turn|3
|
|t:|1641786004
|switch|p2a: Landorus|Landorus-Therian, M|100/100
|-ability|p2a: Landorus|Intimidate|boost
|-unboost|p1a: Corviknight|atk|1
|switch|p1a: Golurk|Golurk|100/100
|
|upkeep
|turn|4
|
|t:|1641786011
|move|p2a: Landorus|Defog|p1a: Golurk
|-unboost|p1a: Golurk|evasion|1
|-sideend|p2: simp 4 ico|Toxic Spikes|[from] move: Defog|[of] p2a: Landorus
|-fieldend|move: Psychic Terrain
|move|p1a: Golurk|Stealth Rock|p2a: Landorus
|-sidestart|p2: simp 4 ico|move: Stealth Rock
|
|upkeep
|turn|5
|
|t:|1641786015
|move|p2a: Landorus|Defog|p1a: Golurk
|-unboost|p1a: Golurk|evasion|1
|-sideend|p2: simp 4 ico|Stealth Rock|[from] move: Defog|[of] p2a: Landorus
|move|p1a: Golurk|Trick|p2a: Landorus
|-activate|p1a: Golurk|move: Trick|[of] p2a: Landorus
|-item|p2a: Landorus|Assault Vest|[from] move: Trick
|-item|p1a: Golurk|Leftovers|[from] move: Trick
|
|upkeep
|turn|6
|
|t:|1641786019
|move|p2a: Landorus|Knock Off|p1a: Golurk
|-supereffective|p1a: Golurk
|-damage|p1a: Golurk|27/100
|-enditem|p1a: Golurk|Leftovers|[from] move: Knock Off|[of] p2a: Landorus
|move|p1a: Golurk|Stealth Rock|p2a: Landorus
|-sidestart|p2: simp 4 ico|move: Stealth Rock
|
|upkeep
|turn|7
|
|t:|1641786026
|switch|p1a: Toxapex|Toxapex, F|100/100
|move|p2a: Landorus|Earthquake|p1a: Toxapex
|-supereffective|p1a: Toxapex
|-damage|p1a: Toxapex|27/100
|
|-heal|p1a: Toxapex|34/100|[from] item: Black Sludge
|upkeep
|turn|8
|
|t:|1641786032
|switch|p1a: Corviknight|Corviknight, F|45/100
|-ability|p1a: Corviknight|Pressure
|move|p2a: Landorus|Knock Off|p1a: Corviknight
|-damage|p1a: Corviknight|25/100
|-enditem|p1a: Corviknight|Leftovers|[from] move: Knock Off|[of] p2a: Landorus
|
|upkeep
|turn|9
|
|t:|1641786036
|move|p2a: Landorus|U-turn|p1a: Corviknight
|-resisted|p1a: Corviknight
|-damage|p1a: Corviknight|22/100
|
|t:|1641786038
|switch|p2a: Heatran|Heatran, F|100/100|[from]move: U-turn
|-damage|p2a: Heatran|88/100|[from] Stealth Rock
|move|p1a: Corviknight|Roost|p1a: Corviknight
|-heal|p1a: Corviknight|72/100
|-singleturn|p1a: Corviknight|move: Roost
|
|-heal|p2a: Heatran|94/100|[from] item: Leftovers
|upkeep
|turn|10
|
|t:|1641786041
|switch|p1a: Tyranitar|Tyranitar, F|100/100
|-weather|Sandstorm|[from] ability: Sand Stream|[of] p1a: Tyranitar
|move|p2a: Heatran|Stealth Rock|p1a: Tyranitar
|-sidestart|p1: Mystery Exile|move: Stealth Rock
|
|-weather|Sandstorm|[upkeep]
|-heal|p2a: Heatran|100/100|[from] item: Leftovers
|upkeep
|turn|11
|
|t:|1641786046
|switch|p2a: Landorus|Landorus-Therian, M|100/100
|-damage|p2a: Landorus|88/100|[from] Stealth Rock
|-ability|p2a: Landorus|Intimidate|boost
|-unboost|p1a: Tyranitar|atk|1
|move|p1a: Tyranitar|Earthquake|p2a: Landorus
|-immune|p2a: Landorus
|
|-weather|Sandstorm|[upkeep]
|upkeep
|turn|12
|
|t:|1641786053
|switch|p1a: Ferrothorn|Ferrothorn, F|100/100
|-damage|p1a: Ferrothorn|94/100|[from] Stealth Rock
|move|p2a: Landorus|Knock Off|p1a: Ferrothorn
|-damage|p1a: Ferrothorn|74/100
|-damage|p2a: Landorus|76/100|[from] ability: Iron Barbs|[of] p1a: Ferrothorn
|-enditem|p1a: Ferrothorn|Leftovers|[from] move: Knock Off|[of] p2a: Landorus
|
|-weather|Sandstorm|[upkeep]
|upkeep
|turn|13
|
|t:|1641786057
|move|p2a: Landorus|U-turn|p1a: Ferrothorn
|-damage|p1a: Ferrothorn|62/100
|-damage|p2a: Landorus|64/100|[from] ability: Iron Barbs|[of] p1a: Ferrothorn
|
|t:|1641786059
|switch|p2a: Heatran|Heatran, F|100/100|[from]move: U-turn
|-damage|p2a: Heatran|88/100|[from] Stealth Rock
|move|p1a: Ferrothorn|Spikes|p2a: Heatran
|-sidestart|p2: simp 4 ico|Spikes
|
|-weather|Sandstorm|[upkeep]
|-heal|p2a: Heatran|94/100|[from] item: Leftovers
|upkeep
|turn|14
|
|t:|1641786063
|move|p1a: Ferrothorn|Protect|p1a: Ferrothorn
|-singleturn|p1a: Ferrothorn|Protect
|move|p2a: Heatran|Magma Storm|p1a: Ferrothorn
|-activate|p1a: Ferrothorn|move: Protect
|
|-weather|none
|-heal|p2a: Heatran|100/100|[from] item: Leftovers
|upkeep
|turn|15
|
|t:|1641786067
|switch|p1a: Tyranitar|Tyranitar, F|100/100
|-damage|p1a: Tyranitar|88/100|[from] Stealth Rock
|-weather|Sandstorm|[from] ability: Sand Stream|[of] p1a: Tyranitar
|move|p2a: Heatran|Taunt|p1a: Tyranitar
|-start|p1a: Tyranitar|move: Taunt
|
|-weather|Sandstorm|[upkeep]
|-heal|p1a: Tyranitar|94/100|[from] item: Leftovers
|upkeep
|turn|16
|
|t:|1641786072
|switch|p2a: Landorus|Landorus-Therian, M|64/100
|-damage|p2a: Landorus|51/100|[from] Stealth Rock
|-ability|p2a: Landorus|Intimidate|boost
|-unboost|p1a: Tyranitar|atk|1
|move|p1a: Tyranitar|Earthquake|p2a: Landorus
|-immune|p2a: Landorus
|
|-weather|Sandstorm|[upkeep]
|-heal|p1a: Tyranitar|100/100|[from] item: Leftovers
|upkeep
|turn|17
|
|t:|1641786077
|switch|p1a: Corviknight|Corviknight, F|72/100
|-damage|p1a: Corviknight|59/100|[from] Stealth Rock
|-ability|p1a: Corviknight|Pressure
|move|p2a: Landorus|U-turn|p1a: Corviknight
|-resisted|p1a: Corviknight
|-damage|p1a: Corviknight|56/100
|
|t:|1641786082
|switch|p2a: Heatran|Heatran, F|100/100|[from]move: U-turn
|-damage|p2a: Heatran|88/100|[from] Stealth Rock
|-damage|p2a: Heatran|76/100|[from] Spikes
|
|-weather|Sandstorm|[upkeep]
|-heal|p2a: Heatran|82/100|[from] item: Leftovers
|upkeep
|turn|18
|
|t:|1641786085
|switch|p1a: Tyranitar|Tyranitar, F|100/100
|-damage|p1a: Tyranitar|88/100|[from] Stealth Rock
|move|p2a: Heatran|Magma Storm|p1a: Tyranitar|[miss]
|-miss|p2a: Heatran|p1a: Tyranitar
|
|-weather|Sandstorm|[upkeep]
|-heal|p2a: Heatran|88/100|[from] item: Leftovers
|-heal|p1a: Tyranitar|94/100|[from] item: Leftovers
|upkeep
|turn|19
|
|t:|1641786091
|switch|p2a: Landorus|Landorus-Therian, M|51/100
|-damage|p2a: Landorus|39/100|[from] Stealth Rock
|-ability|p2a: Landorus|Intimidate|boost
|-unboost|p1a: Tyranitar|atk|1
|move|p1a: Tyranitar|Earthquake|p2a: Landorus
|-immune|p2a: Landorus
|
|-weather|none
|-heal|p1a: Tyranitar|100/100|[from] item: Leftovers
|upkeep
|turn|20
|
|t:|1641786098
|switch|p1a: Corviknight|Corviknight, F|56/100
|-damage|p1a: Corviknight|43/100|[from] Stealth Rock
|-ability|p1a: Corviknight|Pressure
|move|p2a: Landorus|Earthquake|p1a: Corviknight
|-immune|p1a: Corviknight
|
|upkeep
|turn|21
|
|t:|1641786101
|move|p2a: Landorus|Knock Off|p1a: Corviknight
|-damage|p1a: Corviknight|32/100
|move|p1a: Corviknight|Roost|p1a: Corviknight
|-heal|p1a: Corviknight|82/100
|-singleturn|p1a: Corviknight|move: Roost
|
|upkeep
|turn|22
|
|t:|1641786105
|move|p2a: Landorus|U-turn|p1a: Corviknight
|-resisted|p1a: Corviknight
|-damage|p1a: Corviknight|78/100
|
|t:|1641786109
|switch|p2a: Heatran|Heatran, F|88/100|[from]move: U-turn
|-damage|p2a: Heatran|76/100|[from] Spikes
|-damage|p2a: Heatran|63/100|[from] Stealth Rock
|move|p1a: Corviknight|Roost|p1a: Corviknight
|-heal|p1a: Corviknight|100/100
|-singleturn|p1a: Corviknight|move: Roost
|
|-heal|p2a: Heatran|69/100|[from] item: Leftovers
|upkeep
|turn|23
|
|t:|1641786115
|switch|p1a: Tyranitar|Tyranitar, F|100/100
|-damage|p1a: Tyranitar|88/100|[from] Stealth Rock
|-weather|Sandstorm|[from] ability: Sand Stream|[of] p1a: Tyranitar
|move|p2a: Heatran|Magma Storm|p1a: Tyranitar
|-resisted|p1a: Tyranitar
|-damage|p1a: Tyranitar|79/100
|-activate|p1a: Tyranitar|move: Magma Storm|[of] p2a: Heatran
|
|-weather|Sandstorm|[upkeep]
|-heal|p2a: Heatran|76/100|[from] item: Leftovers
|-heal|p1a: Tyranitar|85/100|[from] item: Leftovers
|-damage|p1a: Tyranitar|73/100|[from] move: Magma Storm|[partiallytrapped]
|upkeep
|turn|24
|
|t:|1641786125
|move|p2a: Heatran|Earth Power|p1a: Tyranitar
|-supereffective|p1a: Tyranitar
|-damage|p1a: Tyranitar|52/100
|move|p1a: Tyranitar|Earthquake|p2a: Heatran
|-supereffective|p2a: Heatran
|-damage|p2a: Heatran|0 fnt
|faint|p2a: Heatran
|
|-weather|Sandstorm|[upkeep]
|-heal|p1a: Tyranitar|58/100|[from] item: Leftovers
|-end|p1a: Tyranitar|Magma Storm|[partiallytrapped]|[silent]
|upkeep
|
|t:|1641786131
|switch|p2a: Weavile|Weavile, F|100/100
|-ability|p2a: Weavile|Pressure
|turn|25
|
|t:|1641786138
|move|p2a: Weavile|Swords Dance|p2a: Weavile
|-boost|p2a: Weavile|atk|2
|move|p1a: Tyranitar|Smack Down|p2a: Weavile
|-supereffective|p2a: Weavile
|-damage|p2a: Weavile|25/100
|
|-weather|Sandstorm|[upkeep]
|-damage|p2a: Weavile|19/100|[from] Sandstorm
|-heal|p1a: Tyranitar|64/100|[from] item: Leftovers
|upkeep
|turn|26
|
|t:|1641786142
|switch|p1a: Ferrothorn|Ferrothorn, F|62/100
|-damage|p1a: Ferrothorn|55/100|[from] Stealth Rock
|move|p2a: Weavile|Low Kick|p1a: Ferrothorn
|-supereffective|p1a: Ferrothorn
|-damage|p1a: Ferrothorn|0 fnt
|-damage|p2a: Weavile|7/100|[from] ability: Iron Barbs|[of] p1a: Ferrothorn
|faint|p1a: Ferrothorn
|
|-weather|Sandstorm|[upkeep]
|-damage|p2a: Weavile|0 fnt|[from] Sandstorm
|faint|p2a: Weavile
|upkeep
|
|t:|1641786148
|switch|p2a: Dragapult|Dragapult, M|100/100
|switch|p1a: Toxapex|Toxapex, F|67/100
|-damage|p2a: Dragapult|88/100|[from] Stealth Rock
|-damage|p2a: Dragapult|76/100|[from] Spikes
|-damage|p1a: Toxapex|54/100|[from] Stealth Rock
|turn|27
|
|t:|1641786153
|switch|p1a: Clefable|Clefable, F|100/100
|move|p2a: Dragapult|Shadow Ball|p1a: Clefable
|-damage|p1a: Clefable|52/100
|-unboost|p1a: Clefable|spd|1
|
|-weather|none
|-heal|p1a: Clefable|58/100|[from] item: Leftovers
|upkeep
|turn|28
|
|t:|1641786161
|switch|p1a: Tyranitar|Tyranitar, F|64/100
|-damage|p1a: Tyranitar|52/100|[from] Stealth Rock
|-weather|Sandstorm|[from] ability: Sand Stream|[of] p1a: Tyranitar
|move|p2a: Dragapult|Shadow Ball|p1a: Tyranitar
|-resisted|p1a: Tyranitar
|-damage|p1a: Tyranitar|42/100
|
|-weather|Sandstorm|[upkeep]
|-damage|p2a: Dragapult|70/100|[from] Sandstorm
|-heal|p1a: Tyranitar|48/100|[from] item: Leftovers
|upkeep
|turn|29
|
|t:|1641786165
|switch|p2a: Tapu Fini|Tapu Fini|100/100
|-damage|p2a: Tapu Fini|88/100|[from] Spikes
|-damage|p2a: Tapu Fini|76/100|[from] Stealth Rock
|-fieldstart|move: Misty Terrain|[from] ability: Misty Surge|[of] p2a: Tapu Fini
|move|p1a: Tyranitar|Crunch|p2a: Tapu Fini
|-resisted|p2a: Tapu Fini
|-damage|p2a: Tapu Fini|63/100
|
|-weather|Sandstorm|[upkeep]
|-damage|p2a: Tapu Fini|57/100|[from] Sandstorm
|-heal|p2a: Tapu Fini|63/100|[from] item: Leftovers
|-heal|p1a: Tyranitar|54/100|[from] item: Leftovers
|upkeep
|turn|30
|
|t:|1641786171
|switch|p1a: Toxapex|Toxapex, F|88/100
|-damage|p1a: Toxapex|75/100|[from] Stealth Rock
|move|p2a: Tapu Fini|Calm Mind|p2a: Tapu Fini
|-boost|p2a: Tapu Fini|spa|1
|-boost|p2a: Tapu Fini|spd|1
|
|-weather|Sandstorm|[upkeep]
|-damage|p2a: Tapu Fini|57/100|[from] Sandstorm
|-damage|p1a: Toxapex|69/100|[from] Sandstorm
|-heal|p2a: Tapu Fini|63/100|[from] item: Leftovers
|-heal|p1a: Toxapex|75/100|[from] item: Black Sludge
|upkeep
|turn|31
|
|t:|1641786173
|move|p2a: Tapu Fini|Taunt|p1a: Toxapex
|-start|p1a: Toxapex|move: Taunt
|move|p1a: Toxapex|Poison Jab|p2a: Tapu Fini
|-supereffective|p2a: Tapu Fini
|-damage|p2a: Tapu Fini|36/100
|
|-weather|Sandstorm|[upkeep]
|-damage|p2a: Tapu Fini|30/100|[from] Sandstorm
|-damage|p1a: Toxapex|69/100|[from] Sandstorm
|-heal|p2a: Tapu Fini|36/100|[from] item: Leftovers
|-heal|p1a: Toxapex|75/100|[from] item: Black Sludge
|upkeep
|turn|32
|
|t:|1641786179
|switch|p2a: Tapu Lele|Tapu Lele|100/100
|-damage|p2a: Tapu Lele|88/100|[from] Stealth Rock
|-damage|p2a: Tapu Lele|76/100|[from] Spikes
|-fieldstart|move: Psychic Terrain|[from] ability: Psychic Surge|[of] p2a: Tapu Lele
|move|p1a: Toxapex|Poison Jab|p2a: Tapu Lele
|-supereffective|p2a: Tapu Lele
|-damage|p2a: Tapu Lele|18/100
|-status|p2a: Tapu Lele|psn
|
|-weather|none
|-heal|p1a: Toxapex|81/100|[from] item: Black Sludge
|-damage|p2a: Tapu Lele|5/100 psn|[from] psn
|upkeep
|turn|33
|
|t:|1641786189
|switch|p1a: Golurk|Golurk|27/100
|-damage|p1a: Golurk|21/100|[from] Stealth Rock
|move|p2a: Tapu Lele|Psyshock|p1a: Golurk
|-damage|p1a: Golurk|0 fnt
|faint|p1a: Golurk
|
|-damage|p2a: Tapu Lele|0 fnt|[from] psn
|faint|p2a: Tapu Lele
|upkeep
|
|t:|1641786199
|switch|p2a: Dragapult|Dragapult, M|70/100
|switch|p1a: Tyranitar|Tyranitar, F|54/100
|-damage|p2a: Dragapult|58/100|[from] Spikes
|-damage|p2a: Dragapult|45/100|[from] Stealth Rock
|-damage|p1a: Tyranitar|42/100|[from] Stealth Rock
|-weather|Sandstorm|[from] ability: Sand Stream|[of] p1a: Tyranitar
|turn|34
|
|t:|1641786205
|switch|p1a: Toxapex|Toxapex, F|100/100
|-damage|p1a: Toxapex|88/100|[from] Stealth Rock
|move|p2a: Dragapult|U-turn|p1a: Toxapex
|-resisted|p1a: Toxapex
|-damage|p1a: Toxapex|81/100
|-message|simp 4 ico forfeited.
|
|win|Mystery Exile
|raw|Mystery Exile's rating: 1405 &rarr; <strong>1428</strong><br />(+23 for winning)
|raw|simp 4 ico's rating: 1463 &rarr; <strong>1440</strong><br />(-23 for losing)
|l|☆simp 4 ico
