|j|☆tri-stantheman
|j|☆BogSot
|t:|1641843877
|gametype|singles
|player|p1|tri-stantheman|ghetsis|1000
|player|p2|BogSot|iris-gen5bw2|1045
|teamsize|p1|6
|teamsize|p2|6
|gen|8
|tier|[Gen 8] OU
|rated|
|rule|Sleep Clause Mod: Limit one foe put to sleep
|rule|Species Clause: Limit one of each Pokémon
|rule|OHKO Clause: OHKO moves are banned
|rule|Evasion Moves Clause: Evasion moves are banned
|rule|Endless Battle Clause: Forcing endless battles is banned
|rule|HP Percentage Mod: HP is shown in percentages
|rule|Dynamax Clause: You cannot dynamax
|clearpoke
|poke|p1|Charizard, M|
|poke|p1|Venusaur, M|
|poke|p1|Salamence, M|
|poke|p1|Mew|
|poke|p1|Nidoking, M|
|poke|p1|Tyrantrum, M|
|poke|p2|Galvantula, M|
|poke|p2|Malamar, M|
|poke|p2|Tyranitar, M|
|poke|p2|Salamence, F|
|poke|p2|Blaziken, M|
|poke|p2|Toxapex, M|
|teampreview
|
|t:|1641843892
|start
|switch|p1a: Venusaur|Venusaur, M|100/100
|switch|p2a: Galvantula|Galvantula, M, shiny|100/100
|turn|1
|
|t:|1641843901
|move|p2a: Galvantula|Sticky Web|p1a: Venusaur
|-sidestart|p1: tri-stantheman|move: Sticky Web
|move|p1a: Venusaur|Energy Ball|p2a: Galvantula
|-resisted|p2a: Galvantula
|-damage|p2a: Galvantula|68/100
|
|upkeep
|turn|2
|
|t:|1641843906
|move|p2a: Galvantula|Bug Buzz|p1a: Venusaur
|-damage|p1a: Venusaur|52/100
|-damage|p2a: Galvantula|58/100|[from] item: Life Orb
|move|p1a: Venusaur|Energy Ball|p2a: Galvantula
|-resisted|p2a: Galvantula
|-damage|p2a: Galvantula|28/100
|
|-heal|p1a: Venusaur|58/100|[from] item: Leftovers
|upkeep
|turn|3
|
|t:|1641843919
|move|p2a: Galvantula|Bug Buzz|p1a: Venusaur
|-damage|p1a: Venusaur|12/100
|-damage|p2a: Galvantula|18/100|[from] item: Life Orb
|move|p1a: Venusaur|Energy Ball|p2a: Galvantula
|-resisted|p2a: Galvantula
|-damage|p2a: Galvantula|0 fnt
|faint|p2a: Galvantula
|
|-heal|p1a: Venusaur|19/100|[from] item: Leftovers
|upkeep
|
|t:|1641843927
|switch|p2a: Salamence|Salamence, F|100/100
|-ability|p2a: Salamence|Intimidate|boost
|-unboost|p1a: Venusaur|atk|1
|turn|4
|
|t:|1641843937
|switch|p1a: Salamence|Salamence, M|100/100
|-ability|p1a: Salamence|Intimidate|boost
|-unboost|p2a: Salamence|atk|1
|move|p2a: Salamence|Flamethrower|p1a: Salamence
|-resisted|p1a: Salamence
|-damage|p1a: Salamence|85/100
|
|upkeep
|turn|5
|
|t:|1641843947
|move|p2a: Salamence|Draco Meteor|p1a: Salamence
|-supereffective|p1a: Salamence
|-damage|p1a: Salamence|0 fnt
|-unboost|p2a: Salamence|spa|2
|faint|p1a: Salamence
|
|upkeep
|
|t:|1641843957
|switch|p1a: Nidoking|Nidoking, M|100/100
|-activate|p1a: Nidoking|move: Sticky Web
|-unboost|p1a: Nidoking|spe|1
|turn|6
|
|t:|1641843971
|-singleturn|p1a: Nidoking|move: Focus Punch
|switch|p2a: Toxapex|Toxapex, M|100/100
|move|p1a: Nidoking|Focus Punch|p2a: Toxapex
|-resisted|p2a: Toxapex
|-damage|p2a: Toxapex|86/100
|
|-heal|p2a: Toxapex|92/100|[from] item: Black Sludge
|upkeep
|turn|7
|
|t:|1641843986
|move|p1a: Nidoking|Focus Blast|p2a: Toxapex
|-resisted|p2a: Toxapex
|-damage|p2a: Toxapex|81/100
|move|p2a: Toxapex|Knock Off|p1a: Nidoking
|-damage|p1a: Nidoking|86/100
|-enditem|p1a: Nidoking|Muscle Band|[from] move: Knock Off|[of] p2a: Toxapex
|
|-heal|p2a: Toxapex|87/100|[from] item: Black Sludge
|upkeep
|turn|8
|
|t:|1641843996
|switch|p2a: Malamar|Malamar, M|100/100
|move|p1a: Nidoking|Focus Blast|p2a: Malamar
|-damage|p2a: Malamar|80/100
|
|-heal|p2a: Malamar|86/100|[from] item: Leftovers
|upkeep
|turn|9
|
|t:|1641844005
|-singleturn|p1a: Nidoking|move: Focus Punch
|switch|p2a: Tyranitar|Tyranitar, M, shiny|100/100
|-weather|Sandstorm|[from] ability: Sand Stream|[of] p2a: Tyranitar
|move|p1a: Nidoking|Focus Punch|p2a: Tyranitar
|-supereffective|p2a: Tyranitar
|-damage|p2a: Tyranitar|0 fnt
|faint|p2a: Tyranitar
|
|-weather|Sandstorm|[upkeep]
|upkeep
|
|t:|1641844014
|switch|p2a: Salamence|Salamence, F|100/100
|-ability|p2a: Salamence|Intimidate|boost
|-unboost|p1a: Nidoking|atk|1
|turn|10
|
|t:|1641844019
|-singleturn|p1a: Nidoking|move: Focus Punch
|move|p2a: Salamence|Draco Meteor|p1a: Nidoking
|-damage|p1a: Nidoking|7/100
|-unboost|p2a: Salamence|spa|2
|cant|p1a: Nidoking|Focus Punch|Focus Punch
|
|-weather|Sandstorm|[upkeep]
|-damage|p2a: Salamence|94/100|[from] Sandstorm
|upkeep
|turn|11
|
|t:|1641844028
|-singleturn|p1a: Nidoking|move: Focus Punch
|move|p2a: Salamence|Flamethrower|p1a: Nidoking
|-damage|p1a: Nidoking|0 fnt
|faint|p1a: Nidoking
|
|-weather|Sandstorm|[upkeep]
|-damage|p2a: Salamence|88/100|[from] Sandstorm
|upkeep
|
|t:|1641844038
|switch|p1a: Charizard|Charizard, M|100/100
|turn|12
|
|t:|1641844046
|switch|p2a: Blaziken|Blaziken, M|100/100
|move|p1a: Charizard|Overheat|p2a: Blaziken
|-resisted|p2a: Blaziken
|-damage|p2a: Blaziken|50/100
|-unboost|p1a: Charizard|spa|2
|
|-weather|Sandstorm|[upkeep]
|-damage|p2a: Blaziken|44/100|[from] Sandstorm
|-damage|p1a: Charizard|94/100|[from] Sandstorm
|upkeep
|turn|13
|
|t:|1641844063
|move|p2a: Blaziken|Swords Dance|p2a: Blaziken
|-boost|p2a: Blaziken|atk|2
|move|p1a: Charizard|Overheat|p2a: Blaziken
|-resisted|p2a: Blaziken
|-damage|p2a: Blaziken|19/100
|-unboost|p1a: Charizard|spa|2
|
|-weather|none
|-ability|p2a: Blaziken|Speed Boost|boost
|-boost|p2a: Blaziken|spe|1
|upkeep
|turn|14
|
|t:|1641844080
|move|p2a: Blaziken|Thunder Punch|p1a: Charizard
|-supereffective|p1a: Charizard
|-damage|p1a: Charizard|0 fnt
|faint|p1a: Charizard
|-damage|p2a: Blaziken|9/100|[from] item: Life Orb
|
|-ability|p2a: Blaziken|Speed Boost|boost
|-boost|p2a: Blaziken|spe|1
|upkeep
|
|t:|1641844093
|switch|p1a: Tyrantrum|Tyrantrum, M|100/100
|-activate|p1a: Tyrantrum|move: Sticky Web
|-unboost|p1a: Tyrantrum|spe|1
|turn|15
|
|t:|1641844101
|move|p2a: Blaziken|Close Combat|p1a: Tyrantrum
|-supereffective|p1a: Tyrantrum
|-damage|p1a: Tyrantrum|0 fnt
|-unboost|p2a: Blaziken|def|1
|-unboost|p2a: Blaziken|spd|1
|faint|p1a: Tyrantrum
|-damage|p2a: Blaziken|0 fnt|[from] item: Life Orb
|faint|p2a: Blaziken
|
|upkeep
|
|t:|1641844112
|switch|p2a: Salamence|Salamence, F|88/100
|switch|p1a: Mew|Mew|100/100
|-ability|p2a: Salamence|Intimidate|boost
|-unboost|p1a: Mew|atk|1
|-activate|p1a: Mew|move: Sticky Web
|-unboost|p1a: Mew|spe|1
|turn|16
|
|t:|1641844126
|move|p2a: Salamence|Defog|p1a: Mew
|-unboost|p1a: Mew|evasion|1
|-sideend|p1: tri-stantheman|Sticky Web|[from] move: Defog|[of] p2a: Salamence
|move|p1a: Mew|Explosion|p2a: Salamence
|-damage|p2a: Salamence|36/100
|faint|p1a: Mew
|
|upkeep
|
|t:|1641844132
|switch|p1a: Venusaur|Venusaur, M|19/100
|turn|17
|
|t:|1641844136
|move|p2a: Salamence|Flamethrower|p1a: Venusaur
|-supereffective|p1a: Venusaur
|-damage|p1a: Venusaur|0 fnt
|faint|p1a: Venusaur
|
|win|BogSot
|raw|tri-stantheman's rating: 1000 &rarr; <strong>1000</strong><br />(+0 for losing)
|raw|BogSot's rating: 1045 &rarr; <strong>1074</strong><br />(+29 for winning)
