|j|☆Original_Meta
|j|☆hanze zoe
|t:|1641731430
|gametype|singles
|player|p1|Original_Meta|gambler|1134
|player|p2|hanze zoe|265|1154
|teamsize|p1|6
|teamsize|p2|6
|gen|8
|tier|[Gen 8] OU
|rated|
|rule|Sleep Clause Mod: Limit one foe put to sleep
|rule|Species Clause: Limit one of each Pokémon
|rule|OHKO Clause: OHKO moves are banned
|rule|Evasion Moves Clause: Evasion moves are banned
|rule|Endless Battle Clause: Forcing endless battles is banned
|rule|HP Percentage Mod: HP is shown in percentages
|rule|Dynamax Clause: You cannot dynamax
|clearpoke
|poke|p1|Grimmsnarl, M|
|poke|p1|Klefki, M|
|poke|p1|Swampert, M|
|poke|p1|Diggersby, F|
|poke|p1|Nidoking, M|
|poke|p1|Mimikyu, F|
|poke|p2|Shuckle, F|
|poke|p2|Tapu Koko|
|poke|p2|Urshifu-*, M|
|poke|p2|Scizor, M|
|poke|p2|Kartana|
|poke|p2|Hawlucha, F|
|teampreview
|
|t:|1641731435
|start
|switch|p1a: Grimmsnarl|Grimmsnarl, M|100/100
|switch|p2a: Shuckle|Shuckle, F|100/100
|turn|1
|
|t:|1641731444
|move|p1a: Grimmsnarl|Taunt|p2a: Shuckle
|-start|p2a: Shuckle|move: Taunt
|-enditem|p2a: Shuckle|Mental Herb
|-end|p2a: Shuckle|move: Taunt
|move|p2a: Shuckle|Sticky Web|p1a: Grimmsnarl
|-sidestart|p1: Original_Meta|move: Sticky Web
|
|upkeep
|turn|2
|inactive|Battle timer is ON: inactive players will automatically lose when time's up. (requested by hanze zoe)
|
|t:|1641731451
|move|p1a: Grimmsnarl|Taunt|p2a: Shuckle
|-start|p2a: Shuckle|move: Taunt
|cant|p2a: Shuckle|move: Taunt|Stealth Rock
|
|upkeep
|turn|3
|
|t:|1641731465
|switch|p1a: Klefki|Klefki, M|100/100
|-activate|p1a: Klefki|move: Sticky Web
|-unboost|p1a: Klefki|spe|1
|move|p2a: Shuckle|Knock Off|p1a: Klefki
|-resisted|p1a: Klefki
|-damage|p1a: Klefki|97/100
|-enditem|p1a: Klefki|Choice Specs|[from] move: Knock Off|[of] p2a: Shuckle
|
|upkeep
|turn|4
|
|t:|1641731476
|move|p1a: Klefki|Switcheroo||[still]
|-fail|p1a: Klefki
|move|p2a: Shuckle|Body Slam|p1a: Klefki
|-resisted|p1a: Klefki
|-damage|p1a: Klefki|95/100
|
|-end|p2a: Shuckle|move: Taunt
|upkeep
|turn|5
|
|t:|1641731487
|move|p1a: Klefki|Thunder Wave|p2a: Shuckle
|-status|p2a: Shuckle|par
|move|p2a: Shuckle|Stealth Rock|p1a: Klefki
|-sidestart|p1: Original_Meta|move: Stealth Rock
|
|upkeep
|turn|6
|
|t:|1641731498
|move|p1a: Klefki|Defog|p2a: Shuckle
|-unboost|p2a: Shuckle|evasion|1
|-sideend|p1: Original_Meta|Stealth Rock|[from] move: Defog|[of] p1a: Klefki
|-sideend|p1: Original_Meta|Sticky Web|[from] move: Defog|[of] p1a: Klefki
|move|p2a: Shuckle|Body Slam|p1a: Klefki
|-resisted|p1a: Klefki
|-damage|p1a: Klefki|92/100
|
|upkeep
|turn|7
|
|t:|1641731512
|switch|p1a: Swampert|Swampert, M|100/100
|move|p2a: Shuckle|Sticky Web|p1a: Swampert
|-sidestart|p1: Original_Meta|move: Sticky Web
|
|upkeep
|turn|8
|
|t:|1641731523
|switch|p2a: Kartana|Kartana|100/100
|move|p1a: Swampert|Flip Turn|p2a: Kartana
|-resisted|p2a: Kartana
|-damage|p2a: Kartana|88/100
|
|t:|1641731530
|switch|p1a: Klefki|Klefki, M|92/100|[from]move: Flip Turn
|-activate|p1a: Klefki|move: Sticky Web
|-unboost|p1a: Klefki|spe|1
|
|upkeep
|turn|9
|
|t:|1641731539
|move|p1a: Klefki|Thunder Wave|p2a: Kartana
|-status|p2a: Kartana|par
|move|p2a: Kartana|Sacred Sword|p1a: Klefki
|-damage|p1a: Klefki|40/100
|-damage|p2a: Kartana|78/100 par|[from] item: Life Orb
|
|upkeep
|turn|10
|
|t:|1641731550
|move|p1a: Klefki|Defog|p2a: Kartana
|-unboost|p2a: Kartana|evasion|1
|-sideend|p1: Original_Meta|Sticky Web|[from] move: Defog|[of] p1a: Klefki
|cant|p2a: Kartana|par
|
|upkeep
|turn|11
|
|t:|1641731558
|cant|p2a: Kartana|par
|move|p1a: Klefki|Draining Kiss|p2a: Kartana
|-resisted|p2a: Kartana
|-damage|p2a: Kartana|57/100 par
|-heal|p1a: Klefki|53/100|[from] drain|[of] p2a: Kartana
|
|upkeep
|turn|12
|
|t:|1641731566
|cant|p2a: Kartana|par
|move|p1a: Klefki|Draining Kiss|p2a: Kartana
|-resisted|p2a: Kartana
|-damage|p2a: Kartana|33/100 par
|-heal|p1a: Klefki|68/100|[from] drain|[of] p2a: Kartana
|
|upkeep
|turn|13
|
|t:|1641731575
|move|p2a: Kartana|Sacred Sword|p1a: Klefki
|-damage|p1a: Klefki|18/100
|-damage|p2a: Kartana|24/100 par|[from] item: Life Orb
|move|p1a: Klefki|Draining Kiss|p2a: Kartana
|-resisted|p2a: Kartana
|-damage|p2a: Kartana|3/100 par
|-heal|p1a: Klefki|31/100|[from] drain|[of] p2a: Kartana
|
|upkeep
|turn|14
|
|t:|1641731588
|switch|p1a: Mimikyu|Mimikyu, F|100/100
|move|p2a: Kartana|Sacred Sword|p1a: Mimikyu
|-immune|p1a: Mimikyu
|
|upkeep
|turn|15
|
|t:|1641731596
|move|p1a: Mimikyu|Shadow Sneak|p2a: Kartana
|-damage|p2a: Kartana|0 fnt
|faint|p2a: Kartana
|
|upkeep
|
|t:|1641731603
|switch|p2a: Tapu Koko|Tapu Koko|100/100
|-fieldstart|move: Electric Terrain|[from] ability: Electric Surge|[of] p2a: Tapu Koko
|turn|16
|
|t:|1641731611
|move|p2a: Tapu Koko|U-turn|p1a: Mimikyu
|-activate|p1a: Mimikyu|ability: Disguise
|-damage|p1a: Mimikyu|100/100
|detailschange|p1a: Mimikyu|Mimikyu-Busted, F
|-damage|p1a: Mimikyu|88/100|[from] pokemon: Mimikyu-Busted
|-enditem|p1a: Mimikyu|Red Card|[of] p2a: Tapu Koko
|drag|p2a: Scizor|Scizor, M|100/100
|move|p1a: Mimikyu|Curse|p2a: Scizor
|-start|p2a: Scizor|Curse|[of] p1a: Mimikyu
|-damage|p1a: Mimikyu|38/100
|
|-damage|p2a: Scizor|76/100|[from] Curse
|upkeep
|turn|17
|
|t:|1641731626
|move|p2a: Scizor|Bullet Punch|p1a: Mimikyu
|-supereffective|p1a: Mimikyu
|-damage|p1a: Mimikyu|0 fnt
|faint|p1a: Mimikyu
|
|-damage|p2a: Scizor|51/100|[from] Curse
|upkeep
|
|t:|1641731640
|switch|p1a: Swampert|Swampert, M|100/100
|turn|18
|
|t:|1641731650
|switch|p2a: Shuckle|Shuckle, F|100/100 par
|move|p1a: Swampert|Counter||[still]
|-fail|p1a: Swampert
|
|upkeep
|turn|19
|
|t:|1641731656
|move|p1a: Swampert|Flip Turn|p2a: Shuckle
|-supereffective|p2a: Shuckle
|-damage|p2a: Shuckle|69/100 par
|
|t:|1641731660
|switch|p1a: Klefki|Klefki, M|31/100|[from]move: Flip Turn
|cant|p2a: Shuckle|par
|
|upkeep
|turn|20
|
|t:|1641731669
|move|p1a: Klefki|Draining Kiss|p2a: Shuckle
|-damage|p2a: Shuckle|60/100 par
|-heal|p1a: Klefki|36/100|[from] drain|[of] p2a: Shuckle
|move|p2a: Shuckle|Stealth Rock|p1a: Klefki
|-sidestart|p1: Original_Meta|move: Stealth Rock
|
|-fieldend|move: Electric Terrain
|upkeep
|turn|21
|
|t:|1641731677
|switch|p2a: Urshifu|Urshifu-Rapid-Strike, M|100/100
|move|p1a: Klefki|Draining Kiss|p2a: Urshifu
|-supereffective|p2a: Urshifu
|-damage|p2a: Urshifu|53/100
|-heal|p1a: Klefki|74/100|[from] drain|[of] p2a: Urshifu
|
|upkeep
|turn|22
|
|t:|1641731685
|move|p1a: Klefki|Defog|p2a: Urshifu
|-unboost|p2a: Urshifu|evasion|1
|-sideend|p1: Original_Meta|Stealth Rock|[from] move: Defog|[of] p1a: Klefki
|move|p2a: Urshifu|Surging Strikes|p1a: Klefki
|-crit|p1a: Klefki
|-damage|p1a: Klefki|45/100
|-crit|p1a: Klefki
|-damage|p1a: Klefki|15/100
|-crit|p1a: Klefki
|-damage|p1a: Klefki|0 fnt
|faint|p1a: Klefki
|-hitcount|p1: Klefki|3
|
|upkeep
|
|t:|1641731700
|switch|p1a: Swampert|Swampert, M|100/100
|turn|23
|
|t:|1641731705
|move|p2a: Urshifu|Surging Strikes|p1a: Swampert
|-crit|p1a: Swampert
|-damage|p1a: Swampert|75/100
|-crit|p1a: Swampert
|-damage|p1a: Swampert|51/100
|-crit|p1a: Swampert
|-damage|p1a: Swampert|26/100
|-hitcount|p1a: Swampert|3
|move|p1a: Swampert|Counter|p2a: Urshifu
|-damage|p2a: Urshifu|0 fnt
|faint|p2a: Urshifu
|
|upkeep
|
|t:|1641731711
|switch|p2a: Shuckle|Shuckle, F|60/100 par
|turn|24
|
|t:|1641731724
|move|p1a: Swampert|Flip Turn|p2a: Shuckle
|-supereffective|p2a: Shuckle
|-damage|p2a: Shuckle|25/100 par
|
|t:|1641731730
|switch|p1a: Nidoking|Nidoking, M|100/100|[from]move: Flip Turn
|move|p2a: Shuckle|Sticky Web|p1a: Nidoking
|-sidestart|p1: Original_Meta|move: Sticky Web
|
|upkeep
|turn|25
|
|t:|1641731742
|move|p1a: Nidoking|Flamethrower|p2a: Shuckle
|-damage|p2a: Shuckle|3/100 par
|move|p2a: Shuckle|Stealth Rock|p1a: Nidoking
|-sidestart|p1: Original_Meta|move: Stealth Rock
|
|upkeep
|turn|26
|
|t:|1641731752
|move|p1a: Nidoking|Flamethrower|p2a: Shuckle
|-damage|p2a: Shuckle|0 fnt
|faint|p2a: Shuckle
|
|upkeep
|
|t:|1641731759
|switch|p2a: Tapu Koko|Tapu Koko|100/100
|-fieldstart|move: Electric Terrain|[from] ability: Electric Surge|[of] p2a: Tapu Koko
|turn|27
|
|t:|1641731765
|move|p2a: Tapu Koko|Brave Bird|p1a: Nidoking
|-damage|p1a: Nidoking|45/100
|-damage|p2a: Tapu Koko|81/100|[from] Recoil
|move|p1a: Nidoking|Sludge Wave|p2a: Tapu Koko
|-supereffective|p2a: Tapu Koko
|-damage|p2a: Tapu Koko|0 fnt
|faint|p2a: Tapu Koko
|
|upkeep
|
|t:|1641731774
|switch|p2a: Scizor|Scizor, M|51/100
|turn|28
|
|t:|1641731781
|move|p2a: Scizor|Bullet Punch|p1a: Nidoking
|-damage|p1a: Nidoking|1/100
|move|p1a: Nidoking|Flamethrower|p2a: Scizor
|-supereffective|p2a: Scizor
|-crit|p2a: Scizor
|-damage|p2a: Scizor|0 fnt
|faint|p2a: Scizor
|
|upkeep
|
|t:|1641731786
|switch|p2a: Hawlucha|Hawlucha, F|100/100
|-enditem|p2a: Hawlucha|Electric Seed
|-boost|p2a: Hawlucha|def|1|[from] item: Electric Seed
|turn|29
|
|t:|1641731795
|move|p2a: Hawlucha|Acrobatics|p1a: Nidoking
|-damage|p1a: Nidoking|0 fnt
|faint|p1a: Nidoking
|
|upkeep
|
|t:|1641731806
|switch|p1a: Swampert|Swampert, M|26/100
|-activate|p1a: Swampert|move: Sticky Web
|-unboost|p1a: Swampert|spe|1
|-damage|p1a: Swampert|20/100|[from] Stealth Rock
|-enditem|p1a: Swampert|Figy Berry|[eat]
|-heal|p1a: Swampert|53/100|[from] item: Figy Berry
|turn|30
|
|t:|1641731815
|move|p2a: Hawlucha|Close Combat|p1a: Swampert
|-damage|p1a: Swampert|9/100
|-unboost|p2a: Hawlucha|def|1
|-unboost|p2a: Hawlucha|spd|1
|move|p1a: Swampert|Counter|p2a: Hawlucha
|-damage|p2a: Hawlucha|0 fnt
|faint|p2a: Hawlucha
|
|win|Original_Meta
|raw|Original_Meta's rating: 1134 &rarr; <strong>1160</strong><br />(+26 for winning)
|raw|hanze zoe's rating: 1154 &rarr; <strong>1128</strong><br />(-26 for losing)
|c|☆Original_Meta|Gg
|l|☆hanze zoe
