|j|☆Mr important
|j|☆nilloK
|t:|1641851926
|gametype|singles
|player|p1|Mr important|1|1294
|player|p2|nilloK|hiker-gen2|1327
|teamsize|p1|6
|teamsize|p2|6
|gen|8
|tier|[Gen 8] OU
|rated|
|rule|Sleep Clause Mod: Limit one foe put to sleep
|rule|Species Clause: Limit one of each Pokémon
|rule|OHKO Clause: OHKO moves are banned
|rule|Evasion Moves Clause: Evasion moves are banned
|rule|Endless Battle Clause: Forcing endless battles is banned
|rule|HP Percentage Mod: HP is shown in percentages
|rule|Dynamax Clause: You cannot dynamax
|clearpoke
|poke|p1|Urshifu-*, M|
|poke|p1|Tapu Koko|
|poke|p1|Mew|
|poke|p1|Bisharp, F|
|poke|p1|Rillaboom, F|
|poke|p1|Dragapult, M|
|poke|p2|Tapu Fini|
|poke|p2|Heatran, M|
|poke|p2|Landorus-Therian, M|
|poke|p2|Tornadus-Therian, M|
|poke|p2|Blacephalon|
|poke|p2|Zeraora|
|teampreview
|inactive|Battle timer is ON: inactive players will automatically lose when time's up. (requested by nilloK)
|
|t:|1641851935
|start
|switch|p1a: Mew|Mew|100/100
|switch|p2a: Blacephalon|Blacephalon|100/100
|turn|1
|
|t:|1641851940
|switch|p1a: Bisharp|Bisharp, F|100/100
|move|p2a: Blacephalon|Shadow Ball|p1a: Bisharp
|-resisted|p1a: Bisharp
|-crit|p1a: Bisharp
|-damage|p1a: Bisharp|24/100
|
|upkeep
|turn|2
|
|t:|1641851948
|switch|p2a: Landorus|Landorus-Therian, M|100/100
|-ability|p2a: Landorus|Intimidate|boost
|-unboost|p1a: Bisharp|atk|1
|-ability|p1a: Bisharp|Defiant
|-boost|p1a: Bisharp|atk|2
|move|p1a: Bisharp|Sucker Punch||[still]
|-fail|p1a: Bisharp
|
|upkeep
|turn|3
|
|t:|1641851955
|move|p1a: Bisharp|Sucker Punch|p2a: Landorus
|-damage|p2a: Landorus|52/100
|move|p2a: Landorus|Earthquake|p1a: Bisharp
|-supereffective|p1a: Bisharp
|-damage|p1a: Bisharp|0 fnt
|faint|p1a: Bisharp
|
|-heal|p2a: Landorus|58/100|[from] item: Leftovers
|upkeep
|
|t:|1641851961
|switch|p1a: Dragapult|Dragapult, M|100/100
|turn|4
|
|t:|1641851964
|switch|p2a: Tapu Fini|Tapu Fini|100/100
|-fieldstart|move: Misty Terrain|[from] ability: Misty Surge|[of] p2a: Tapu Fini
|move|p1a: Dragapult|Dragon Darts|p2a: Tapu Fini
|-immune|p2a: Tapu Fini
|
|upkeep
|turn|5
|
|t:|1641851970
|switch|p1a: Rillaboom|Rillaboom, F|100/100
|-fieldstart|move: Grassy Terrain|[from] ability: Grassy Surge|[of] p1a: Rillaboom
|move|p2a: Tapu Fini|Whirlpool|p1a: Rillaboom
|-resisted|p1a: Rillaboom
|-damage|p1a: Rillaboom|95/100
|-activate|p1a: Rillaboom|move: Whirlpool|[of] p2a: Tapu Fini
|
|-heal|p1a: Rillaboom|100/100|[from] Grassy Terrain
|-damage|p1a: Rillaboom|88/100|[from] move: Whirlpool|[partiallytrapped]
|upkeep
|turn|6
|
|t:|1641851977
|switch|p2a: Heatran|Heatran, M|100/100
|move|p1a: Rillaboom|High Horsepower|p2a: Heatran
|-supereffective|p2a: Heatran
|-damage|p2a: Heatran|0 fnt
|faint|p2a: Heatran
|
|-heal|p1a: Rillaboom|94/100|[from] Grassy Terrain
|-heal|p1a: Rillaboom|100/100|[from] item: Leftovers
|-end|p1a: Rillaboom|Whirlpool|[partiallytrapped]|[silent]
|upkeep
|
|t:|1641851995
|switch|p2a: Tornadus|Tornadus-Therian, M|100/100
|turn|7
|
|t:|1641852000
|switch|p1a: Tapu Koko|Tapu Koko|100/100
|-fieldstart|move: Electric Terrain|[from] ability: Electric Surge|[of] p1a: Tapu Koko
|move|p2a: Tornadus|Hurricane|p1a: Tapu Koko
|-resisted|p1a: Tapu Koko
|-damage|p1a: Tapu Koko|67/100
|
|-heal|p1a: Tapu Koko|73/100|[from] item: Leftovers
|upkeep
|turn|8
|
|t:|1641852007
|switch|p2a: Landorus|Landorus-Therian, M|58/100
|-ability|p2a: Landorus|Intimidate|boost
|-unboost|p1a: Tapu Koko|atk|1
|move|p1a: Tapu Koko|U-turn|p2a: Landorus
|-resisted|p2a: Landorus
|-damage|p2a: Landorus|54/100
|
|t:|1641852013
|switch|p1a: Urshifu|Urshifu-Rapid-Strike, M|100/100|[from]move: U-turn
|
|-heal|p2a: Landorus|60/100|[from] item: Leftovers
|upkeep
|turn|9
|
|t:|1641852016
|switch|p2a: Tapu Fini|Tapu Fini|100/100
|-fieldstart|move: Misty Terrain|[from] ability: Misty Surge|[of] p2a: Tapu Fini
|move|p1a: Urshifu|Surging Strikes|p2a: Tapu Fini
|-resisted|p2a: Tapu Fini
|-crit|p2a: Tapu Fini
|-damage|p2a: Tapu Fini|93/100
|-damage|p1a: Urshifu|84/100|[from] item: Rocky Helmet|[of] p2a: Tapu Fini
|-resisted|p2a: Tapu Fini
|-crit|p2a: Tapu Fini
|-damage|p2a: Tapu Fini|85/100
|-damage|p1a: Urshifu|68/100|[from] item: Rocky Helmet|[of] p2a: Tapu Fini
|-resisted|p2a: Tapu Fini
|-crit|p2a: Tapu Fini
|-damage|p2a: Tapu Fini|78/100
|-damage|p1a: Urshifu|51/100|[from] item: Rocky Helmet|[of] p2a: Tapu Fini
|-hitcount|p2a: Tapu Fini|3
|
|upkeep
|turn|10
|
|t:|1641852031
|switch|p1a: Tapu Koko|Tapu Koko|73/100
|-fieldstart|move: Electric Terrain|[from] ability: Electric Surge|[of] p1a: Tapu Koko
|move|p2a: Tapu Fini|Moonblast|p1a: Tapu Koko
|-crit|p1a: Tapu Koko
|-damage|p1a: Tapu Koko|15/100
|
|-heal|p1a: Tapu Koko|21/100|[from] item: Leftovers
|upkeep
|turn|11
|
|t:|1641852041
|switch|p2a: Zeraora|Zeraora|100/100
|move|p1a: Tapu Koko|Roost|p1a: Tapu Koko
|-heal|p1a: Tapu Koko|71/100
|-singleturn|p1a: Tapu Koko|move: Roost
|
|-heal|p1a: Tapu Koko|77/100|[from] item: Leftovers
|upkeep
|turn|12
|
|t:|1641852046
|move|p2a: Zeraora|Plasma Fists|p1a: Tapu Koko
|-resisted|p1a: Tapu Koko
|-damage|p1a: Tapu Koko|41/100
|-fieldactivate|move: Ion Deluge
|-hint|Normal-type moves become Electric-type after using Plasma Fists.
|move|p1a: Tapu Koko|U-turn|p2a: Zeraora
|-damage|p2a: Zeraora|77/100
|
|t:|1641852051
|switch|p1a: Rillaboom|Rillaboom, F|100/100|[from]move: U-turn
|-fieldstart|move: Grassy Terrain|[from] ability: Grassy Surge|[of] p1a: Rillaboom
|
|-heal|p2a: Zeraora|83/100|[from] Grassy Terrain
|upkeep
|turn|13
|
|t:|1641852054
|switch|p2a: Tornadus|Tornadus-Therian, M|100/100
|move|p1a: Rillaboom|Grassy Glide|p2a: Tornadus
|-resisted|p2a: Tornadus
|-damage|p2a: Tornadus|66/100
|
|upkeep
|turn|14
|
|t:|1641852061
|move|p2a: Tornadus|Knock Off|p1a: Rillaboom
|-damage|p1a: Rillaboom|82/100
|-enditem|p1a: Rillaboom|Leftovers|[from] move: Knock Off|[of] p2a: Tornadus
|move|p1a: Rillaboom|Knock Off|p2a: Tornadus
|-damage|p2a: Tornadus|16/100
|-enditem|p2a: Tornadus|Heavy-Duty Boots|[from] move: Knock Off|[of] p1a: Rillaboom
|
|-heal|p1a: Rillaboom|88/100|[from] Grassy Terrain
|upkeep
|turn|15
|
|t:|1641852072
|switch|p2a: Blacephalon|Blacephalon|100/100
|move|p1a: Rillaboom|Grassy Glide|p2a: Blacephalon
|-resisted|p2a: Blacephalon
|-damage|p2a: Blacephalon|47/100
|
|-heal|p2a: Blacephalon|53/100|[from] Grassy Terrain
|-heal|p1a: Rillaboom|94/100|[from] Grassy Terrain
|upkeep
|turn|16
|
|t:|1641852084
|switch|p2a: Landorus|Landorus-Therian, M|60/100
|-ability|p2a: Landorus|Intimidate|boost
|-unboost|p1a: Rillaboom|atk|1
|move|p1a: Rillaboom|Grassy Glide|p2a: Landorus
|-damage|p2a: Landorus|35/100
|
|-heal|p2a: Landorus|41/100|[from] item: Leftovers
|-heal|p1a: Rillaboom|99/100|[from] Grassy Terrain
|-fieldend|move: Grassy Terrain
|upkeep
|turn|17
|
|t:|1641852092
|move|p2a: Landorus|Stealth Rock|p1a: Rillaboom
|-sidestart|p1: Mr important|move: Stealth Rock
|move|p1a: Rillaboom|U-turn|p2a: Landorus
|-resisted|p2a: Landorus
|-damage|p2a: Landorus|34/100
|
|t:|1641852095
|switch|p1a: Urshifu|Urshifu-Rapid-Strike, M|51/100|[from]move: U-turn
|-damage|p1a: Urshifu|45/100|[from] Stealth Rock
|
|-heal|p2a: Landorus|40/100|[from] item: Leftovers
|upkeep
|turn|18
|
|t:|1641852098
|switch|p1a: Tapu Koko|Tapu Koko|41/100
|-damage|p1a: Tapu Koko|28/100|[from] Stealth Rock
|-fieldstart|move: Electric Terrain|[from] ability: Electric Surge|[of] p1a: Tapu Koko
|switch|p2a: Tapu Fini|Tapu Fini|78/100
|-fieldstart|move: Misty Terrain|[from] ability: Misty Surge|[of] p2a: Tapu Fini
|
|-heal|p1a: Tapu Koko|35/100|[from] item: Leftovers
|upkeep
|turn|19
|
|t:|1641852102
|switch|p2a: Zeraora|Zeraora|83/100
|move|p1a: Tapu Koko|Roost|p1a: Tapu Koko
|-heal|p1a: Tapu Koko|85/100
|-singleturn|p1a: Tapu Koko|move: Roost
|
|-heal|p1a: Tapu Koko|91/100|[from] item: Leftovers
|upkeep
|turn|20
|
|t:|1641852108
|move|p2a: Zeraora|Plasma Fists|p1a: Tapu Koko
|-resisted|p1a: Tapu Koko
|-damage|p1a: Tapu Koko|65/100
|-fieldactivate|move: Ion Deluge
|-hint|Normal-type moves become Electric-type after using Plasma Fists.
|move|p1a: Tapu Koko|U-turn|p2a: Zeraora
|-damage|p2a: Zeraora|63/100
|
|t:|1641852111
|switch|p1a: Rillaboom|Rillaboom, F|99/100|[from]move: U-turn
|-damage|p1a: Rillaboom|88/100|[from] Stealth Rock
|-fieldstart|move: Grassy Terrain|[from] ability: Grassy Surge|[of] p1a: Rillaboom
|
|-heal|p2a: Zeraora|69/100|[from] Grassy Terrain
|-heal|p1a: Rillaboom|94/100|[from] Grassy Terrain
|upkeep
|turn|21
|
|t:|1641852119
|switch|p2a: Landorus|Landorus-Therian, M|40/100
|-ability|p2a: Landorus|Intimidate|boost
|-unboost|p1a: Rillaboom|atk|1
|move|p1a: Rillaboom|Grassy Glide|p2a: Landorus
|-damage|p2a: Landorus|15/100
|
|-heal|p2a: Landorus|21/100|[from] item: Leftovers
|-heal|p1a: Rillaboom|99/100|[from] Grassy Terrain
|upkeep
|turn|22
|
|t:|1641852122
|switch|p2a: Tornadus|Tornadus-Therian, M|49/100
|move|p1a: Rillaboom|Grassy Glide|p2a: Tornadus
|-resisted|p2a: Tornadus
|-damage|p2a: Tornadus|27/100
|
|-heal|p1a: Rillaboom|100/100|[from] Grassy Terrain
|upkeep
|turn|23
|
|t:|1641852127
|switch|p1a: Tapu Koko|Tapu Koko|65/100
|-damage|p1a: Tapu Koko|53/100|[from] Stealth Rock
|-fieldstart|move: Electric Terrain|[from] ability: Electric Surge|[of] p1a: Tapu Koko
|move|p2a: Tornadus|Hurricane|p1a: Tapu Koko
|-resisted|p1a: Tapu Koko
|-damage|p1a: Tapu Koko|18/100
|-start|p1a: Tapu Koko|confusion
|
|-heal|p1a: Tapu Koko|24/100|[from] item: Leftovers
|upkeep
|turn|24
|
|t:|1641852136
|switch|p2a: Zeraora|Zeraora|69/100
|-activate|p1a: Tapu Koko|confusion
|-damage|p1a: Tapu Koko|14/100|[from] confusion
|
|-heal|p1a: Tapu Koko|20/100|[from] item: Leftovers
|upkeep
|turn|25
|
|t:|1641852140
|move|p2a: Zeraora|Volt Switch|p1a: Tapu Koko
|-resisted|p1a: Tapu Koko
|-damage|p1a: Tapu Koko|1/100
|
|t:|1641852147
|switch|p2a: Landorus|Landorus-Therian, M|21/100|[from]move: Volt Switch
|-ability|p2a: Landorus|Intimidate|boost
|-unboost|p1a: Tapu Koko|atk|1
|-activate|p1a: Tapu Koko|confusion
|move|p1a: Tapu Koko|Defog|p2a: Landorus
|-unboost|p2a: Landorus|evasion|1
|-sideend|p1: Mr important|Stealth Rock|[from] move: Defog|[of] p1a: Tapu Koko
|-fieldend|move: Electric Terrain
|
|-heal|p1a: Tapu Koko|7/100|[from] item: Leftovers
|-heal|p2a: Landorus|27/100|[from] item: Leftovers
|upkeep
|turn|26
|
|t:|1641852151
|-end|p1a: Tapu Koko|confusion
|move|p1a: Tapu Koko|Roost|p1a: Tapu Koko
|-heal|p1a: Tapu Koko|57/100
|-singleturn|p1a: Tapu Koko|move: Roost
|move|p2a: Landorus|Stealth Rock|p1a: Tapu Koko
|-sidestart|p1: Mr important|move: Stealth Rock
|
|-heal|p1a: Tapu Koko|63/100|[from] item: Leftovers
|-heal|p2a: Landorus|33/100|[from] item: Leftovers
|upkeep
|turn|27
|
|t:|1641852156
|move|p1a: Tapu Koko|Defog|p2a: Landorus
|-unboost|p2a: Landorus|evasion|1
|-sideend|p1: Mr important|Stealth Rock|[from] move: Defog|[of] p1a: Tapu Koko
|move|p2a: Landorus|Earthquake|p1a: Tapu Koko
|-supereffective|p1a: Tapu Koko
|-damage|p1a: Tapu Koko|0 fnt
|faint|p1a: Tapu Koko
|
|-heal|p2a: Landorus|39/100|[from] item: Leftovers
|upkeep
|
|t:|1641852162
|switch|p1a: Urshifu|Urshifu-Rapid-Strike, M|45/100
|turn|28
|
|t:|1641852164
|switch|p2a: Tapu Fini|Tapu Fini|78/100
|-fieldstart|move: Misty Terrain|[from] ability: Misty Surge|[of] p2a: Tapu Fini
|move|p1a: Urshifu|Surging Strikes|p2a: Tapu Fini
|-resisted|p2a: Tapu Fini
|-crit|p2a: Tapu Fini
|-damage|p2a: Tapu Fini|71/100
|-damage|p1a: Urshifu|29/100|[from] item: Rocky Helmet|[of] p2a: Tapu Fini
|-resisted|p2a: Tapu Fini
|-crit|p2a: Tapu Fini
|-damage|p2a: Tapu Fini|63/100
|-damage|p1a: Urshifu|12/100|[from] item: Rocky Helmet|[of] p2a: Tapu Fini
|-resisted|p2a: Tapu Fini
|-crit|p2a: Tapu Fini
|-damage|p2a: Tapu Fini|55/100
|-damage|p1a: Urshifu|0 fnt|[from] item: Rocky Helmet|[of] p2a: Tapu Fini
|faint|p1a: Urshifu
|-hitcount|p2a: Tapu Fini|3
|
|upkeep
|
|t:|1641852167
|switch|p1a: Rillaboom|Rillaboom, F|100/100
|-fieldstart|move: Grassy Terrain|[from] ability: Grassy Surge|[of] p1a: Rillaboom
|turn|29
|
|t:|1641852170
|switch|p2a: Landorus|Landorus-Therian, M|39/100
|-ability|p2a: Landorus|Intimidate|boost
|-unboost|p1a: Rillaboom|atk|1
|move|p1a: Rillaboom|Grassy Glide|p2a: Landorus
|-damage|p2a: Landorus|14/100
|
|-heal|p2a: Landorus|20/100|[from] item: Leftovers
|upkeep
|turn|30
|
|t:|1641852173
|switch|p2a: Tornadus|Tornadus-Therian, M|60/100
|move|p1a: Rillaboom|Grassy Glide|p2a: Tornadus
|-resisted|p2a: Tornadus
|-damage|p2a: Tornadus|37/100
|
|upkeep
|turn|31
|
|t:|1641852176
|move|p2a: Tornadus|Hurricane|p1a: Rillaboom|[miss]
|-miss|p2a: Tornadus|p1a: Rillaboom
|move|p1a: Rillaboom|U-turn|p2a: Tornadus
|-resisted|p2a: Tornadus
|-damage|p2a: Tornadus|24/100
|
|t:|1641852181
|switch|p1a: Dragapult|Dragapult, M|100/100|[from]move: U-turn
|
|upkeep
|turn|32
|
|t:|1641852185
|switch|p2a: Tapu Fini|Tapu Fini|55/100
|-fieldstart|move: Misty Terrain|[from] ability: Misty Surge|[of] p2a: Tapu Fini
|move|p1a: Dragapult|Phantom Force||[still]
|-prepare|p1a: Dragapult|Phantom Force
|
|upkeep
|turn|33
|
|t:|1641852191
|move|p1a: Dragapult|Phantom Force|p2a: Tapu Fini|[from]lockedmove
|-damage|p2a: Tapu Fini|22/100
|-damage|p1a: Dragapult|84/100|[from] item: Rocky Helmet|[of] p2a: Tapu Fini
|move|p2a: Tapu Fini|Moonblast|p1a: Dragapult
|-supereffective|p1a: Dragapult
|-damage|p1a: Dragapult|0 fnt
|faint|p1a: Dragapult
|
|upkeep
|
|t:|1641852196
|switch|p1a: Mew|Mew|100/100
|turn|34
|
|t:|1641852200
|move|p1a: Mew|Cosmic Power|p1a: Mew
|-boost|p1a: Mew|def|1
|-boost|p1a: Mew|spd|1
|move|p2a: Tapu Fini|Nature's Madness|p1a: Mew
|-damage|p1a: Mew|50/100
|
|upkeep
|turn|35
|
|t:|1641852202
|move|p1a: Mew|Cosmic Power|p1a: Mew
|-boost|p1a: Mew|def|1
|-boost|p1a: Mew|spd|1
|move|p2a: Tapu Fini|Taunt|p1a: Mew
|-start|p1a: Mew|move: Taunt
|
|upkeep
|turn|36
|
|t:|1641852204
|move|p1a: Mew|Stored Power|p2a: Tapu Fini
|-damage|p2a: Tapu Fini|0 fnt
|faint|p2a: Tapu Fini
|
|-fieldend|Misty Terrain
|upkeep
|
|t:|1641852207
|switch|p2a: Blacephalon|Blacephalon|53/100
|turn|37
|
|t:|1641852209
|move|p2a: Blacephalon|Shadow Ball|p1a: Mew
|-supereffective|p1a: Mew
|-damage|p1a: Mew|0 fnt
|faint|p1a: Mew
|-ability|p2a: Blacephalon|Beast Boost|boost
|-boost|p2a: Blacephalon|spa|1
|
|upkeep
|
|t:|1641852217
|switch|p1a: Rillaboom|Rillaboom, F|100/100
|-fieldstart|move: Grassy Terrain|[from] ability: Grassy Surge|[of] p1a: Rillaboom
|turn|38
|
|t:|1641852220
|switch|p2a: Landorus|Landorus-Therian, M|20/100
|-ability|p2a: Landorus|Intimidate|boost
|-unboost|p1a: Rillaboom|atk|1
|move|p1a: Rillaboom|Grassy Glide|p2a: Landorus
|-damage|p2a: Landorus|0 fnt
|faint|p2a: Landorus
|
|upkeep
|
|t:|1641852226
|switch|p2a: Blacephalon|Blacephalon|53/100
|turn|39
|
|t:|1641852230
|move|p1a: Rillaboom|Grassy Glide|p2a: Blacephalon
|-resisted|p2a: Blacephalon
|-damage|p2a: Blacephalon|14/100
|move|p2a: Blacephalon|Flamethrower|p1a: Rillaboom
|-supereffective|p1a: Rillaboom
|-damage|p1a: Rillaboom|0 fnt
|faint|p1a: Rillaboom
|
|win|nilloK
|raw|Mr important's rating: 1294 &rarr; <strong>1271</strong><br />(-23 for losing)
|raw|nilloK's rating: 1327 &rarr; <strong>1345</strong><br />(+18 for winning)
|l|☆Mr important
