|j|☆QuebecLibre
|j|☆AmRayquaza
|t:|1641829892
|gametype|singles
|player|p1|QuebecLibre|gambler|1420
|player|p2|AmRayquaza|2|1352
|teamsize|p1|6
|teamsize|p2|6
|gen|8
|tier|[Gen 8] OU
|rated|
|rule|Sleep Clause Mod: Limit one foe put to sleep
|rule|Species Clause: Limit one of each Pokémon
|rule|OHKO Clause: OHKO moves are banned
|rule|Evasion Moves Clause: Evasion moves are banned
|rule|Endless Battle Clause: Forcing endless battles is banned
|rule|HP Percentage Mod: HP is shown in percentages
|rule|Dynamax Clause: You cannot dynamax
|clearpoke
|poke|p1|Landorus-Therian, M|
|poke|p1|Mandibuzz, F|
|poke|p1|Victini|
|poke|p1|Zeraora|
|poke|p1|Keldeo-Resolute|
|poke|p1|Slowking-Galar, M|
|poke|p2|Zapdos|
|poke|p2|Mew|
|poke|p2|Salamence, F|
|poke|p2|Ninetales-Alola, F|
|poke|p2|Arctozolt|
|poke|p2|Ditto|
|teampreview
|inactive|Battle timer is ON: inactive players will automatically lose when time's up. (requested by QuebecLibre)
|inactive|AmRayquaza has 120 seconds left.
|
|t:|1641829936
|start
|switch|p1a: Victini|Victini|100/100
|switch|p2a: Mew|Mew|100/100
|turn|1
|
|t:|1641829940
|move|p2a: Mew|Fake Out|p1a: Victini
|-damage|p1a: Victini|94/100
|cant|p1a: Victini|flinch
|
|upkeep
|turn|2
|
|t:|1641829943
|move|p1a: Victini|U-turn|p2a: Mew
|-supereffective|p2a: Mew
|-damage|p2a: Mew|79/100
|-damage|p1a: Victini|77/100|[from] item: Rocky Helmet|[of] p2a: Mew
|
|t:|1641829950
|switch|p1a: Zeraora|Zeraora|100/100|[from]move: U-turn
|move|p2a: Mew|Hex|p1a: Zeraora
|-damage|p1a: Zeraora|81/100
|
|upkeep
|turn|3
|
|t:|1641829953
|move|p1a: Zeraora|Taunt|p2a: Mew
|-start|p2a: Mew|move: Taunt
|cant|p2a: Mew|move: Taunt|Will-O-Wisp
|
|upkeep
|turn|4
|
|t:|1641829960
|switch|p2a: Ninetales|Ninetales-Alola, F|100/100
|-weather|Hail|[from] ability: Snow Warning|[of] p2a: Ninetales
|move|p1a: Zeraora|Volt Switch|p2a: Ninetales
|-crit|p2a: Ninetales
|-damage|p2a: Ninetales|49/100
|
|t:|1641829970
|switch|p1a: Victini|Victini|77/100|[from]move: Volt Switch
|
|-weather|Hail|[upkeep]
|-damage|p1a: Victini|71/100|[from] Hail
|upkeep
|turn|5
|
|t:|1641829977
|switch|p2a: Salamence|Salamence, F|100/100
|-ability|p2a: Salamence|Intimidate|boost
|-unboost|p1a: Victini|atk|1
|move|p1a: Victini|Final Gambit|p2a: Salamence
|-damage|p2a: Salamence|14/100
|faint|p1a: Victini
|
|-weather|Hail|[upkeep]
|-damage|p2a: Salamence|8/100|[from] Hail
|upkeep
|
|t:|1641829985
|switch|p1a: Zeraora|Zeraora|81/100
|turn|6
|
|t:|1641829994
|switch|p1a: Landorus|Landorus-Therian, M|100/100
|-ability|p1a: Landorus|Intimidate|boost
|-unboost|p2a: Salamence|atk|1
|switch|p2a: Mew|Mew|79/100
|
|-weather|Hail|[upkeep]
|-damage|p2a: Mew|72/100|[from] Hail
|-damage|p1a: Landorus|94/100|[from] Hail
|-heal|p1a: Landorus|100/100|[from] item: Leftovers
|upkeep
|turn|7
|
|t:|1641830010
|move|p2a: Mew|Will-O-Wisp|p1a: Landorus
|-status|p1a: Landorus|brn
|move|p1a: Landorus|Stealth Rock|p2a: Mew
|-sidestart|p2: AmRayquaza|move: Stealth Rock
|
|-weather|Hail|[upkeep]
|-damage|p2a: Mew|66/100|[from] Hail
|-damage|p1a: Landorus|94/100 brn|[from] Hail
|-heal|p1a: Landorus|100/100 brn|[from] item: Leftovers
|-damage|p1a: Landorus|94/100 brn|[from] brn
|upkeep
|turn|8
|
|t:|1641830015
|move|p2a: Mew|Hex|p1a: Landorus
|-damage|p1a: Landorus|62/100 brn
|move|p1a: Landorus|Toxic||[still]
|-status|p2a: Mew|tox
|-activate|p2a: Mew|ability: Synchronize
|-fail|p2a: Mew
|
|-weather|Hail|[upkeep]
|-damage|p2a: Mew|60/100 tox|[from] Hail
|-damage|p1a: Landorus|56/100 brn|[from] Hail
|-heal|p1a: Landorus|62/100 brn|[from] item: Leftovers
|-damage|p2a: Mew|54/100 tox|[from] psn
|-damage|p1a: Landorus|56/100 brn|[from] brn
|upkeep
|turn|9
|
|t:|1641830022
|switch|p2a: Salamence|Salamence, F|8/100
|-damage|p2a: Salamence|0 fnt|[from] Stealth Rock
|faint|p2a: Salamence
|move|p1a: Landorus|U-turn|p2: Salamence|[notarget]
|-fail|p1a: Landorus
|
|-weather|Hail|[upkeep]
|-damage|p1a: Landorus|50/100 brn|[from] Hail
|-heal|p1a: Landorus|56/100 brn|[from] item: Leftovers
|-damage|p1a: Landorus|50/100 brn|[from] brn
|upkeep
|
|t:|1641830026
|switch|p2a: Ninetales|Ninetales-Alola, F|49/100
|-damage|p2a: Ninetales|25/100|[from] Stealth Rock
|turn|10
|
|t:|1641830036
|move|p2a: Ninetales|Blizzard|p1a: Landorus
|-supereffective|p1a: Landorus
|-damage|p1a: Landorus|0 fnt
|faint|p1a: Landorus
|
|-weather|Hail|[upkeep]
|upkeep
|
|t:|1641830040
|switch|p1a: Zeraora|Zeraora|81/100
|turn|11
|
|t:|1641830047
|switch|p2a: Mew|Mew|54/100 tox
|-damage|p2a: Mew|41/100 tox|[from] Stealth Rock
|move|p1a: Zeraora|Volt Switch|p2a: Mew
|-damage|p2a: Mew|17/100 tox
|
|t:|1641830054
|switch|p1a: Keldeo|Keldeo-Resolute|100/100|[from]move: Volt Switch
|
|-weather|none
|-damage|p2a: Mew|10/100 tox|[from] psn
|upkeep
|turn|12
|
|t:|1641830060
|move|p2a: Mew|Fake Out|p1a: Keldeo
|-damage|p1a: Keldeo|92/100
|cant|p1a: Keldeo|flinch
|
|-damage|p2a: Mew|0 fnt|[from] psn
|faint|p2a: Mew
|upkeep
|
|t:|1641830063
|switch|p2a: Ninetales|Ninetales-Alola, F|25/100
|-damage|p2a: Ninetales|0 fnt|[from] Stealth Rock
|faint|p2a: Ninetales
|
|t:|1641830069
|switch|p2a: Zapdos|Zapdos|100/100
|-damage|p2a: Zapdos|76/100|[from] Stealth Rock
|turn|13
|
|t:|1641830075
|move|p2a: Zapdos|Hurricane|p1a: Keldeo
|-supereffective|p1a: Keldeo
|-damage|p1a: Keldeo|0 fnt
|faint|p1a: Keldeo
|
|upkeep
|
|t:|1641830090
|switch|p1a: Zeraora|Zeraora|81/100
|turn|14
|
|t:|1641830099
|switch|p2a: Arctozolt|Arctozolt|100/100
|-damage|p2a: Arctozolt|76/100|[from] Stealth Rock
|move|p1a: Zeraora|Focus Blast|p2a: Arctozolt
|-supereffective|p2a: Arctozolt
|-damage|p2a: Arctozolt|20/100
|-unboost|p2a: Arctozolt|spd|1
|
|upkeep
|turn|15
|
|t:|1641830107
|move|p1a: Zeraora|Grass Knot|p2a: Arctozolt
|-damage|p2a: Arctozolt|0 fnt
|faint|p2a: Arctozolt
|
|upkeep
|
|t:|1641830110
|switch|p2a: Ditto|Ditto|100/100
|-damage|p2a: Ditto|88/100|[from] Stealth Rock
|-transform|p2a: Ditto|p1a: Zeraora|[from] ability: Imposter
|turn|16
|
|t:|1641830122
|switch|p1a: Slowking|Slowking-Galar, M|100/100
|move|p2a: Ditto|Focus Blast|p1a: Slowking
|-resisted|p1a: Slowking
|-damage|p1a: Slowking|96/100
|
|upkeep
|turn|17
|-message|AmRayquaza forfeited.
|
|win|QuebecLibre
|raw|QuebecLibre's rating: 1420 &rarr; <strong>1436</strong><br />(+16 for winning)
|raw|AmRayquaza's rating: 1352 &rarr; <strong>1336</strong><br />(-16 for losing)
|l|☆AmRayquaza
||Ladder isn't responding, score probably updated but might not have (Request timeout).
