|j|☆SigmarHeldenhammer
|j|☆kuhrii
|t:|1641810257
|gametype|singles
|player|p1|SigmarHeldenhammer|lance|1102
|player|p2|kuhrii|hugh|1153
|teamsize|p1|6
|teamsize|p2|6
|gen|8
|tier|[Gen 8] OU
|rated|
|rule|Sleep Clause Mod: Limit one foe put to sleep
|rule|Species Clause: Limit one of each Pokémon
|rule|OHKO Clause: OHKO moves are banned
|rule|Evasion Moves Clause: Evasion moves are banned
|rule|Endless Battle Clause: Forcing endless battles is banned
|rule|HP Percentage Mod: HP is shown in percentages
|rule|Dynamax Clause: You cannot dynamax
|clearpoke
|poke|p1|Ferrothorn, F|
|poke|p1|Kingdra, F|
|poke|p1|Golbat, F|
|poke|p1|Chandelure, M|
|poke|p1|Incineroar, M|
|poke|p1|Urshifu-*, F|
|poke|p2|Garchomp, F|
|poke|p2|Slurpuff, F|
|poke|p2|Espeon, M|
|poke|p2|Tyranitar, M|
|poke|p2|Lucario, M|
|poke|p2|Quagsire, M|
|teampreview
|
|t:|1641810265
|start
|switch|p1a: Ferrothorn|Ferrothorn, F|100/100
|switch|p2a: Espeon|Espeon, M|100/100
|turn|1
|
|t:|1641810281
|switch|p1a: Chandelure|Chandelure, M|100/100
|move|p2a: Espeon|Reflect|p2a: Espeon
|-sidestart|p2: kuhrii|Reflect
|
|upkeep
|turn|2
|
|t:|1641810287
|move|p1a: Chandelure|Shadow Ball|p2a: Espeon
|-supereffective|p2a: Espeon
|-damage|p2a: Espeon|0 fnt
|faint|p2a: Espeon
|
|upkeep
|
|t:|1641810296
|switch|p2a: Tyranitar|Tyranitar, M|100/100
|-weather|Sandstorm|[from] ability: Sand Stream|[of] p2a: Tyranitar
|turn|3
|
|t:|1641810311
|switch|p1a: Ferrothorn|Ferrothorn, F|100/100
|move|p2a: Tyranitar|Ancient Power|p1a: Ferrothorn
|-resisted|p1a: Ferrothorn
|-damage|p1a: Ferrothorn|92/100
|
|-weather|Sandstorm|[upkeep]
|-heal|p1a: Ferrothorn|98/100|[from] item: Leftovers
|upkeep
|turn|4
|
|t:|1641810322
|move|p2a: Tyranitar|Flamethrower|p1a: Ferrothorn
|-supereffective|p1a: Ferrothorn
|-damage|p1a: Ferrothorn|29/100
|move|p1a: Ferrothorn|Leech Seed|p2a: Tyranitar
|-start|p2a: Tyranitar|move: Leech Seed
|
|-weather|Sandstorm|[upkeep]
|-heal|p1a: Ferrothorn|35/100|[from] item: Leftovers
|-damage|p2a: Tyranitar|88/100|[from] Leech Seed|[of] p1a: Ferrothorn
|-heal|p1a: Ferrothorn|49/100|[silent]
|upkeep
|turn|5
|inactive|Battle timer is ON: inactive players will automatically lose when time's up. (requested by SigmarHeldenhammer)
|
|t:|1641810343
|move|p1a: Ferrothorn|Protect|p1a: Ferrothorn
|-singleturn|p1a: Ferrothorn|Protect
|move|p2a: Tyranitar|Ancient Power|p1a: Ferrothorn
|-activate|p1a: Ferrothorn|move: Protect
|
|-weather|Sandstorm|[upkeep]
|-heal|p1a: Ferrothorn|56/100|[from] item: Leftovers
|-damage|p2a: Tyranitar|76/100|[from] Leech Seed|[of] p1a: Ferrothorn
|-heal|p1a: Ferrothorn|70/100|[silent]
|upkeep
|turn|6
|
|t:|1641810360
|switch|p1a: Chandelure|Chandelure, M|100/100
|move|p2a: Tyranitar|Ancient Power|p1a: Chandelure
|-supereffective|p1a: Chandelure
|-damage|p1a: Chandelure|22/100
|-boost|p2a: Tyranitar|atk|1
|-boost|p2a: Tyranitar|def|1
|-boost|p2a: Tyranitar|spa|1
|-boost|p2a: Tyranitar|spd|1
|-boost|p2a: Tyranitar|spe|1
|
|-weather|Sandstorm|[upkeep]
|-damage|p1a: Chandelure|15/100|[from] Sandstorm
|-damage|p2a: Tyranitar|63/100|[from] Leech Seed|[of] p1a: Chandelure
|-heal|p1a: Chandelure|35/100|[silent]
|upkeep
|turn|7
|c|☆SigmarHeldenhammer|nice
|
|t:|1641810379
|move|p1a: Chandelure|Energy Ball|p2a: Tyranitar
|-supereffective|p2a: Tyranitar
|-damage|p2a: Tyranitar|43/100
|move|p2a: Tyranitar|Ancient Power|p1a: Chandelure
|-supereffective|p1a: Chandelure
|-damage|p1a: Chandelure|0 fnt
|faint|p1a: Chandelure
|
|-weather|none
|upkeep
|
|t:|1641810390
|switch|p1a: Ferrothorn|Ferrothorn, F|70/100
|turn|8
|
|t:|1641810398
|move|p2a: Tyranitar|Flamethrower|p1a: Ferrothorn
|-supereffective|p1a: Ferrothorn
|-damage|p1a: Ferrothorn|0 fnt
|faint|p1a: Ferrothorn
|
|-sideend|p2: kuhrii|Reflect
|upkeep
|
|t:|1641810408
|switch|p1a: Incineroar|Incineroar, M|100/100
|turn|9
|
|t:|1641810418
|move|p2a: Tyranitar|Earth Power|p1a: Incineroar
|-supereffective|p1a: Incineroar
|-damage|p1a: Incineroar|29/100
|move|p1a: Incineroar|Bulk Up|p1a: Incineroar
|-boost|p1a: Incineroar|atk|1
|-boost|p1a: Incineroar|def|1
|
|-heal|p1a: Incineroar|35/100|[from] item: Leftovers
|-damage|p2a: Tyranitar|31/100|[from] Leech Seed|[of] p1a: Incineroar
|-heal|p1a: Incineroar|48/100|[silent]
|upkeep
|turn|10
|
|t:|1641810429
|move|p2a: Tyranitar|Ancient Power|p1a: Incineroar
|-supereffective|p1a: Incineroar
|-damage|p1a: Incineroar|0 fnt
|faint|p1a: Incineroar
|
|upkeep
|
|t:|1641810434
|switch|p1a: Urshifu|Urshifu-Rapid-Strike, F|100/100
|turn|11
|
|t:|1641810442
|move|p2a: Tyranitar|Earth Power|p1a: Urshifu
|-damage|p1a: Urshifu|50/100
|move|p1a: Urshifu|Drain Punch|p2a: Tyranitar
|-supereffective|p2a: Tyranitar
|-damage|p2a: Tyranitar|0 fnt
|-heal|p1a: Urshifu|65/100|[from] drain|[of] p2a: Tyranitar
|faint|p2a: Tyranitar
|
|-heal|p1a: Urshifu|71/100|[from] item: Leftovers
|upkeep
|
|t:|1641810459
|switch|p2a: Quagsire|Quagsire, M|100/100
|turn|12
|
|t:|1641810464
|switch|p1a: Golbat|Golbat, F|100/100
|move|p2a: Quagsire|Counter||[still]
|-fail|p2a: Quagsire
|
|upkeep
|turn|13
|
|t:|1641810471
|switch|p2a: Lucario|Lucario, M|100/100
|move|p1a: Golbat|Toxic|p2a: Lucario
|-immune|p2a: Lucario
|
|upkeep
|turn|14
|
|t:|1641810480
|switch|p1a: Kingdra|Kingdra, F|100/100
|move|p2a: Lucario|Psychic|p1a: Kingdra
|-damage|p1a: Kingdra|70/100
|-unboost|p1a: Kingdra|spd|1
|
|upkeep
|turn|15
|
|t:|1641810495
|switch|p2a: Slurpuff|Slurpuff, F|100/100
|move|p1a: Kingdra|Focus Energy|p1a: Kingdra
|-start|p1a: Kingdra|move: Focus Energy
|
|upkeep
|turn|16
|
|t:|1641810503
|move|p1a: Kingdra|Surf|p2a: Slurpuff
|-crit|p2a: Slurpuff
|-damage|p2a: Slurpuff|0 fnt
|faint|p2a: Slurpuff
|
|upkeep
|
|t:|1641810510
|switch|p2a: Garchomp|Garchomp, F|100/100
|turn|17
|
|t:|1641810514
|move|p2a: Garchomp|Outrage|p1a: Kingdra
|-supereffective|p1a: Kingdra
|-damage|p1a: Kingdra|0 fnt
|faint|p1a: Kingdra
|
|upkeep
|
|t:|1641810521
|switch|p1a: Golbat|Golbat, F|100/100
|turn|18
|
|t:|1641810526
|move|p2a: Garchomp|Outrage|p1a: Golbat|[from]lockedmove
|-damage|p1a: Golbat|54/100
|-start|p2a: Garchomp|confusion|[fatigue]
|move|p1a: Golbat|Super Fang|p2a: Garchomp
|-damage|p2a: Garchomp|51/100
|-damage|p1a: Golbat|41/100|[from] ability: Rough Skin|[of] p2a: Garchomp
|
|upkeep
|turn|19
|
|t:|1641810537
|-activate|p2a: Garchomp|confusion
|move|p2a: Garchomp|Outrage|p1a: Golbat
|-damage|p1a: Golbat|0 fnt
|faint|p1a: Golbat
|
|upkeep
|
|t:|1641810542
|switch|p1a: Urshifu|Urshifu-Rapid-Strike, F|71/100
|turn|20
|
|t:|1641810548
|-activate|p2a: Garchomp|confusion
|move|p2a: Garchomp|Outrage|p1a: Urshifu|[from]lockedmove
|-damage|p1a: Urshifu|17/100
|move|p1a: Urshifu|Bulk Up|p1a: Urshifu
|-boost|p1a: Urshifu|atk|1
|-boost|p1a: Urshifu|def|1
|
|-heal|p1a: Urshifu|23/100|[from] item: Leftovers
|upkeep
|turn|21
|
|t:|1641810560
|-activate|p2a: Garchomp|confusion
|move|p2a: Garchomp|Outrage|p1a: Urshifu|[from]lockedmove
|-damage|p1a: Urshifu|0 fnt
|faint|p1a: Urshifu
|
|win|kuhrii
|raw|SigmarHeldenhammer's rating: 1102 &rarr; <strong>1081</strong><br />(-21 for losing)
|raw|kuhrii's rating: 1153 &rarr; <strong>1174</strong><br />(+21 for winning)
|l|☆SigmarHeldenhammer
