|j|☆justatest123
|j|☆Cadscoach
|t:|1641782596
|gametype|singles
|player|p1|justatest123|backpacker|1711
|player|p2|Cadscoach|101|1716
|teamsize|p1|6
|teamsize|p2|6
|gen|8
|tier|[Gen 8] OU
|rated|
|rule|Sleep Clause Mod: Limit one foe put to sleep
|rule|Species Clause: Limit one of each Pokémon
|rule|OHKO Clause: OHKO moves are banned
|rule|Evasion Moves Clause: Evasion moves are banned
|rule|Endless Battle Clause: Forcing endless battles is banned
|rule|HP Percentage Mod: HP is shown in percentages
|rule|Dynamax Clause: You cannot dynamax
|clearpoke
|poke|p1|Weavile, F|
|poke|p1|Tapu Lele|
|poke|p1|Heatran, M|
|poke|p1|Landorus-Therian, M|
|poke|p1|Ferrothorn, M|
|poke|p1|Zapdos|
|poke|p2|Terrakion|
|poke|p2|Aegislash, F|
|poke|p2|Dragapult, F|
|poke|p2|Weavile, F|
|poke|p2|Thundurus-Therian, M|
|poke|p2|Rillaboom, F|
|teampreview
|
|t:|1641782630
|start
|switch|p1a: Landorus|Landorus-Therian, M|100/100
|switch|p2a: Aegislash|Aegislash, F, shiny|100/100
|-ability|p1a: Landorus|Intimidate|boost
|-unboost|p2a: Aegislash|atk|1
|turn|1
|
|t:|1641782644
|move|p1a: Landorus|Earthquake|p2a: Aegislash
|-supereffective|p2a: Aegislash
|-damage|p2a: Aegislash|30/100
|-enditem|p2a: Aegislash|Weakness Policy
|-boost|p2a: Aegislash|atk|2|[from] item: Weakness Policy
|-boost|p2a: Aegislash|spa|2|[from] item: Weakness Policy
|-formechange|p2a: Aegislash|Aegislash-Blade||[from] ability: Stance Change
|move|p2a: Aegislash|Shadow Ball|p1a: Landorus
|-damage|p1a: Landorus|39/100
|
|-heal|p1a: Landorus|45/100|[from] item: Leftovers
|upkeep
|turn|2
|j| GGeorgie
|
|t:|1641782655
|-formechange|p2a: Aegislash|Aegislash||[from] ability: Stance Change
|move|p2a: Aegislash|King's Shield|p2a: Aegislash
|-singleturn|p2a: Aegislash|Protect
|move|p1a: Landorus|Earthquake|p2a: Aegislash
|-activate|p2a: Aegislash|move: Protect
|
|-heal|p1a: Landorus|51/100|[from] item: Leftovers
|upkeep
|turn|3
|
|t:|1641782666
|-formechange|p2a: Aegislash|Aegislash-Blade||[from] ability: Stance Change
|move|p2a: Aegislash|Shadow Sneak|p1a: Landorus
|-damage|p1a: Landorus|25/100
|move|p1a: Landorus|Earthquake|p2a: Aegislash
|-supereffective|p2a: Aegislash
|-damage|p2a: Aegislash|0 fnt
|faint|p2a: Aegislash
|
|-heal|p1a: Landorus|31/100|[from] item: Leftovers
|upkeep
|
|t:|1641782678
|switch|p2a: Terrakion|Terrakion, shiny|100/100
|turn|4
|j| 4seulgi
|inactive|Battle timer is ON: inactive players will automatically lose when time's up. (requested by Cadscoach)
|
|t:|1641782716
|move|p2a: Terrakion|Stone Edge|p1a: Landorus|[miss]
|-miss|p2a: Terrakion|p1a: Landorus
|move|p1a: Landorus|U-turn|p2a: Terrakion
|-resisted|p2a: Terrakion
|-damage|p2a: Terrakion|87/100
|
|t:|1641782719
|switch|p1a: Tapu Lele|Tapu Lele|100/100|[from]move: U-turn
|-fieldstart|move: Psychic Terrain|[from] ability: Psychic Surge|[of] p1a: Tapu Lele
|
|upkeep
|turn|5
|
|t:|1641782728
|switch|p2a: Rillaboom|Rillaboom, F, shiny|100/100
|-fieldstart|move: Grassy Terrain|[from] ability: Grassy Surge|[of] p2a: Rillaboom
|-enditem|p2a: Rillaboom|Grassy Seed
|-boost|p2a: Rillaboom|def|1|[from] item: Grassy Seed
|move|p1a: Tapu Lele|Moonblast|p2a: Rillaboom
|-damage|p2a: Rillaboom|37/100
|
|-heal|p2a: Rillaboom|43/100|[from] Grassy Terrain
|upkeep
|turn|6
|
|t:|1641782748
|switch|p1a: Zapdos|Zapdos|100/100
|move|p2a: Rillaboom|Grassy Glide|p1a: Zapdos
|-resisted|p1a: Zapdos
|-damage|p1a: Zapdos|81/100
|-status|p2a: Rillaboom|par|[from] ability: Static|[of] p1a: Zapdos
|
|-heal|p2a: Rillaboom|50/100 par|[from] Grassy Terrain
|upkeep
|turn|7
|
|t:|1641782761
|switch|p2a: Thundurus|Thundurus-Therian, M, shiny|100/100
|move|p1a: Zapdos|Hurricane|p2a: Thundurus
|-resisted|p2a: Thundurus
|-crit|p2a: Thundurus
|-damage|p2a: Thundurus|56/100
|
|upkeep
|turn|8
|
|t:|1641782770
|switch|p1a: Landorus|Landorus-Therian, M|31/100
|-ability|p1a: Landorus|Intimidate|boost
|-unboost|p2a: Thundurus|atk|1
|move|p2a: Thundurus|Thunderbolt|p1a: Landorus
|-immune|p1a: Landorus
|
|-heal|p1a: Landorus|37/100|[from] item: Leftovers
|upkeep
|turn|9
|j| That Soulja Boi
|
|t:|1641782778
|move|p2a: Thundurus|Nasty Plot|p2a: Thundurus
|-boost|p2a: Thundurus|spa|2
|move|p1a: Landorus|U-turn|p2a: Thundurus
|-resisted|p2a: Thundurus
|-damage|p2a: Thundurus|40/100
|-message|Cadscoach forfeited.
|
|win|justatest123
|raw|justatest123's rating: 1711 &rarr; <strong>1731</strong><br />(+20 for winning)
|raw|Cadscoach's rating: 1716 &rarr; <strong>1696</strong><br />(-20 for losing)
|l|☆Cadscoach
