|j|‽Oh yeh im bad
|j|☆Zephyr1517
|t:|1641817918
|gametype|singles
|player|p1|Oh yeh im bad|harlequin|1198
|player|p2|Zephyr1517|elio|1151
|teamsize|p1|6
|teamsize|p2|6
|gen|8
|tier|[Gen 8] OU
|rated|
|rule|Sleep Clause Mod: Limit one foe put to sleep
|rule|Species Clause: Limit one of each Pokémon
|rule|OHKO Clause: OHKO moves are banned
|rule|Evasion Moves Clause: Evasion moves are banned
|rule|Endless Battle Clause: Forcing endless battles is banned
|rule|HP Percentage Mod: HP is shown in percentages
|rule|Dynamax Clause: You cannot dynamax
|clearpoke
|poke|p1|Garchomp, M|
|poke|p1|Tapu Fini|
|poke|p1|Victini|
|poke|p1|Kartana|
|poke|p1|Blissey, F|
|poke|p1|Corviknight, M|
|poke|p2|Nihilego|
|poke|p2|Zapdos-Galar|
|poke|p2|Kartana|
|poke|p2|Celesteela|
|poke|p2|Garchomp, F|
|poke|p2|Tapu Fini|
|teampreview
|
|t:|1641817925
|start
|switch|p1a: Victini|Victini|100/100
|switch|p2a: Garchomp|Garchomp, F|100/100
|turn|1
|
|t:|1641817934
|switch|p1a: Garchomp|Garchomp, M, shiny|100/100
|move|p2a: Garchomp|Stealth Rock|p1a: Garchomp
|-sidestart|p1: Oh yeh im bad|move: Stealth Rock
|
|upkeep
|turn|2
|
|t:|1641817939
|move|p1a: Garchomp|Protect|p1a: Garchomp
|-singleturn|p1a: Garchomp|Protect
|move|p2a: Garchomp|Toxic|p1a: Garchomp
|-activate|p1a: Garchomp|move: Protect
|
|upkeep
|turn|3
|
|t:|1641817945
|switch|p1a: Corviknight|Corviknight, M, shiny|100/100
|-damage|p1a: Corviknight|88/100|[from] Stealth Rock
|-ability|p1a: Corviknight|Pressure
|move|p2a: Garchomp|Toxic|p1a: Corviknight
|-immune|p1a: Corviknight
|
|upkeep
|turn|4
|
|t:|1641817952
|move|p2a: Garchomp|Protect|p2a: Garchomp
|-singleturn|p2a: Garchomp|Protect
|move|p1a: Corviknight|Defog|p2a: Garchomp
|-activate|p2a: Garchomp|move: Protect
|
|upkeep
|turn|5
|
|t:|1641817960
|switch|p2a: Zapdos|Zapdos-Galar|100/100
|move|p1a: Corviknight|Defog|p2a: Zapdos
|-unboost|p2a: Zapdos|evasion|1
|-ability|p2a: Zapdos|Defiant
|-boost|p2a: Zapdos|atk|2
|-sideend|p1: Oh yeh im bad|Stealth Rock|[from] move: Defog|[of] p1a: Corviknight
|
|upkeep
|turn|6
|
|t:|1641817972
|move|p2a: Zapdos|Close Combat|p1a: Corviknight
|-damage|p1a: Corviknight|0 fnt
|-unboost|p2a: Zapdos|def|1
|-unboost|p2a: Zapdos|spd|1
|-damage|p2a: Zapdos|84/100|[from] item: Rocky Helmet|[of] p1a: Corviknight
|faint|p1a: Corviknight
|
|upkeep
|
|t:|1641817981
|switch|p1a: Tapu Fini|Tapu Fini, shiny|100/100
|-fieldstart|move: Misty Terrain|[from] ability: Misty Surge|[of] p1a: Tapu Fini
|turn|7
|
|t:|1641817986
|switch|p2a: Garchomp|Garchomp, F|100/100
|move|p1a: Tapu Fini|Moonblast|p2a: Garchomp
|-supereffective|p2a: Garchomp
|-damage|p2a: Garchomp|30/100
|
|upkeep
|turn|8
|
|t:|1641817991
|move|p1a: Tapu Fini|Moonblast|p2a: Garchomp
|-supereffective|p2a: Garchomp
|-damage|p2a: Garchomp|0 fnt
|faint|p2a: Garchomp
|
|upkeep
|
|t:|1641818005
|switch|p2a: Kartana|Kartana|100/100
|turn|9
|
|t:|1641818013
|switch|p1a: Garchomp|Garchomp, M, shiny|100/100
|move|p2a: Kartana|Leaf Blade|p1a: Garchomp
|-damage|p1a: Garchomp|56/100
|-damage|p2a: Kartana|88/100|[from] ability: Rough Skin|[of] p1a: Garchomp
|
|-heal|p1a: Garchomp|62/100|[from] item: Leftovers
|upkeep
|turn|10
|
|t:|1641818022
|switch|p2a: Celesteela|Celesteela|100/100
|move|p1a: Garchomp|Protect||[still]
|-fail|p1a: Garchomp
|
|-heal|p1a: Garchomp|68/100|[from] item: Leftovers
|upkeep
|turn|11
|
|t:|1641818030
|move|p1a: Garchomp|Stealth Rock|p2a: Celesteela
|-sidestart|p2: Zephyr1517|move: Stealth Rock
|move|p2a: Celesteela|Autotomize|p2a: Celesteela
|-boost|p2a: Celesteela|spe|2
|-start|p2a: Celesteela|Autotomize
|
|-heal|p1a: Garchomp|74/100|[from] item: Leftovers
|-fieldend|Misty Terrain
|upkeep
|turn|12
|
|t:|1641818037
|switch|p1a: Victini|Victini|100/100
|move|p2a: Celesteela|Air Slash|p1a: Victini
|-damage|p1a: Victini|60/100
|
|upkeep
|turn|13
|
|t:|1641818044
|move|p2a: Celesteela|Meteor Beam||[still]
|-prepare|p2a: Celesteela|Meteor Beam
|-boost|p2a: Celesteela|spa|1
|-enditem|p2a: Celesteela|Power Herb
|-anim|p2a: Celesteela|Meteor Beam|p1a: Victini
|-supereffective|p1a: Victini
|-damage|p1a: Victini|0 fnt
|faint|p1a: Victini
|-ability|p2a: Celesteela|Beast Boost|boost
|-boost|p2a: Celesteela|spa|1
|
|upkeep
|
|t:|1641818054
|switch|p1a: Tapu Fini|Tapu Fini, shiny|100/100
|-fieldstart|move: Misty Terrain|[from] ability: Misty Surge|[of] p1a: Tapu Fini
|turn|14
|
|t:|1641818058
|move|p2a: Celesteela|Air Slash|p1a: Tapu Fini
|-damage|p1a: Tapu Fini|28/100
|cant|p1a: Tapu Fini|flinch
|
|upkeep
|turn|15
|-message|Oh yeh im bad forfeited.
|
|win|Zephyr1517
|raw|Oh yeh im bad's rating: 1198 &rarr; <strong>1170</strong><br />(-28 for losing)
|raw|Zephyr1517's rating: 1151 &rarr; <strong>1179</strong><br />(+28 for winning)
|l|‽Oh yeh im bad
