|j|☆SoRoBoM
|j|☆Maladra2021
|t:|1641858814
|gametype|singles
|player|p1|SoRoBoM|clay|1120
|player|p2|Maladra2021|sage|1169
|teamsize|p1|6
|teamsize|p2|6
|gen|8
|tier|[Gen 8] OU
|rated|
|rule|Sleep Clause Mod: Limit one foe put to sleep
|rule|Species Clause: Limit one of each Pokémon
|rule|OHKO Clause: OHKO moves are banned
|rule|Evasion Moves Clause: Evasion moves are banned
|rule|Endless Battle Clause: Forcing endless battles is banned
|rule|HP Percentage Mod: HP is shown in percentages
|rule|Dynamax Clause: You cannot dynamax
|clearpoke
|poke|p1|Ferrothorn, F|
|poke|p1|Amoonguss, F|
|poke|p1|Slowking, F|
|poke|p1|Toxapex, M|
|poke|p1|Heatran, M|
|poke|p1|Mimikyu, F|
|poke|p2|Swampert, M|
|poke|p2|Venusaur, M|
|poke|p2|Incineroar, F|
|poke|p2|Charizard, F|
|poke|p2|Blastoise, F|
|poke|p2|Decidueye, M|
|teampreview
|inactive|Battle timer is ON: inactive players will automatically lose when time's up. (requested by SoRoBoM)
|
|t:|1641858823
|start
|switch|p1a: Mimikyu|Mimikyu, F|100/100
|switch|p2a: Charizard|Charizard, F|100/100
|turn|1
|
|t:|1641858831
|move|p2a: Charizard|Overheat|p1a: Mimikyu
|-activate|p1a: Mimikyu|ability: Disguise
|-damage|p1a: Mimikyu|100/100
|-unboost|p2a: Charizard|spa|2
|detailschange|p1a: Mimikyu|Mimikyu-Busted, F
|-damage|p1a: Mimikyu|88/100|[from] pokemon: Mimikyu-Busted
|move|p1a: Mimikyu|Trick Room|p1a: Mimikyu
|-fieldstart|move: Trick Room|[of] p1a: Mimikyu
|
|upkeep
|turn|2
|
|t:|1641858843
|switch|p2a: Swampert|Swampert, M|100/100
|move|p1a: Mimikyu|Swords Dance|p1a: Mimikyu
|-boost|p1a: Mimikyu|atk|2
|
|upkeep
|turn|3
|
|t:|1641858856
|move|p2a: Swampert|Earthquake|p1a: Mimikyu
|-damage|p1a: Mimikyu|24/100
|move|p1a: Mimikyu|Play Rough|p2a: Swampert
|-damage|p2a: Swampert|17/100
|-damage|p1a: Mimikyu|14/100|[from] item: Life Orb
|
|-heal|p2a: Swampert|23/100|[from] item: Leftovers
|upkeep
|turn|4
|
|t:|1641858865
|move|p1a: Mimikyu|Shadow Sneak|p2a: Swampert
|-damage|p2a: Swampert|0 fnt
|faint|p2a: Swampert
|-damage|p1a: Mimikyu|4/100|[from] item: Life Orb
|
|upkeep
|
|t:|1641858871
|switch|p2a: Decidueye|Decidueye, M|100/100
|turn|5
|
|t:|1641858881
|move|p2a: Decidueye|Shadow Sneak|p1a: Mimikyu
|-supereffective|p1a: Mimikyu
|-damage|p1a: Mimikyu|0 fnt
|faint|p1a: Mimikyu
|
|-fieldend|move: Trick Room
|upkeep
|
|t:|1641858889
|switch|p1a: Ferrothorn|Ferrothorn, F|100/100
|turn|6
|
|t:|1641858898
|switch|p2a: Incineroar|Incineroar, F|100/100
|-ability|p2a: Incineroar|Intimidate|boost
|-unboost|p1a: Ferrothorn|atk|1
|move|p1a: Ferrothorn|Stealth Rock|p2a: Incineroar
|-sidestart|p2: Maladra2021|move: Stealth Rock
|
|upkeep
|turn|7
|
|t:|1641858906
|move|p1a: Ferrothorn|Protect|p1a: Ferrothorn
|-singleturn|p1a: Ferrothorn|Protect
|move|p2a: Incineroar|Knock Off|p1a: Ferrothorn
|-activate|p1a: Ferrothorn|move: Protect
|
|upkeep
|turn|8
|
|t:|1641858922
|move|p2a: Incineroar|Knock Off|p1a: Ferrothorn
|-damage|p1a: Ferrothorn|74/100
|-damage|p2a: Incineroar|88/100|[from] ability: Iron Barbs|[of] p1a: Ferrothorn
|-damage|p2a: Incineroar|72/100|[from] item: Rocky Helmet|[of] p1a: Ferrothorn
|-enditem|p1a: Ferrothorn|Rocky Helmet|[from] move: Knock Off|[of] p2a: Incineroar
|move|p1a: Ferrothorn|Leech Seed|p2a: Incineroar|[miss]
|-miss|p1a: Ferrothorn|p2a: Incineroar
|
|upkeep
|turn|9
|
|t:|1641858937
|switch|p2a: Venusaur|Venusaur, M|100/100
|-damage|p2a: Venusaur|88/100|[from] Stealth Rock
|move|p1a: Ferrothorn|Leech Seed|p2a: Venusaur
|-immune|p2a: Venusaur
|
|upkeep
|turn|10
|
|t:|1641858947
|switch|p1a: Heatran|Heatran, M|100/100
|move|p2a: Venusaur|Growth|p2a: Venusaur
|-boost|p2a: Venusaur|atk|1
|-boost|p2a: Venusaur|spa|1
|
|upkeep
|turn|11
|
|t:|1641858964
|switch|p2a: Incineroar|Incineroar, F|72/100
|-ability|p2a: Incineroar|Intimidate|boost
|-unboost|p1a: Heatran|atk|1
|move|p1a: Heatran|Fire Blast|p2a: Incineroar
|-resisted|p2a: Incineroar
|-damage|p2a: Incineroar|50/100
|
|upkeep
|turn|12
|
|t:|1641858974
|move|p1a: Heatran|Earth Power|p2a: Incineroar
|-supereffective|p2a: Incineroar
|-damage|p2a: Incineroar|4/100
|move|p2a: Incineroar|Knock Off|p1a: Heatran
|-damage|p1a: Heatran|66/100
|-enditem|p1a: Heatran|Leftovers|[from] move: Knock Off|[of] p2a: Incineroar
|
|upkeep
|turn|13
|
|t:|1641858983
|move|p1a: Heatran|Iron Head|p2a: Incineroar
|-resisted|p2a: Incineroar
|-damage|p2a: Incineroar|0 fnt
|faint|p2a: Incineroar
|
|upkeep
|
|t:|1641858988
|switch|p2a: Blastoise|Blastoise, F|100/100
|-damage|p2a: Blastoise|88/100|[from] Stealth Rock
|turn|14
|
|t:|1641858993
|switch|p1a: Toxapex|Toxapex, M|100/100
|move|p2a: Blastoise|Shell Smash|p2a: Blastoise
|-unboost|p2a: Blastoise|def|1
|-unboost|p2a: Blastoise|spd|1
|-boost|p2a: Blastoise|atk|2
|-boost|p2a: Blastoise|spa|2
|-boost|p2a: Blastoise|spe|2
|-enditem|p2a: Blastoise|White Herb
|-clearnegativeboost|p2a: Blastoise|[silent]
|
|upkeep
|turn|15
|
|t:|1641859003
|move|p2a: Blastoise|Dark Pulse|p1a: Toxapex
|-damage|p1a: Toxapex|66/100
|cant|p1a: Toxapex|flinch
|
|upkeep
|turn|16
|
|t:|1641859008
|move|p2a: Blastoise|Dark Pulse|p1a: Toxapex
|-damage|p1a: Toxapex|32/100
|move|p1a: Toxapex|Haze|p1a: Toxapex
|-clearallboost
|
|upkeep
|turn|17
|
|t:|1641859015
|move|p2a: Blastoise|Shell Smash|p2a: Blastoise
|-unboost|p2a: Blastoise|def|1
|-unboost|p2a: Blastoise|spd|1
|-boost|p2a: Blastoise|atk|2
|-boost|p2a: Blastoise|spa|2
|-boost|p2a: Blastoise|spe|2
|move|p1a: Toxapex|Recover|p1a: Toxapex
|-heal|p1a: Toxapex|82/100
|
|upkeep
|turn|18
|
|t:|1641859023
|move|p2a: Blastoise|Dark Pulse|p1a: Toxapex
|-damage|p1a: Toxapex|48/100
|move|p1a: Toxapex|Haze|p1a: Toxapex
|-clearallboost
|
|upkeep
|turn|19
|
|t:|1641859031
|move|p2a: Blastoise|Shell Smash|p2a: Blastoise
|-unboost|p2a: Blastoise|def|1
|-unboost|p2a: Blastoise|spd|1
|-boost|p2a: Blastoise|atk|2
|-boost|p2a: Blastoise|spa|2
|-boost|p2a: Blastoise|spe|2
|move|p1a: Toxapex|Recover|p1a: Toxapex
|-heal|p1a: Toxapex|98/100
|
|upkeep
|turn|20
|
|t:|1641859039
|move|p2a: Blastoise|Dark Pulse|p1a: Toxapex
|-damage|p1a: Toxapex|67/100
|move|p1a: Toxapex|Haze|p1a: Toxapex
|-clearallboost
|
|upkeep
|turn|21
|
|t:|1641859046
|move|p2a: Blastoise|Shell Smash|p2a: Blastoise
|-unboost|p2a: Blastoise|def|1
|-unboost|p2a: Blastoise|spd|1
|-boost|p2a: Blastoise|atk|2
|-boost|p2a: Blastoise|spa|2
|-boost|p2a: Blastoise|spe|2
|move|p1a: Toxapex|Toxic Spikes|p2a: Blastoise
|-sidestart|p2: Maladra2021|move: Toxic Spikes
|
|upkeep
|turn|22
|
|t:|1641859054
|move|p2a: Blastoise|Dark Pulse|p1a: Toxapex
|-damage|p1a: Toxapex|35/100
|move|p1a: Toxapex|Haze|p1a: Toxapex
|-clearallboost
|
|upkeep
|turn|23
|
|t:|1641859063
|switch|p2a: Venusaur|Venusaur, M|88/100
|-sideend|p2: Maladra2021|move: Toxic Spikes|[of] p2a: Venusaur
|-damage|p2a: Venusaur|76/100|[from] Stealth Rock
|move|p1a: Toxapex|Recover|p1a: Toxapex
|-heal|p1a: Toxapex|85/100
|
|upkeep
|turn|24
|
|t:|1641859074
|switch|p1a: Amoonguss|Amoonguss, F|100/100
|move|p2a: Venusaur|Earth Power|p1a: Amoonguss
|-damage|p1a: Amoonguss|68/100
|-damage|p2a: Venusaur|66/100|[from] item: Life Orb
|
|upkeep
|turn|25
|
|t:|1641859087
|switch|p2a: Charizard|Charizard, F|100/100
|-damage|p2a: Charizard|51/100|[from] Stealth Rock
|move|p1a: Amoonguss|Spore|p2a: Charizard
|-status|p2a: Charizard|slp|[from] move: Spore
|
|upkeep
|turn|26
|
|t:|1641859097
|switch|p2a: Blastoise|Blastoise, F|88/100
|-damage|p2a: Blastoise|76/100|[from] Stealth Rock
|move|p1a: Amoonguss|Sludge Bomb|p2a: Blastoise
|-damage|p2a: Blastoise|37/100
|
|upkeep
|turn|27
|
|t:|1641859104
|move|p2a: Blastoise|Ice Beam|p1a: Amoonguss
|-supereffective|p1a: Amoonguss
|-damage|p1a: Amoonguss|21/100
|move|p1a: Amoonguss|Sludge Bomb|p2a: Blastoise
|-damage|p2a: Blastoise|1/100
|
|upkeep
|turn|28
|
|t:|1641859113
|switch|p1a: Toxapex|Toxapex, M|100/100
|move|p2a: Blastoise|Ice Beam|p1a: Toxapex
|-resisted|p1a: Toxapex
|-damage|p1a: Toxapex|91/100
|
|upkeep
|turn|29
|
|t:|1641859121
|move|p2a: Blastoise|Dark Pulse|p1a: Toxapex
|-damage|p1a: Toxapex|73/100
|cant|p1a: Toxapex|flinch
|
|upkeep
|turn|30
|
|t:|1641859126
|move|p2a: Blastoise|Dark Pulse|p1a: Toxapex
|-damage|p1a: Toxapex|57/100
|move|p1a: Toxapex|Toxic Spikes|p2a: Blastoise
|-sidestart|p2: Maladra2021|move: Toxic Spikes
|
|upkeep
|turn|31
|
|t:|1641859134
|move|p2a: Blastoise|Dark Pulse|p1a: Toxapex
|-damage|p1a: Toxapex|40/100
|move|p1a: Toxapex|Toxic Spikes|p2a: Blastoise
|-sidestart|p2: Maladra2021|move: Toxic Spikes
|
|upkeep
|turn|32
|
|t:|1641859139
|move|p2a: Blastoise|Shell Smash|p2a: Blastoise
|-unboost|p2a: Blastoise|def|1
|-unboost|p2a: Blastoise|spd|1
|-boost|p2a: Blastoise|atk|2
|-boost|p2a: Blastoise|spa|2
|-boost|p2a: Blastoise|spe|2
|move|p1a: Toxapex|Recover|p1a: Toxapex
|-heal|p1a: Toxapex|90/100
|
|upkeep
|turn|33
|
|t:|1641859152
|move|p2a: Blastoise|Dark Pulse|p1a: Toxapex
|-damage|p1a: Toxapex|59/100
|move|p1a: Toxapex|Haze|p1a: Toxapex
|-clearallboost
|
|upkeep
|turn|34
|
|t:|1641859160
|move|p2a: Blastoise|Shell Smash|p2a: Blastoise
|-unboost|p2a: Blastoise|def|1
|-unboost|p2a: Blastoise|spd|1
|-boost|p2a: Blastoise|atk|2
|-boost|p2a: Blastoise|spa|2
|-boost|p2a: Blastoise|spe|2
|move|p1a: Toxapex|Toxic Spikes||[still]
|-fail|p1a: Toxapex
|
|upkeep
|turn|35
|
|t:|1641859168
|move|p2a: Blastoise|Dark Pulse|p1a: Toxapex
|-damage|p1a: Toxapex|26/100
|move|p1a: Toxapex|Haze|p1a: Toxapex
|-clearallboost
|
|upkeep
|turn|36
|
|t:|1641859175
|move|p2a: Blastoise|Shell Smash|p2a: Blastoise
|-unboost|p2a: Blastoise|def|1
|-unboost|p2a: Blastoise|spd|1
|-boost|p2a: Blastoise|atk|2
|-boost|p2a: Blastoise|spa|2
|-boost|p2a: Blastoise|spe|2
|move|p1a: Toxapex|Recover|p1a: Toxapex
|-heal|p1a: Toxapex|76/100
|
|upkeep
|turn|37
|
|t:|1641859183
|move|p2a: Blastoise|Dark Pulse|p1a: Toxapex
|-damage|p1a: Toxapex|40/100
|move|p1a: Toxapex|Haze|p1a: Toxapex
|-clearallboost
|
|upkeep
|turn|38
|
|t:|1641859189
|move|p2a: Blastoise|Shell Smash|p2a: Blastoise
|-unboost|p2a: Blastoise|def|1
|-unboost|p2a: Blastoise|spd|1
|-boost|p2a: Blastoise|atk|2
|-boost|p2a: Blastoise|spa|2
|-boost|p2a: Blastoise|spe|2
|move|p1a: Toxapex|Recover|p1a: Toxapex
|-heal|p1a: Toxapex|90/100
|
|upkeep
|turn|39
|
|t:|1641859197
|move|p2a: Blastoise|Dark Pulse|p1a: Toxapex
|-damage|p1a: Toxapex|57/100
|cant|p1a: Toxapex|flinch
|
|upkeep
|turn|40
|
|t:|1641859202
|move|p2a: Blastoise|Dark Pulse|p1a: Toxapex
|-damage|p1a: Toxapex|22/100
|cant|p1a: Toxapex|flinch
|
|upkeep
|turn|41
|
|t:|1641859219
|switch|p1a: Ferrothorn|Ferrothorn, F|74/100
|move|p2a: Blastoise|Dark Pulse|p1a: Ferrothorn
|-damage|p1a: Ferrothorn|37/100
|
|upkeep
|turn|42
|
|t:|1641859227
|switch|p1a: Toxapex|Toxapex, M|56/100
|move|p2a: Blastoise|Dark Pulse|p1a: Toxapex
|-damage|p1a: Toxapex|22/100
|
|upkeep
|turn|43
|
|t:|1641859234
|move|p2a: Blastoise|Dark Pulse|p1a: Toxapex
|-damage|p1a: Toxapex|0 fnt
|faint|p1a: Toxapex
|
|upkeep
|
|t:|1641859242
|switch|p1a: Amoonguss|Amoonguss, F|54/100
|turn|44
|
|t:|1641859246
|move|p2a: Blastoise|Ice Beam|p1a: Amoonguss
|-supereffective|p1a: Amoonguss
|-damage|p1a: Amoonguss|0 fnt
|faint|p1a: Amoonguss
|
|upkeep
|
|t:|1641859251
|switch|p1a: Heatran|Heatran, M|66/100
|turn|45
|
|t:|1641859256
|move|p2a: Blastoise|Surf|p1a: Heatran
|-supereffective|p1a: Heatran
|-damage|p1a: Heatran|0 fnt
|faint|p1a: Heatran
|
|upkeep
|
|t:|1641859261
|switch|p1a: Slowking|Slowking, F|100/100
|turn|46
|
|t:|1641859265
|move|p2a: Blastoise|Dark Pulse|p1a: Slowking
|-supereffective|p1a: Slowking
|-damage|p1a: Slowking|30/100
|move|p1a: Slowking|Psyshock|p2a: Blastoise
|-damage|p2a: Blastoise|0 fnt
|faint|p2a: Blastoise
|
|upkeep
|
|t:|1641859273
|switch|p2a: Decidueye|Decidueye, M|100/100
|-status|p2a: Decidueye|tox
|-damage|p2a: Decidueye|88/100 tox|[from] Stealth Rock
|turn|47
|
|t:|1641859280
|switch|p1a: Ferrothorn|Ferrothorn, F|37/100
|move|p2a: Decidueye|Poltergeist||[still]
|-fail|p2a: Decidueye
|
|-damage|p2a: Decidueye|82/100 tox|[from] psn
|upkeep
|turn|48
|
|t:|1641859290
|switch|p2a: Venusaur|Venusaur, M|66/100
|-damage|p2a: Venusaur|54/100|[from] Stealth Rock
|-sideend|p2: Maladra2021|move: Toxic Spikes|[of] p2a: Venusaur
|move|p1a: Ferrothorn|Protect||[still]
|-fail|p1a: Ferrothorn
|
|upkeep
|turn|49
|
|t:|1641859306
|move|p2a: Venusaur|Growth|p2a: Venusaur
|-boost|p2a: Venusaur|atk|1
|-boost|p2a: Venusaur|spa|1
|move|p1a: Ferrothorn|Body Press|p2a: Venusaur
|-resisted|p2a: Venusaur
|-damage|p2a: Venusaur|34/100
|
|upkeep
|turn|50
|
|t:|1641859316
|move|p2a: Venusaur|Giga Drain|p1a: Ferrothorn
|-resisted|p1a: Ferrothorn
|-damage|p1a: Ferrothorn|24/100
|-heal|p2a: Venusaur|42/100|[from] drain|[of] p1a: Ferrothorn
|-damage|p2a: Venusaur|32/100|[from] item: Life Orb
|move|p1a: Ferrothorn|Body Press|p2a: Venusaur
|-resisted|p2a: Venusaur
|-damage|p2a: Venusaur|13/100
|
|upkeep
|turn|51
|
|t:|1641859326
|move|p2a: Venusaur|Earth Power|p1a: Ferrothorn
|-damage|p1a: Ferrothorn|0 fnt
|faint|p1a: Ferrothorn
|-damage|p2a: Venusaur|3/100|[from] item: Life Orb
|
|upkeep
|
|t:|1641859331
|switch|p1a: Slowking|Slowking, F|64/100
|turn|52
|
|t:|1641859337
|move|p2a: Venusaur|Giga Drain|p1a: Slowking
|-supereffective|p1a: Slowking
|-damage|p1a: Slowking|0 fnt
|-heal|p2a: Venusaur|44/100|[from] drain|[of] p1a: Slowking
|faint|p1a: Slowking
|-damage|p2a: Venusaur|34/100|[from] item: Life Orb
|
|win|Maladra2021
|raw|SoRoBoM's rating: 1120 &rarr; <strong>1099</strong><br />(-21 for losing)
|raw|Maladra2021's rating: 1169 &rarr; <strong>1190</strong><br />(+21 for winning)
|c|☆Maladra2021|gg
||Ladder isn't responding, score probably updated but might not have (Request timeout).
