|j|☆icoss31
|j|☆Pokefanxerneas
|t:|1641792445
|gametype|singles
|player|p1|icoss31|pokemonrangerf|1244
|player|p2|Pokefanxerneas|265|1212
|teamsize|p1|6
|teamsize|p2|6
|gen|8
|tier|[Gen 8] OU
|rated|
|rule|Sleep Clause Mod: Limit one foe put to sleep
|rule|Species Clause: Limit one of each Pokémon
|rule|OHKO Clause: OHKO moves are banned
|rule|Evasion Moves Clause: Evasion moves are banned
|rule|Endless Battle Clause: Forcing endless battles is banned
|rule|HP Percentage Mod: HP is shown in percentages
|rule|Dynamax Clause: You cannot dynamax
|clearpoke
|poke|p1|Scizor, M|
|poke|p1|Rotom-Wash|
|poke|p1|Toxapex, M|
|poke|p1|Clefable, M|
|poke|p1|Corviknight, F|
|poke|p1|Zeraora|
|poke|p2|Blacephalon|
|poke|p2|Ferrothorn, F|
|poke|p2|Tornadus-Therian, M|
|poke|p2|Garchomp, M|
|poke|p2|Weavile, F|
|poke|p2|Rotom-Wash|
|teampreview
|inactive|Battle timer is ON: inactive players will automatically lose when time's up. (requested by icoss31)
|
|t:|1641792456
|start
|switch|p1a: Clefable|Clefable, M, shiny|100/100
|switch|p2a: Garchomp|Garchomp, M|100/100
|turn|1
|
|t:|1641792462
|switch|p2a: Ferrothorn|Ferrothorn, F|100/100
|move|p1a: Clefable|Moonblast|p2a: Ferrothorn
|-resisted|p2a: Ferrothorn
|-damage|p2a: Ferrothorn|87/100
|
|upkeep
|turn|2
|
|t:|1641792468
|move|p1a: Clefable|Stealth Rock|p2a: Ferrothorn
|-sidestart|p2: Pokefanxerneas|move: Stealth Rock
|move|p2a: Ferrothorn|Stealth Rock|p1a: Clefable
|-sidestart|p1: icoss31|move: Stealth Rock
|
|upkeep
|turn|3
|
|t:|1641792483
|switch|p1a: Corviknight|Corviknight, F, shiny|100/100
|-damage|p1a: Corviknight|88/100|[from] Stealth Rock
|-ability|p1a: Corviknight|Pressure
|move|p2a: Ferrothorn|Gyro Ball|p1a: Corviknight
|-resisted|p1a: Corviknight
|-damage|p1a: Corviknight|77/100
|
|-heal|p1a: Corviknight|83/100|[from] item: Leftovers
|upkeep
|turn|4
|
|t:|1641792493
|move|p1a: Corviknight|Defog|p2a: Ferrothorn
|-unboost|p2a: Ferrothorn|evasion|1
|-sideend|p2: Pokefanxerneas|Stealth Rock|[from] move: Defog|[of] p1a: Corviknight
|-sideend|p1: icoss31|Stealth Rock|[from] move: Defog|[of] p1a: Corviknight
|move|p2a: Ferrothorn|Leech Seed|p1a: Corviknight
|-start|p1a: Corviknight|move: Leech Seed
|
|-heal|p1a: Corviknight|89/100|[from] item: Leftovers
|-damage|p1a: Corviknight|77/100|[from] Leech Seed|[of] p2a: Ferrothorn
|-heal|p2a: Ferrothorn|100/100|[silent]
|upkeep
|turn|5
|
|t:|1641792505
|switch|p1a: Rotom|Rotom-Wash, shiny|100/100
|move|p2a: Ferrothorn|Stealth Rock|p1a: Rotom
|-sidestart|p1: icoss31|move: Stealth Rock
|
|upkeep
|turn|6
|
|t:|1641792520
|move|p1a: Rotom|Will-O-Wisp|p2a: Ferrothorn
|-status|p2a: Ferrothorn|brn
|move|p2a: Ferrothorn|Leech Seed|p1a: Rotom
|-start|p1a: Rotom|move: Leech Seed
|
|-damage|p1a: Rotom|88/100|[from] Leech Seed|[of] p2a: Ferrothorn
|-damage|p2a: Ferrothorn|95/100 brn|[from] brn
|upkeep
|turn|7
|
|t:|1641792531
|switch|p2a: Garchomp|Garchomp, M|100/100
|move|p1a: Rotom|Volt Switch|p2a: Garchomp
|-immune|p2a: Garchomp
|
|-heal|p1a: Rotom|94/100|[from] item: Leftovers
|-damage|p1a: Rotom|82/100|[from] Leech Seed|[of] p2a: Garchomp
|upkeep
|turn|8
|
|t:|1641792540
|move|p2a: Garchomp|Swords Dance|p2a: Garchomp
|-boost|p2a: Garchomp|atk|2
|move|p1a: Rotom|Will-O-Wisp|p2a: Garchomp|[miss]
|-miss|p1a: Rotom|p2a: Garchomp
|
|-heal|p1a: Rotom|88/100|[from] item: Leftovers
|-damage|p1a: Rotom|75/100|[from] Leech Seed|[of] p2a: Garchomp
|upkeep
|turn|9
|
|t:|1641792547
|move|p2a: Garchomp|Scale Shot|p1a: Rotom
|-damage|p1a: Rotom|54/100
|-crit|p1a: Rotom
|-damage|p1a: Rotom|25/100
|-damage|p1a: Rotom|3/100
|-hitcount|p1a: Rotom|3
|-unboost|p2a: Garchomp|def|1
|-boost|p2a: Garchomp|spe|1
|move|p1a: Rotom|Will-O-Wisp|p2a: Garchomp
|-status|p2a: Garchomp|brn
|
|-heal|p1a: Rotom|9/100|[from] item: Leftovers
|-damage|p1a: Rotom|0 fnt|[from] Leech Seed|[of] p2a: Garchomp
|faint|p1a: Rotom
|-damage|p2a: Garchomp|94/100 brn|[from] brn
|upkeep
|
|t:|1641792565
|switch|p1a: Clefable|Clefable, M, shiny|100/100
|turn|10
|
|t:|1641792573
|move|p2a: Garchomp|Earthquake|p1a: Clefable
|-crit|p1a: Clefable
|-damage|p1a: Clefable|43/100
|move|p1a: Clefable|Stealth Rock|p2a: Garchomp
|-sidestart|p2: Pokefanxerneas|move: Stealth Rock
|
|-heal|p1a: Clefable|49/100|[from] item: Leftovers
|-damage|p2a: Garchomp|88/100 brn|[from] brn
|upkeep
|turn|11
|
|t:|1641792587
|switch|p1a: Corviknight|Corviknight, F, shiny|77/100
|-damage|p1a: Corviknight|64/100|[from] Stealth Rock
|-ability|p1a: Corviknight|Pressure
|move|p2a: Garchomp|Swords Dance|p2a: Garchomp
|-boost|p2a: Garchomp|atk|2
|
|-heal|p1a: Corviknight|70/100|[from] item: Leftovers
|-damage|p2a: Garchomp|82/100 brn|[from] brn
|upkeep
|turn|12
|
|t:|1641792598
|move|p2a: Garchomp|Fire Fang|p1a: Corviknight
|-supereffective|p1a: Corviknight
|-damage|p1a: Corviknight|31/100
|move|p1a: Corviknight|Roost|p1a: Corviknight
|-heal|p1a: Corviknight|81/100
|-singleturn|p1a: Corviknight|move: Roost
|
|-heal|p1a: Corviknight|87/100|[from] item: Leftovers
|-damage|p2a: Garchomp|76/100 brn|[from] brn
|upkeep
|turn|13
|c|☆Pokefanxerneas|Predicted
|
|t:|1641792612
|move|p2a: Garchomp|Swords Dance|p2a: Garchomp
|-boost|p2a: Garchomp|atk|2
|move|p1a: Corviknight|Roost|p1a: Corviknight
|-heal|p1a: Corviknight|100/100
|-singleturn|p1a: Corviknight|move: Roost
|
|-damage|p2a: Garchomp|70/100 brn|[from] brn
|upkeep
|turn|14
|
|t:|1641792620
|move|p2a: Garchomp|Fire Fang|p1a: Corviknight
|-supereffective|p1a: Corviknight
|-damage|p1a: Corviknight|44/100
|move|p1a: Corviknight|Body Press|p2a: Garchomp
|-damage|p2a: Garchomp|30/100 brn
|-damage|p1a: Corviknight|32/100|[from] ability: Rough Skin|[of] p2a: Garchomp
|-enditem|p2a: Garchomp|Sitrus Berry|[eat]
|-heal|p2a: Garchomp|55/100 brn|[from] item: Sitrus Berry
|
|-heal|p1a: Corviknight|38/100|[from] item: Leftovers
|-damage|p2a: Garchomp|49/100 brn|[from] brn
|upkeep
|turn|15
|
|t:|1641792635
|switch|p1a: Toxapex|Toxapex, M, shiny|100/100
|-damage|p1a: Toxapex|88/100|[from] Stealth Rock
|move|p2a: Garchomp|Fire Fang|p1a: Toxapex
|-resisted|p1a: Toxapex
|-damage|p1a: Toxapex|74/100
|-damage|p2a: Garchomp|33/100 brn|[from] item: Rocky Helmet|[of] p1a: Toxapex
|
|-damage|p2a: Garchomp|27/100 brn|[from] brn
|upkeep
|turn|16
|
|t:|1641792656
|switch|p1a: Corviknight|Corviknight, F, shiny|38/100
|-damage|p1a: Corviknight|25/100|[from] Stealth Rock
|-ability|p1a: Corviknight|Pressure
|move|p2a: Garchomp|Scale Shot|p1a: Corviknight
|-resisted|p1a: Corviknight
|-damage|p1a: Corviknight|18/100
|-resisted|p1a: Corviknight
|-damage|p1a: Corviknight|9/100
|-resisted|p1a: Corviknight
|-damage|p1a: Corviknight|0 fnt
|faint|p1a: Corviknight
|-hitcount|p1: Corviknight|3
|-unboost|p2a: Garchomp|def|1
|-boost|p2a: Garchomp|spe|1
|
|-damage|p2a: Garchomp|20/100 brn|[from] brn
|upkeep
|inactive|icoss31 has 120 seconds left.
|
|t:|1641792672
|switch|p1a: Scizor|Scizor, M, shiny|100/100
|-damage|p1a: Scizor|88/100|[from] Stealth Rock
|turn|17
|
|t:|1641792676
|move|p1a: Scizor|Bullet Punch|p2a: Garchomp
|-damage|p2a: Garchomp|0 fnt
|-damage|p1a: Scizor|76/100|[from] ability: Rough Skin|[of] p2a: Garchomp
|faint|p2a: Garchomp
|
|upkeep
|
|t:|1641792682
|switch|p2a: Blacephalon|Blacephalon|100/100
|-damage|p2a: Blacephalon|76/100|[from] Stealth Rock
|turn|18
|
|t:|1641792689
|switch|p1a: Toxapex|Toxapex, M, shiny|100/100
|-damage|p1a: Toxapex|88/100|[from] Stealth Rock
|move|p2a: Blacephalon|Fire Blast|p1a: Toxapex
|-resisted|p1a: Toxapex
|-damage|p1a: Toxapex|60/100
|
|upkeep
|turn|19
|
|t:|1641792697
|switch|p2a: Rotom|Rotom-Wash|100/100
|-damage|p2a: Rotom|88/100|[from] Stealth Rock
|move|p1a: Toxapex|Recover|p1a: Toxapex
|-heal|p1a: Toxapex|100/100
|
|-heal|p2a: Rotom|94/100|[from] item: Leftovers
|upkeep
|turn|20
|
|t:|1641792706
|move|p2a: Rotom|Will-O-Wisp|p1a: Toxapex
|-status|p1a: Toxapex|brn
|move|p1a: Toxapex|Toxic Spikes|p2a: Rotom
|-sidestart|p2: Pokefanxerneas|move: Toxic Spikes
|
|-heal|p2a: Rotom|100/100|[from] item: Leftovers
|-damage|p1a: Toxapex|94/100 brn|[from] brn
|upkeep
|turn|21
|
|t:|1641792713
|move|p2a: Rotom|Volt Switch|p1a: Toxapex
|-supereffective|p1a: Toxapex
|-damage|p1a: Toxapex|48/100 brn
|
|t:|1641792720
|switch|p2a: Weavile|Weavile, F|100/100|[from]move: Volt Switch
|-damage|p2a: Weavile|76/100|[from] Stealth Rock
|-status|p2a: Weavile|psn
|-ability|p2a: Weavile|Pressure
|move|p1a: Toxapex|Toxic Spikes|p2a: Weavile
|-sidestart|p2: Pokefanxerneas|move: Toxic Spikes
|
|-damage|p2a: Weavile|63/100 psn|[from] psn
|-damage|p1a: Toxapex|42/100 brn|[from] brn
|upkeep
|turn|22
|
|t:|1641792732
|move|p2a: Weavile|Knock Off|p1a: Toxapex
|-damage|p1a: Toxapex|0 fnt
|-damage|p2a: Weavile|47/100 psn|[from] item: Rocky Helmet|[of] p1a: Toxapex
|-enditem|p1a: Toxapex|Rocky Helmet|[from] move: Knock Off|[of] p2a: Weavile
|faint|p1a: Toxapex
|
|-damage|p2a: Weavile|34/100 psn|[from] psn
|upkeep
|
|t:|1641792741
|switch|p1a: Scizor|Scizor, M, shiny|76/100
|-damage|p1a: Scizor|63/100|[from] Stealth Rock
|turn|23
|
|t:|1641792749
|switch|p2a: Ferrothorn|Ferrothorn, F|95/100 brn
|-damage|p2a: Ferrothorn|89/100 brn|[from] Stealth Rock
|move|p1a: Scizor|Bullet Punch|p2a: Ferrothorn
|-resisted|p2a: Ferrothorn
|-damage|p2a: Ferrothorn|76/100 brn
|-damage|p1a: Scizor|51/100|[from] ability: Iron Barbs|[of] p2a: Ferrothorn
|-damage|p1a: Scizor|34/100|[from] item: Rocky Helmet|[of] p2a: Ferrothorn
|
|-damage|p2a: Ferrothorn|70/100 brn|[from] brn
|upkeep
|turn|24
|
|t:|1641792762
|switch|p1a: Zeraora|Zeraora, shiny|100/100
|move|p2a: Ferrothorn|Leech Seed|p1a: Zeraora
|-start|p1a: Zeraora|move: Leech Seed
|
|-damage|p1a: Zeraora|88/100|[from] Leech Seed|[of] p2a: Ferrothorn
|-heal|p2a: Ferrothorn|81/100 brn|[silent]
|-damage|p2a: Ferrothorn|75/100 brn|[from] brn
|upkeep
|turn|25
|
|t:|1641792774
|move|p1a: Zeraora|Volt Switch|p2a: Ferrothorn
|-resisted|p2a: Ferrothorn
|-damage|p2a: Ferrothorn|65/100 brn
|
|t:|1641792779
|switch|p1a: Clefable|Clefable, M, shiny|49/100|[from]move: Volt Switch
|move|p2a: Ferrothorn|Spikes|p1a: Clefable
|-sidestart|p1: icoss31|Spikes
|
|-heal|p1a: Clefable|55/100|[from] item: Leftovers
|-damage|p2a: Ferrothorn|59/100 brn|[from] brn
|upkeep
|turn|26
|
|t:|1641792791
|switch|p1a: Scizor|Scizor, M, shiny|34/100
|-damage|p1a: Scizor|22/100|[from] Stealth Rock
|-damage|p1a: Scizor|9/100|[from] Spikes
|move|p2a: Ferrothorn|Gyro Ball|p1a: Scizor
|-resisted|p1a: Scizor
|-damage|p1a: Scizor|0 fnt
|faint|p1a: Scizor
|
|-damage|p2a: Ferrothorn|53/100 brn|[from] brn
|upkeep
|
|t:|1641792801
|switch|p1a: Zeraora|Zeraora, shiny|88/100
|turn|27
|
|t:|1641792806
|move|p1a: Zeraora|Close Combat|p2a: Ferrothorn
|-supereffective|p2a: Ferrothorn
|-damage|p2a: Ferrothorn|9/100 brn
|-unboost|p1a: Zeraora|def|1
|-unboost|p1a: Zeraora|spd|1
|-damage|p1a: Zeraora|76/100|[from] ability: Iron Barbs|[of] p2a: Ferrothorn
|-damage|p1a: Zeraora|59/100|[from] item: Rocky Helmet|[of] p2a: Ferrothorn
|move|p2a: Ferrothorn|Leech Seed|p1a: Zeraora
|-start|p1a: Zeraora|move: Leech Seed
|
|-damage|p1a: Zeraora|47/100|[from] Leech Seed|[of] p2a: Ferrothorn
|-heal|p2a: Ferrothorn|20/100 brn|[silent]
|-damage|p2a: Ferrothorn|14/100 brn|[from] brn
|upkeep
|turn|28
|
|t:|1641792822
|switch|p1a: Clefable|Clefable, M, shiny|55/100
|move|p2a: Ferrothorn|Spikes|p1a: Clefable
|-sidestart|p1: icoss31|Spikes
|
|-heal|p1a: Clefable|61/100|[from] item: Leftovers
|-damage|p2a: Ferrothorn|8/100 brn|[from] brn
|upkeep
|turn|29
|
|t:|1641792830
|move|p1a: Clefable|Moonblast|p2a: Ferrothorn
|-resisted|p2a: Ferrothorn
|-damage|p2a: Ferrothorn|0 fnt
|faint|p2a: Ferrothorn
|
|-heal|p1a: Clefable|67/100|[from] item: Leftovers
|upkeep
|
|t:|1641792836
|switch|p2a: Weavile|Weavile, F|34/100 psn
|-damage|p2a: Weavile|9/100 psn|[from] Stealth Rock
|-ability|p2a: Weavile|Pressure
|turn|30
|
|t:|1641792846
|move|p2a: Weavile|Triple Axel|p1a: Clefable
|-damage|p1a: Clefable|55/100
|-damage|p1a: Clefable|32/100
|-damage|p1a: Clefable|0 fnt
|faint|p1a: Clefable
|-hitcount|p1: Clefable|3
|
|-damage|p2a: Weavile|0 fnt|[from] psn
|faint|p2a: Weavile
|upkeep
|
|t:|1641792856
|switch|p2a: Blacephalon|Blacephalon|76/100
|switch|p1a: Zeraora|Zeraora, shiny|47/100
|-damage|p2a: Blacephalon|51/100|[from] Stealth Rock
|-status|p2a: Blacephalon|tox
|turn|31
|
|t:|1641792864
|move|p2a: Blacephalon|Shadow Ball|p1a: Zeraora
|-damage|p1a: Zeraora|0 fnt
|faint|p1a: Zeraora
|
|win|Pokefanxerneas
|raw|icoss31's rating: 1244 &rarr; <strong>1217</strong><br />(-27 for losing)
|raw|Pokefanxerneas's rating: 1212 &rarr; <strong>1239</strong><br />(+27 for winning)
|c|☆Pokefanxerneas|gg
