|j|☆Amay9523k
|j|☆TobyLord1234
|t:|1641730103
|gametype|singles
|player|p1|Amay9523k|2|1171
|player|p2|TobyLord1234|170|1171
|teamsize|p1|6
|teamsize|p2|6
|gen|8
|tier|[Gen 8] OU
|rated|
|rule|Sleep Clause Mod: Limit one foe put to sleep
|rule|Species Clause: Limit one of each Pokémon
|rule|OHKO Clause: OHKO moves are banned
|rule|Evasion Moves Clause: Evasion moves are banned
|rule|Endless Battle Clause: Forcing endless battles is banned
|rule|HP Percentage Mod: HP is shown in percentages
|rule|Dynamax Clause: You cannot dynamax
|clearpoke
|poke|p1|Charizard, M|
|poke|p1|Ninetales, F|
|poke|p1|Tapu Koko|
|poke|p1|Regieleki|
|poke|p1|Zapdos|
|poke|p1|Salamence, M|
|poke|p2|Pelipper, F|
|poke|p2|Barraskewda, M|
|poke|p2|Tentacruel, M|
|poke|p2|Tornadus-Therian, M|
|poke|p2|Goodra, M|
|poke|p2|Quagsire, F|
|teampreview
|
|t:|1641730111
|start
|switch|p1a: Tapu Koko|Tapu Koko|100/100
|switch|p2a: Pelipper|Pelipper, F|100/100
|-fieldstart|move: Electric Terrain|[from] ability: Electric Surge|[of] p1a: Tapu Koko
|-weather|RainDance|[from] ability: Drizzle|[of] p2a: Pelipper
|turn|1
|
|t:|1641730122
|switch|p2a: Quagsire|Quagsire, F|100/100
|move|p1a: Tapu Koko|U-turn|p2a: Quagsire
|-damage|p2a: Quagsire|77/100
|
|t:|1641730128
|switch|p1a: Ninetales|Ninetales, F|100/100|[from]move: U-turn
|-weather|SunnyDay|[from] ability: Drought|[of] p1a: Ninetales
|
|-weather|SunnyDay|[upkeep]
|-heal|p2a: Quagsire|83/100|[from] item: Leftovers
|upkeep
|turn|2
|
|t:|1641730137
|move|p1a: Ninetales|Energy Ball|p2a: Quagsire
|-supereffective|p2a: Quagsire
|-damage|p2a: Quagsire|0 fnt
|faint|p2a: Quagsire
|
|-weather|SunnyDay|[upkeep]
|upkeep
|
|t:|1641730144
|switch|p2a: Pelipper|Pelipper, F|100/100
|-weather|RainDance|[from] ability: Drizzle|[of] p2a: Pelipper
|turn|3
|
|t:|1641730150
|switch|p1a: Tapu Koko|Tapu Koko|100/100
|move|p2a: Pelipper|U-turn|p1a: Tapu Koko
|-resisted|p1a: Tapu Koko
|-damage|p1a: Tapu Koko|94/100
|
|t:|1641730159
|switch|p2a: Goodra|Goodra, M|100/100|[from]move: U-turn
|
|-weather|RainDance|[upkeep]
|upkeep
|turn|4
|
|t:|1641730175
|move|p1a: Tapu Koko|Dazzling Gleam|p2a: Goodra
|-supereffective|p2a: Goodra
|-damage|p2a: Goodra|80/100
|move|p2a: Goodra|Ice Beam|p1a: Tapu Koko
|-damage|p1a: Tapu Koko|46/100
|
|-weather|RainDance|[upkeep]
|upkeep
|turn|5
|
|t:|1641730186
|move|p1a: Tapu Koko|Dazzling Gleam|p2a: Goodra
|-supereffective|p2a: Goodra
|-damage|p2a: Goodra|56/100
|move|p2a: Goodra|Ice Beam|p1a: Tapu Koko
|-damage|p1a: Tapu Koko|0 fnt
|faint|p1a: Tapu Koko
|
|-weather|RainDance|[upkeep]
|-fieldend|move: Electric Terrain
|upkeep
|
|t:|1641730206
|switch|p1a: Salamence|Salamence, M|100/100
|turn|6
|
|t:|1641730211
|move|p1a: Salamence|Dragon Dance|p1a: Salamence
|-boost|p1a: Salamence|atk|1
|-boost|p1a: Salamence|spe|1
|move|p2a: Goodra|Dragon Tail|p1a: Salamence
|-supereffective|p1a: Salamence
|-damage|p1a: Salamence|50/100
|drag|p1a: Zapdos|Zapdos|100/100
|
|-weather|RainDance|[upkeep]
|upkeep
|turn|7
|
|t:|1641730226
|move|p1a: Zapdos|Thunderbolt|p2a: Goodra
|-resisted|p2a: Goodra
|-damage|p2a: Goodra|45/100
|move|p2a: Goodra|Ice Beam|p1a: Zapdos
|-supereffective|p1a: Zapdos
|-damage|p1a: Zapdos|41/100
|
|-weather|RainDance|[upkeep]
|upkeep
|turn|8
|inactive|Battle timer is ON: inactive players will automatically lose when time's up. (requested by TobyLord1234)
|inactive|Amay9523k has 120 seconds left.
|
|t:|1641730303
|move|p1a: Zapdos|Thunderbolt|p2a: Goodra
|-resisted|p2a: Goodra
|-damage|p2a: Goodra|35/100
|move|p2a: Goodra|Ice Beam|p1a: Zapdos
|-supereffective|p1a: Zapdos
|-damage|p1a: Zapdos|0 fnt
|faint|p1a: Zapdos
|
|-weather|RainDance|[upkeep]
|upkeep
|
|t:|1641730312
|switch|p1a: Ninetales|Ninetales, F|100/100
|-weather|SunnyDay|[from] ability: Drought|[of] p1a: Ninetales
|turn|9
|
|t:|1641730319
|switch|p1a: Charizard|Charizard, M|100/100
|switch|p2a: Pelipper|Pelipper, F|100/100
|-weather|RainDance|[from] ability: Drizzle|[of] p2a: Pelipper
|
|-weather|RainDance|[upkeep]
|upkeep
|turn|10
|
|t:|1641730330
|switch|p1a: Salamence|Salamence, M|50/100
|move|p2a: Pelipper|Toxic|p1a: Salamence
|-status|p1a: Salamence|tox
|
|-weather|RainDance|[upkeep]
|-damage|p1a: Salamence|44/100 tox|[from] psn
|upkeep
|turn|11
|
|t:|1641730340
|move|p1a: Salamence|Dragon Claw|p2a: Pelipper
|-damage|p2a: Pelipper|64/100
|move|p2a: Pelipper|U-turn|p1a: Salamence
|-resisted|p1a: Salamence
|-damage|p1a: Salamence|37/100 tox
|
|t:|1641730350
|switch|p2a: Barraskewda|Barraskewda, M|100/100|[from]move: U-turn
|
|-weather|RainDance|[upkeep]
|-damage|p1a: Salamence|25/100 tox|[from] psn
|upkeep
|turn|12
|
|t:|1641730362
|move|p2a: Barraskewda|Liquidation|p1a: Salamence
|-resisted|p1a: Salamence
|-damage|p1a: Salamence|0 fnt
|faint|p1a: Salamence
|
|-weather|RainDance|[upkeep]
|upkeep
|
|t:|1641730371
|switch|p1a: Regieleki|Regieleki|100/100
|-item|p1a: Regieleki|Air Balloon
|turn|13
|inactive|TobyLord1234 has 120 seconds left.
|
|t:|1641730410
|move|p2a: Barraskewda|Liquidation|p1a: Regieleki
|-damage|p1a: Regieleki|0 fnt
|-enditem|p1a: Regieleki|Air Balloon
|faint|p1a: Regieleki
|
|-weather|RainDance|[upkeep]
|upkeep
|
|t:|1641730418
|switch|p1a: Ninetales|Ninetales, F|100/100
|-weather|SunnyDay|[from] ability: Drought|[of] p1a: Ninetales
|turn|14
|
|t:|1641730423
|move|p2a: Barraskewda|Liquidation|p1a: Ninetales
|-supereffective|p1a: Ninetales
|-enditem|p1a: Ninetales|Focus Sash
|-damage|p1a: Ninetales|1/100
|move|p1a: Ninetales|Nasty Plot|p1a: Ninetales
|-boost|p1a: Ninetales|spa|2
|
|-weather|SunnyDay|[upkeep]
|upkeep
|turn|15
|
|t:|1641730431
|move|p2a: Barraskewda|Liquidation|p1a: Ninetales
|-supereffective|p1a: Ninetales
|-damage|p1a: Ninetales|0 fnt
|faint|p1a: Ninetales
|
|-weather|SunnyDay|[upkeep]
|upkeep
|
|t:|1641730438
|switch|p1a: Charizard|Charizard, M|100/100
|turn|16
|
|t:|1641730442
|move|p2a: Barraskewda|Liquidation|p1a: Charizard
|-supereffective|p1a: Charizard
|-crit|p1a: Charizard
|-damage|p1a: Charizard|0 fnt
|faint|p1a: Charizard
|
|win|TobyLord1234
|raw|Amay9523k's rating: 1171 &rarr; <strong>1146</strong><br />(-25 for losing)
|raw|TobyLord1234's rating: 1171 &rarr; <strong>1196</strong><br />(+25 for winning)
