|j|☆GluckiX
|j|☆Mad_Tournesol
|t:|1641720424
|gametype|singles
|player|p1|GluckiX|palmer|1184
|player|p2|Mad_Tournesol|scientist-gen4|1256
|teamsize|p1|6
|teamsize|p2|6
|gen|8
|tier|[Gen 8] OU
|rated|
|rule|Sleep Clause Mod: Limit one foe put to sleep
|rule|Species Clause: Limit one of each Pokémon
|rule|OHKO Clause: OHKO moves are banned
|rule|Evasion Moves Clause: Evasion moves are banned
|rule|Endless Battle Clause: Forcing endless battles is banned
|rule|HP Percentage Mod: HP is shown in percentages
|rule|Dynamax Clause: You cannot dynamax
|clearpoke
|poke|p1|Ninetales-Alola, F|
|poke|p1|Weezing, F|
|poke|p1|Crawdaunt, F|
|poke|p1|Alakazam, M|
|poke|p1|Swampert, M|
|poke|p1|Glastrier|
|poke|p2|Arcanine, M|
|poke|p2|Steelix, M|
|poke|p2|Togekiss, M|
|poke|p2|Toxicroak, F|
|poke|p2|Shuckle, F|
|poke|p2|Tentacruel, M|
|teampreview
|
|t:|1641720431
|start
|switch|p1a: Crawdaunt|Crawdaunt, F|100/100
|switch|p2a: Shuckle|Shuckle, F|100/100
|turn|1
|
|t:|1641720439
|move|p1a: Crawdaunt|Knock Off|p2a: Shuckle
|-damage|p2a: Shuckle|41/100
|-enditem|p2a: Shuckle|Mental Herb|[from] move: Knock Off|[of] p1a: Crawdaunt
|move|p2a: Shuckle|Sticky Web|p1a: Crawdaunt
|-sidestart|p1: GluckiX|move: Sticky Web
|
|upkeep
|turn|2
|
|t:|1641720446
|move|p1a: Crawdaunt|Knock Off|p2a: Shuckle
|-damage|p2a: Shuckle|3/100
|move|p2a: Shuckle|Stealth Rock|p1a: Crawdaunt
|-sidestart|p1: GluckiX|move: Stealth Rock
|
|upkeep
|turn|3
|
|t:|1641720452
|move|p1a: Crawdaunt|Knock Off|p2a: Shuckle
|-damage|p2a: Shuckle|0 fnt
|faint|p2a: Shuckle
|
|upkeep
|
|t:|1641720462
|switch|p2a: Toxicroak|Toxicroak, F|100/100
|turn|4
|
|t:|1641720471
|switch|p1a: Weezing|Weezing, F, shiny|100/100
|-damage|p1a: Weezing|88/100|[from] Stealth Rock
|move|p2a: Toxicroak|Drain Punch|p1a: Weezing
|-resisted|p1a: Weezing
|-damage|p1a: Weezing|62/100
|-damage|p2a: Toxicroak|84/100|[from] item: Rocky Helmet|[of] p1a: Weezing
|
|upkeep
|turn|5
|
|t:|1641720484
|switch|p2a: Steelix|Steelix, M|100/100
|move|p1a: Weezing|Will-O-Wisp|p2a: Steelix
|-status|p2a: Steelix|brn
|
|-damage|p2a: Steelix|94/100 brn|[from] brn
|upkeep
|turn|6
|
|t:|1641720504
|switch|p2a: Tentacruel|Tentacruel, M|100/100
|move|p1a: Weezing|Pain Split|p2a: Tentacruel
|-sethp|p2a: Tentacruel|79/100|[from] move: Pain Split|[silent]
|-sethp|p1a: Weezing|86/100|[from] move: Pain Split
|
|-heal|p2a: Tentacruel|85/100|[from] item: Black Sludge
|upkeep
|turn|7
|
|t:|1641720513
|move|p2a: Tentacruel|Knock Off|p1a: Weezing
|-damage|p1a: Weezing|73/100
|-damage|p2a: Tentacruel|68/100|[from] item: Rocky Helmet|[of] p1a: Weezing
|-enditem|p1a: Weezing|Rocky Helmet|[from] move: Knock Off|[of] p2a: Tentacruel
|move|p1a: Weezing|Thunderbolt|p2a: Tentacruel
|-supereffective|p2a: Tentacruel
|-damage|p2a: Tentacruel|24/100
|-status|p2a: Tentacruel|par
|
|-heal|p2a: Tentacruel|30/100 par|[from] item: Black Sludge
|upkeep
|turn|8
|
|t:|1641720535
|switch|p2a: Steelix|Steelix, M|94/100 brn
|move|p1a: Weezing|Thunderbolt|p2a: Steelix
|-immune|p2a: Steelix
|
|-damage|p2a: Steelix|88/100 brn|[from] brn
|upkeep
|turn|9
|
|t:|1641720552
|move|p1a: Weezing|Pain Split|p2a: Steelix
|-sethp|p2a: Steelix|78/100 brn|[from] move: Pain Split|[silent]
|-sethp|p1a: Weezing|83/100|[from] move: Pain Split
|move|p2a: Steelix|Iron Head|p1a: Weezing
|-damage|p1a: Weezing|65/100
|
|-damage|p2a: Steelix|72/100 brn|[from] brn
|upkeep
|turn|10
|
|t:|1641720564
|switch|p2a: Arcanine|Arcanine, M|100/100
|move|p1a: Weezing|Pain Split|p2a: Arcanine
|-sethp|p2a: Arcanine|80/100|[from] move: Pain Split|[silent]
|-sethp|p1a: Weezing|87/100|[from] move: Pain Split
|
|upkeep
|turn|11
|
|t:|1641720574
|move|p2a: Arcanine|Sunny Day|p2a: Arcanine
|-weather|SunnyDay
|move|p1a: Weezing|Sludge Bomb|p2a: Arcanine
|-damage|p2a: Arcanine|35/100
|-status|p2a: Arcanine|psn
|
|-weather|SunnyDay|[upkeep]
|-damage|p2a: Arcanine|22/100 psn|[from] psn
|upkeep
|turn|12
|
|t:|1641720581
|move|p2a: Arcanine|Morning Sun|p2a: Arcanine
|-heal|p2a: Arcanine|89/100 psn
|move|p1a: Weezing|Sludge Bomb|p2a: Arcanine
|-damage|p2a: Arcanine|41/100 psn
|
|-weather|SunnyDay|[upkeep]
|-damage|p2a: Arcanine|29/100 psn|[from] psn
|upkeep
|turn|13
|c|☆Mad_Tournesol|I didn't think I would be wall by a weezing....
|c|☆GluckiX|^^
|
|t:|1641720649
|switch|p2a: Toxicroak|Toxicroak, F|84/100
|move|p1a: Weezing|Sludge Bomb|p2a: Toxicroak
|-resisted|p2a: Toxicroak
|-damage|p2a: Toxicroak|54/100
|
|-weather|SunnyDay|[upkeep]
|-damage|p2a: Toxicroak|42/100|[from] ability: Dry Skin|[of] p2a: Toxicroak
|upkeep
|turn|14
|
|t:|1641720659
|move|p2a: Toxicroak|Drain Punch|p1a: Weezing
|-resisted|p1a: Weezing
|-damage|p1a: Weezing|60/100
|-heal|p2a: Toxicroak|55/100|[from] drain|[of] p1a: Weezing
|move|p1a: Weezing|Will-O-Wisp|p2a: Toxicroak
|-status|p2a: Toxicroak|brn
|
|-weather|SunnyDay|[upkeep]
|-damage|p2a: Toxicroak|43/100 brn|[from] ability: Dry Skin|[of] p2a: Toxicroak
|-damage|p2a: Toxicroak|37/100 brn|[from] brn
|upkeep
|turn|15
|
|t:|1641720670
|move|p2a: Toxicroak|Drain Punch|p1a: Weezing
|-resisted|p1a: Weezing
|-damage|p1a: Weezing|47/100
|-heal|p2a: Toxicroak|44/100 brn|[from] drain|[of] p1a: Weezing
|move|p1a: Weezing|Sludge Bomb|p2a: Toxicroak
|-resisted|p2a: Toxicroak
|-damage|p2a: Toxicroak|16/100 brn
|
|-weather|none
|-damage|p2a: Toxicroak|10/100 brn|[from] brn
|upkeep
|turn|16
|
|t:|1641720680
|move|p2a: Toxicroak|Drain Punch|p1a: Weezing
|-resisted|p1a: Weezing
|-damage|p1a: Weezing|36/100
|-heal|p2a: Toxicroak|16/100 brn|[from] drain|[of] p1a: Weezing
|move|p1a: Weezing|Sludge Bomb|p2a: Toxicroak
|-resisted|p2a: Toxicroak
|-damage|p2a: Toxicroak|0 fnt
|faint|p2a: Toxicroak
|
|upkeep
|c|☆Mad_Tournesol|it's your win
|-message|Mad_Tournesol forfeited.
|
|win|GluckiX
|raw|GluckiX's rating: 1184 &rarr; <strong>1214</strong><br />(+30 for winning)
|raw|Mad_Tournesol's rating: 1256 &rarr; <strong>1226</strong><br />(-30 for losing)
|l|☆Mad_Tournesol
|c|☆GluckiX|gg =)
