|j|☆Maxtrillers
|j|☆hchw90
|t:|1641741742
|gametype|singles
|player|p1|Maxtrillers|lady-gen4|1285
|player|p2|hchw90|170|1265
|teamsize|p1|6
|teamsize|p2|6
|gen|8
|tier|[Gen 8] OU
|rated|
|rule|Sleep Clause Mod: Limit one foe put to sleep
|rule|Species Clause: Limit one of each Pokémon
|rule|OHKO Clause: OHKO moves are banned
|rule|Evasion Moves Clause: Evasion moves are banned
|rule|Endless Battle Clause: Forcing endless battles is banned
|rule|HP Percentage Mod: HP is shown in percentages
|rule|Dynamax Clause: You cannot dynamax
|clearpoke
|poke|p1|Ninetales-Alola, F|
|poke|p1|Heatran, M|
|poke|p1|Regieleki|
|poke|p1|Tapu Koko|
|poke|p1|Crawdaunt, M|
|poke|p1|Kommo-o, M|
|poke|p2|Togekiss, F|
|poke|p2|Blaziken, M|
|poke|p2|Gastrodon, M|
|poke|p2|Rotom-Wash|
|poke|p2|Hatterene, F|
|poke|p2|Zapdos-Galar|
|teampreview
|
|t:|1641741767
|start
|switch|p1a: Tapu Koko|Tapu Koko|100/100
|switch|p2a: Rotom|Rotom-Wash|100/100
|-fieldstart|move: Electric Terrain|[from] ability: Electric Surge|[of] p1a: Tapu Koko
|turn|1
|inactive|Battle timer is ON: inactive players will automatically lose when time's up. (requested by hchw90)
|
|t:|1641741778
|switch|p2a: Gastrodon|Gastrodon, M|100/100
|move|p1a: Tapu Koko|Thunder Punch|p2a: Gastrodon
|-immune|p2a: Gastrodon
|
|upkeep
|turn|2
|
|t:|1641741784
|switch|p1a: Ninetales|Ninetales-Alola, F, shiny|100/100
|-weather|Hail|[from] ability: Snow Warning|[of] p1a: Ninetales
|move|p2a: Gastrodon|Toxic|p1a: Ninetales|[miss]
|-miss|p2a: Gastrodon|p1a: Ninetales
|
|-weather|Hail|[upkeep]
|-damage|p2a: Gastrodon|94/100|[from] Hail
|-heal|p2a: Gastrodon|100/100|[from] item: Leftovers
|upkeep
|turn|3
|
|t:|1641741795
|switch|p2a: Rotom|Rotom-Wash|100/100
|move|p1a: Ninetales|Freeze-Dry|p2a: Rotom
|-supereffective|p2a: Rotom
|-damage|p2a: Rotom|0 fnt
|faint|p2a: Rotom
|
|-weather|Hail|[upkeep]
|upkeep
|
|t:|1641741815
|switch|p2a: Blaziken|Blaziken, M|100/100
|turn|4
|
|t:|1641741822
|switch|p1a: Crawdaunt|Crawdaunt, M, shiny|100/100
|move|p2a: Blaziken|Swords Dance|p2a: Blaziken
|-boost|p2a: Blaziken|atk|2
|
|-weather|Hail|[upkeep]
|-damage|p2a: Blaziken|95/100|[from] Hail
|-damage|p1a: Crawdaunt|95/100|[from] Hail
|-ability|p2a: Blaziken|Speed Boost|boost
|-boost|p2a: Blaziken|spe|1
|upkeep
|turn|5
|
|t:|1641741826
|switch|p2a: Gastrodon|Gastrodon, M|100/100
|move|p1a: Crawdaunt|Aqua Jet|p2a: Gastrodon
|-ability|p2a: Gastrodon|Storm Drain|boost
|-boost|p2a: Gastrodon|spa|1
|
|-weather|Hail|[upkeep]
|-damage|p2a: Gastrodon|94/100|[from] Hail
|-damage|p1a: Crawdaunt|89/100|[from] Hail
|-heal|p2a: Gastrodon|100/100|[from] item: Leftovers
|-fieldend|move: Electric Terrain
|upkeep
|turn|6
|
|t:|1641741832
|move|p2a: Gastrodon|Scald|p1a: Crawdaunt
|-resisted|p1a: Crawdaunt
|-damage|p1a: Crawdaunt|62/100
|move|p1a: Crawdaunt|Knock Off|p2a: Gastrodon
|-damage|p2a: Gastrodon|47/100
|-enditem|p2a: Gastrodon|Leftovers|[from] move: Knock Off|[of] p1a: Crawdaunt
|
|-weather|none
|upkeep
|turn|7
|
|t:|1641741840
|move|p2a: Gastrodon|Recover|p2a: Gastrodon
|-heal|p2a: Gastrodon|97/100
|move|p1a: Crawdaunt|Close Combat|p2a: Gastrodon
|-damage|p2a: Gastrodon|66/100
|-unboost|p1a: Crawdaunt|def|1
|-unboost|p1a: Crawdaunt|spd|1
|
|upkeep
|turn|8
|
|t:|1641741856
|switch|p1a: Ninetales|Ninetales-Alola, F, shiny|100/100
|-weather|Hail|[from] ability: Snow Warning|[of] p1a: Ninetales
|move|p2a: Gastrodon|Scald|p1a: Ninetales
|-damage|p1a: Ninetales|51/100
|
|-weather|Hail|[upkeep]
|-damage|p2a: Gastrodon|60/100|[from] Hail
|upkeep
|turn|9
|
|t:|1641741868
|switch|p2a: Blaziken|Blaziken, M|95/100
|move|p1a: Ninetales|Freeze-Dry|p2a: Blaziken
|-resisted|p2a: Blaziken
|-damage|p2a: Blaziken|66/100
|
|-weather|Hail|[upkeep]
|-damage|p2a: Blaziken|60/100|[from] Hail
|upkeep
|turn|10
|
|t:|1641741880
|switch|p1a: Tapu Koko|Tapu Koko|100/100
|-fieldstart|move: Electric Terrain|[from] ability: Electric Surge|[of] p1a: Tapu Koko
|move|p2a: Blaziken|Close Combat|p1a: Tapu Koko
|-resisted|p1a: Tapu Koko
|-damage|p1a: Tapu Koko|39/100
|-unboost|p2a: Blaziken|def|1
|-unboost|p2a: Blaziken|spd|1
|-damage|p2a: Blaziken|50/100|[from] item: Life Orb
|
|-weather|Hail|[upkeep]
|-damage|p1a: Tapu Koko|33/100|[from] Hail
|-damage|p2a: Blaziken|44/100|[from] Hail
|-ability|p2a: Blaziken|Speed Boost|boost
|-boost|p2a: Blaziken|spe|1
|upkeep
|turn|11
|
|t:|1641741886
|move|p1a: Tapu Koko|Brave Bird|p2a: Blaziken
|-supereffective|p2a: Blaziken
|-damage|p2a: Blaziken|0 fnt
|faint|p2a: Blaziken
|-damage|p1a: Tapu Koko|18/100|[from] Recoil
|
|-weather|Hail|[upkeep]
|-damage|p1a: Tapu Koko|12/100|[from] Hail
|upkeep
|inactive|hchw90 has 120 seconds left.
|inactive|hchw90 has 90 seconds left.
|
|t:|1641741946
|switch|p2a: Gastrodon|Gastrodon, M|60/100
|turn|12
|
|t:|1641741957
|move|p1a: Tapu Koko|Brave Bird|p2a: Gastrodon
|-damage|p2a: Gastrodon|31/100
|-damage|p1a: Tapu Koko|0 fnt|[from] Recoil
|faint|p1a: Tapu Koko
|move|p2a: Gastrodon|Recover|p2a: Gastrodon
|-heal|p2a: Gastrodon|81/100
|
|-weather|none
|upkeep
|
|t:|1641741965
|switch|p1a: Ninetales|Ninetales-Alola, F, shiny|51/100
|-weather|Hail|[from] ability: Snow Warning|[of] p1a: Ninetales
|turn|13
|
|t:|1641741977
|switch|p2a: Hatterene|Hatterene, F|100/100
|move|p1a: Ninetales|Freeze-Dry|p2a: Hatterene
|-damage|p2a: Hatterene|57/100
|
|-weather|Hail|[upkeep]
|-damage|p2a: Hatterene|51/100|[from] Hail
|upkeep
|turn|14
|
|t:|1641741987
|switch|p1a: Heatran|Heatran, M, shiny|100/100
|move|p2a: Hatterene|Psyshock|p1a: Heatran
|-resisted|p1a: Heatran
|-damage|p1a: Heatran|78/100
|
|-weather|Hail|[upkeep]
|-damage|p1a: Heatran|71/100|[from] Hail
|-damage|p2a: Hatterene|45/100|[from] Hail
|-fieldend|move: Electric Terrain
|upkeep
|turn|15
|
|t:|1641741996
|switch|p2a: Gastrodon|Gastrodon, M|81/100
|move|p1a: Heatran|Lava Plume|p2a: Gastrodon
|-resisted|p2a: Gastrodon
|-damage|p2a: Gastrodon|59/100
|
|-weather|Hail|[upkeep]
|-damage|p1a: Heatran|65/100|[from] Hail
|-damage|p2a: Gastrodon|53/100|[from] Hail
|upkeep
|turn|16
|
|t:|1641742005
|switch|p1a: Crawdaunt|Crawdaunt, M, shiny|62/100
|move|p2a: Gastrodon|Scald|p1a: Crawdaunt
|-resisted|p1a: Crawdaunt
|-damage|p1a: Crawdaunt|44/100
|-status|p1a: Crawdaunt|brn
|
|-weather|Hail|[upkeep]
|-damage|p2a: Gastrodon|47/100|[from] Hail
|-damage|p1a: Crawdaunt|38/100 brn|[from] Hail
|-damage|p1a: Crawdaunt|32/100 brn|[from] brn
|upkeep
|turn|17
|
|t:|1641742019
|move|p2a: Gastrodon|Recover|p2a: Gastrodon
|-heal|p2a: Gastrodon|97/100
|move|p1a: Crawdaunt|Knock Off|p2a: Gastrodon
|-damage|p2a: Gastrodon|79/100
|
|-weather|none
|-damage|p1a: Crawdaunt|26/100 brn|[from] brn
|upkeep
|turn|18
|
|t:|1641742035
|move|p2a: Gastrodon|Scald|p1a: Crawdaunt
|-resisted|p1a: Crawdaunt
|-damage|p1a: Crawdaunt|7/100 brn
|move|p1a: Crawdaunt|Knock Off|p2a: Gastrodon
|-damage|p2a: Gastrodon|62/100
|
|-damage|p1a: Crawdaunt|1/100 brn|[from] brn
|upkeep
|turn|19
|
|t:|1641742044
|move|p2a: Gastrodon|Recover|p2a: Gastrodon
|-heal|p2a: Gastrodon|100/100
|move|p1a: Crawdaunt|Knock Off|p2a: Gastrodon
|-damage|p2a: Gastrodon|84/100
|
|-damage|p1a: Crawdaunt|0 fnt|[from] brn
|faint|p1a: Crawdaunt
|upkeep
|
|t:|1641742050
|switch|p1a: Ninetales|Ninetales-Alola, F, shiny|51/100
|-weather|Hail|[from] ability: Snow Warning|[of] p1a: Ninetales
|turn|20
|
|t:|1641742056
|switch|p2a: Hatterene|Hatterene, F|45/100
|move|p1a: Ninetales|Freeze-Dry|p2a: Hatterene
|-damage|p2a: Hatterene|1/100
|-status|p2a: Hatterene|frz
|
|-weather|Hail|[upkeep]
|-damage|p2a: Hatterene|0 fnt|[from] Hail
|faint|p2a: Hatterene
|upkeep
|
|t:|1641742058
|switch|p2a: Togekiss|Togekiss, F|100/100
|turn|21
|
|t:|1641742062
|switch|p1a: Heatran|Heatran, M, shiny|65/100
|move|p2a: Togekiss|Thunder Wave|p1a: Heatran
|-status|p1a: Heatran|par
|
|-weather|Hail|[upkeep]
|-damage|p2a: Togekiss|94/100|[from] Hail
|-damage|p1a: Heatran|59/100 par|[from] Hail
|upkeep
|turn|22
|
|t:|1641742065
|move|p2a: Togekiss|Air Slash|p1a: Heatran
|-resisted|p1a: Heatran
|-damage|p1a: Heatran|42/100 par
|cant|p1a: Heatran|flinch
|
|-weather|Hail|[upkeep]
|-damage|p2a: Togekiss|88/100|[from] Hail
|-damage|p1a: Heatran|36/100 par|[from] Hail
|upkeep
|turn|23
|
|t:|1641742072
|move|p2a: Togekiss|Air Slash|p1a: Heatran
|-resisted|p1a: Heatran
|-crit|p1a: Heatran
|-damage|p1a: Heatran|10/100 par
|move|p1a: Heatran|Ancient Power|p2a: Togekiss
|-supereffective|p2a: Togekiss
|-damage|p2a: Togekiss|49/100
|
|-weather|Hail|[upkeep]
|-damage|p2a: Togekiss|42/100|[from] Hail
|-damage|p1a: Heatran|4/100 par|[from] Hail
|upkeep
|turn|24
|
|t:|1641742079
|move|p2a: Togekiss|Roost|p2a: Togekiss
|-heal|p2a: Togekiss|92/100
|-singleturn|p2a: Togekiss|move: Roost
|move|p1a: Heatran|Ancient Power|p2a: Togekiss
|-damage|p2a: Togekiss|74/100
|
|-weather|none
|upkeep
|turn|25
|
|t:|1641742086
|move|p2a: Togekiss|Air Slash|p1a: Heatran
|-resisted|p1a: Heatran
|-damage|p1a: Heatran|0 fnt
|faint|p1a: Heatran
|
|upkeep
|
|t:|1641742099
|switch|p1a: Ninetales|Ninetales-Alola, F, shiny|51/100
|-weather|Hail|[from] ability: Snow Warning|[of] p1a: Ninetales
|turn|26
|
|t:|1641742103
|move|p1a: Ninetales|Freeze-Dry|p2a: Togekiss
|-supereffective|p2a: Togekiss
|-damage|p2a: Togekiss|11/100
|move|p2a: Togekiss|Thunder Wave|p1a: Ninetales
|-status|p1a: Ninetales|par
|
|-weather|Hail|[upkeep]
|-damage|p2a: Togekiss|5/100|[from] Hail
|upkeep
|turn|27
|
|t:|1641742127
|move|p2a: Togekiss|Roost|p2a: Togekiss
|-heal|p2a: Togekiss|55/100
|-singleturn|p2a: Togekiss|move: Roost
|cant|p1a: Ninetales|par
|
|-weather|Hail|[upkeep]
|-damage|p2a: Togekiss|49/100|[from] Hail
|upkeep
|turn|28
|
|t:|1641742131
|move|p2a: Togekiss|Roost|p2a: Togekiss
|-heal|p2a: Togekiss|99/100
|-singleturn|p2a: Togekiss|move: Roost
|move|p1a: Ninetales|Freeze-Dry|p2a: Togekiss
|-damage|p2a: Togekiss|69/100
|
|-weather|Hail|[upkeep]
|-damage|p2a: Togekiss|63/100|[from] Hail
|upkeep
|turn|29
|
|t:|1641742146
|move|p2a: Togekiss|Flamethrower|p1a: Ninetales
|-supereffective|p1a: Ninetales
|-damage|p1a: Ninetales|0 fnt
|faint|p1a: Ninetales
|
|-weather|Hail|[upkeep]
|-damage|p2a: Togekiss|57/100|[from] Hail
|upkeep
|
|t:|1641742149
|switch|p1a: Regieleki|Regieleki, shiny|100/100
|turn|30
|
|t:|1641742161
|switch|p1a: Kommo-o|Kommo-o, M, shiny|100/100
|switch|p2a: Gastrodon|Gastrodon, M|84/100
|
|-weather|none
|upkeep
|turn|31
|
|t:|1641742170
|switch|p2a: Togekiss|Togekiss, F|57/100
|move|p1a: Kommo-o|Clangorous Soul|p1a: Kommo-o
|-boost|p1a: Kommo-o|atk|1
|-boost|p1a: Kommo-o|def|1
|-boost|p1a: Kommo-o|spa|1
|-boost|p1a: Kommo-o|spd|1
|-boost|p1a: Kommo-o|spe|1
|-damage|p1a: Kommo-o|68/100
|
|-heal|p1a: Kommo-o|74/100|[from] item: Leftovers
|upkeep
|turn|32
|
|t:|1641742175
|move|p1a: Kommo-o|Poison Jab|p2a: Togekiss
|-supereffective|p2a: Togekiss
|-damage|p2a: Togekiss|0 fnt
|faint|p2a: Togekiss
|
|-heal|p1a: Kommo-o|80/100|[from] item: Leftovers
|upkeep
|
|t:|1641742178
|switch|p2a: Zapdos|Zapdos-Galar|100/100
|turn|33
|
|t:|1641742181
|move|p1a: Kommo-o|Ice Punch|p2a: Zapdos
|-supereffective|p2a: Zapdos
|-damage|p2a: Zapdos|10/100
|move|p2a: Zapdos|Brave Bird|p1a: Kommo-o
|-supereffective|p1a: Kommo-o
|-damage|p1a: Kommo-o|0 fnt
|faint|p1a: Kommo-o
|-damage|p2a: Zapdos|0 fnt|[from] Recoil
|faint|p2a: Zapdos
|
|upkeep
|
|t:|1641742186
|switch|p2a: Gastrodon|Gastrodon, M|84/100
|switch|p1a: Regieleki|Regieleki, shiny|100/100
|turn|34
|
|t:|1641742192
|move|p1a: Regieleki|Ancient Power|p2a: Gastrodon
|-resisted|p2a: Gastrodon
|-damage|p2a: Gastrodon|72/100
|move|p2a: Gastrodon|Scald|p1a: Regieleki
|-damage|p1a: Regieleki|52/100
|-status|p1a: Regieleki|brn
|
|-damage|p1a: Regieleki|46/100 brn|[from] brn
|upkeep
|turn|35
|-message|Maxtrillers forfeited.
|
|win|hchw90
|raw|Maxtrillers's rating: 1285 &rarr; <strong>1259</strong><br />(-26 for losing)
|raw|hchw90's rating: 1265 &rarr; <strong>1291</strong><br />(+26 for winning)
|l|☆Maxtrillers
