|j|☆TwoHolyBackhands
|j|☆yeayeayeayea
|t:|1641864796
|gametype|singles
|player|p1|TwoHolyBackhands|ghetsis-gen5bw|1112
|player|p2|yeayeayeayea|picnicker|1094
|teamsize|p1|6
|teamsize|p2|6
|gen|8
|tier|[Gen 8] OU
|rated|
|rule|Sleep Clause Mod: Limit one foe put to sleep
|rule|Species Clause: Limit one of each Pokémon
|rule|OHKO Clause: OHKO moves are banned
|rule|Evasion Moves Clause: Evasion moves are banned
|rule|Endless Battle Clause: Forcing endless battles is banned
|rule|HP Percentage Mod: HP is shown in percentages
|rule|Dynamax Clause: You cannot dynamax
|clearpoke
|poke|p1|Barraskewda, M|
|poke|p1|Heatran, F|
|poke|p1|Pelipper, F|
|poke|p1|Regieleki|
|poke|p1|Kartana|
|poke|p1|Zeraora|
|poke|p2|Ferrothorn, F|
|poke|p2|Slowbro, F|
|poke|p2|Weavile, M|
|poke|p2|Tapu Koko|
|poke|p2|Landorus-Therian, M|
|poke|p2|Melmetal|
|teampreview
|inactive|Battle timer is ON: inactive players will automatically lose when time's up. (requested by TwoHolyBackhands)
|
|t:|1641864896
|start
|switch|p1a: Heatran|Heatran, F|100/100
|switch|p2a: Tapu Koko|Tapu Koko|100/100
|-fieldstart|move: Electric Terrain|[from] ability: Electric Surge|[of] p2a: Tapu Koko
|turn|1
|
|t:|1641864905
|move|p2a: Tapu Koko|U-turn|p1a: Heatran
|-resisted|p1a: Heatran
|-damage|p1a: Heatran|97/100
|
|t:|1641864907
|switch|p2a: Slowbro|Slowbro, F|100/100|[from]move: U-turn
|move|p1a: Heatran|Magma Storm|p2a: Slowbro
|-resisted|p2a: Slowbro
|-damage|p2a: Slowbro|81/100
|-activate|p2a: Slowbro|move: Magma Storm|[of] p1a: Heatran
|
|-heal|p1a: Heatran|100/100|[from] item: Leftovers
|-damage|p2a: Slowbro|69/100|[from] move: Magma Storm|[partiallytrapped]
|upkeep
|turn|2
|
|t:|1641864916
|move|p1a: Heatran|Earth Power|p2a: Slowbro
|-damage|p2a: Slowbro|45/100
|move|p2a: Slowbro|Scald|p1a: Heatran
|-supereffective|p1a: Heatran
|-damage|p1a: Heatran|50/100
|
|-heal|p1a: Heatran|56/100|[from] item: Leftovers
|-damage|p2a: Slowbro|32/100|[from] move: Magma Storm|[partiallytrapped]
|upkeep
|turn|3
|
|t:|1641864922
|move|p1a: Heatran|Taunt|p2a: Slowbro
|-start|p2a: Slowbro|move: Taunt
|move|p2a: Slowbro|Scald|p1a: Heatran
|-supereffective|p1a: Heatran
|-damage|p1a: Heatran|8/100
|
|-heal|p1a: Heatran|14/100|[from] item: Leftovers
|-damage|p2a: Slowbro|20/100|[from] move: Magma Storm|[partiallytrapped]
|upkeep
|turn|4
|
|t:|1641864930
|move|p1a: Heatran|Earth Power|p2a: Slowbro
|-damage|p2a: Slowbro|0 fnt
|faint|p2a: Slowbro
|
|-heal|p1a: Heatran|20/100|[from] item: Leftovers
|upkeep
|
|t:|1641864938
|switch|p2a: Tapu Koko|Tapu Koko|100/100
|turn|5
|
|t:|1641864951
|switch|p1a: Zeraora|Zeraora|100/100
|move|p2a: Tapu Koko|Thunderbolt|p1a: Zeraora
|-immune|p1a: Zeraora|[from] ability: Volt Absorb
|
|-fieldend|move: Electric Terrain
|upkeep
|turn|6
|
|t:|1641864957
|move|p1a: Zeraora|Fake Out|p2a: Tapu Koko
|-damage|p2a: Tapu Koko|78/100
|-damage|p1a: Zeraora|91/100|[from] item: Life Orb
|cant|p2a: Tapu Koko|flinch
|
|upkeep
|turn|7
|
|t:|1641864969
|move|p1a: Zeraora|Play Rough|p2a: Tapu Koko|[miss]
|-miss|p1a: Zeraora|p2a: Tapu Koko
|move|p2a: Tapu Koko|Roost|p2a: Tapu Koko
|-heal|p2a: Tapu Koko|100/100
|-singleturn|p2a: Tapu Koko|move: Roost
|
|upkeep
|turn|8
|
|t:|1641864973
|move|p1a: Zeraora|Play Rough|p2a: Tapu Koko
|-damage|p2a: Tapu Koko|50/100
|-unboost|p2a: Tapu Koko|atk|1
|-damage|p1a: Zeraora|81/100|[from] item: Life Orb
|move|p2a: Tapu Koko|Dazzling Gleam|p1a: Zeraora
|-damage|p1a: Zeraora|39/100
|
|upkeep
|turn|9
|
|t:|1641864982
|switch|p2a: Ferrothorn|Ferrothorn, F|100/100
|move|p1a: Zeraora|Play Rough|p2a: Ferrothorn
|-resisted|p2a: Ferrothorn
|-damage|p2a: Ferrothorn|87/100
|-damage|p1a: Zeraora|27/100|[from] ability: Iron Barbs|[of] p2a: Ferrothorn
|-damage|p1a: Zeraora|17/100|[from] item: Life Orb
|
|-heal|p2a: Ferrothorn|93/100|[from] item: Leftovers
|upkeep
|turn|10
|
|t:|1641864989
|switch|p1a: Heatran|Heatran, F|20/100
|move|p2a: Ferrothorn|Stealth Rock|p1a: Heatran
|-sidestart|p1: TwoHolyBackhands|move: Stealth Rock
|
|-heal|p1a: Heatran|26/100|[from] item: Leftovers
|-heal|p2a: Ferrothorn|99/100|[from] item: Leftovers
|upkeep
|turn|11
|
|t:|1641865016
|switch|p2a: Weavile|Weavile, M|100/100
|-ability|p2a: Weavile|Pressure
|move|p1a: Heatran|Magma Storm|p2a: Weavile|[miss]
|-miss|p1a: Heatran|p2a: Weavile
|
|-heal|p1a: Heatran|33/100|[from] item: Leftovers
|upkeep
|turn|12
|
|t:|1641865024
|move|p2a: Weavile|Knock Off|p1a: Heatran
|-damage|p1a: Heatran|0 fnt
|-enditem|p1a: Heatran|Leftovers|[from] move: Knock Off|[of] p2a: Weavile
|faint|p1a: Heatran
|
|upkeep
|
|t:|1641865041
|switch|p1a: Having F U N|Kartana|100/100
|-damage|p1a: Having F U N|94/100|[from] Stealth Rock
|turn|13
|
|t:|1641865055
|move|p1a: Having F U N|Sacred Sword|p2a: Weavile
|-supereffective|p2a: Weavile
|-damage|p2a: Weavile|0 fnt
|faint|p2a: Weavile
|-ability|p1a: Having F U N|Beast Boost|boost
|-boost|p1a: Having F U N|atk|1
|
|upkeep
|
|t:|1641865065
|switch|p2a: Landorus|Landorus-Therian, M|100/100
|-ability|p2a: Landorus|Intimidate|boost
|-unboost|p1a: Having F U N|atk|1
|turn|14
|
|t:|1641865072
|move|p1a: Having F U N|Sacred Sword|p2a: Landorus
|-resisted|p2a: Landorus
|-damage|p2a: Landorus|79/100
|move|p2a: Landorus|U-turn|p1a: Having F U N
|-damage|p1a: Having F U N|73/100
|
|t:|1641865079
|switch|p2a: Ferrothorn|Ferrothorn, F|99/100|[from]move: U-turn
|
|-heal|p2a: Ferrothorn|100/100|[from] item: Leftovers
|upkeep
|turn|15
|
|t:|1641865081
|switch|p2a: Landorus|Landorus-Therian, M|79/100
|-ability|p2a: Landorus|Intimidate|boost
|-unboost|p1a: Having F U N|atk|1
|move|p1a: Having F U N|Sacred Sword|p2a: Landorus
|-resisted|p2a: Landorus
|-damage|p2a: Landorus|64/100
|
|-heal|p2a: Landorus|70/100|[from] item: Leftovers
|upkeep
|turn|16
|
|t:|1641865092
|switch|p1a: USeemToBe|Pelipper, F|100/100
|-damage|p1a: USeemToBe|76/100|[from] Stealth Rock
|-weather|RainDance|[from] ability: Drizzle|[of] p1a: USeemToBe
|move|p2a: Landorus|U-turn|p1a: USeemToBe
|-resisted|p1a: USeemToBe
|-damage|p1a: USeemToBe|65/100
|
|t:|1641865098
|switch|p2a: Tapu Koko|Tapu Koko|50/100|[from]move: U-turn
|-fieldstart|move: Electric Terrain|[from] ability: Electric Surge|[of] p2a: Tapu Koko
|
|-weather|RainDance|[upkeep]
|upkeep
|turn|17
|
|t:|1641865102
|switch|p1a: Zeraora|Zeraora|17/100
|-damage|p1a: Zeraora|5/100|[from] Stealth Rock
|move|p2a: Tapu Koko|Thunderbolt|p1a: Zeraora
|-heal|p1a: Zeraora|30/100|[from] ability: Volt Absorb|[of] p2a: Tapu Koko
|
|-weather|RainDance|[upkeep]
|upkeep
|turn|18
|
|t:|1641865113
|move|p1a: Zeraora|Play Rough|p2a: Tapu Koko
|-damage|p2a: Tapu Koko|0 fnt
|faint|p2a: Tapu Koko
|-damage|p1a: Zeraora|20/100|[from] item: Life Orb
|
|-weather|RainDance|[upkeep]
|upkeep
|
|t:|1641865118
|switch|p2a: Landorus|Landorus-Therian, M|70/100
|-ability|p2a: Landorus|Intimidate|boost
|-unboost|p1a: Zeraora|atk|1
|turn|19
|
|t:|1641865126
|move|p1a: Zeraora|Play Rough|p2a: Landorus
|-damage|p2a: Landorus|47/100
|-damage|p1a: Zeraora|10/100|[from] item: Life Orb
|move|p2a: Landorus|U-turn|p1a: Zeraora
|-damage|p1a: Zeraora|0 fnt
|faint|p1a: Zeraora
|
|t:|1641865131
|switch|p2a: Ferrothorn|Ferrothorn, F|100/100|[from]move: U-turn
|
|-weather|RainDance|[upkeep]
|upkeep
|
|t:|1641865142
|switch|p1a: Having F UN|Barraskewda, M|100/100
|-damage|p1a: Having F UN|88/100|[from] Stealth Rock
|turn|20
|
|t:|1641865150
|move|p1a: Having F UN|Close Combat|p2a: Ferrothorn
|-supereffective|p2a: Ferrothorn
|-damage|p2a: Ferrothorn|0 fnt
|-unboost|p1a: Having F UN|def|1
|-unboost|p1a: Having F UN|spd|1
|-damage|p1a: Having F UN|76/100|[from] ability: Iron Barbs|[of] p2a: Ferrothorn
|faint|p2a: Ferrothorn
|
|-weather|RainDance|[upkeep]
|-fieldend|move: Electric Terrain
|upkeep
|c|☆yeayeayeayea|man ur garbage lmao
|c|☆yeayeayeayea|how many misplays did i make
|c|☆yeayeayeayea|and its this close
|c|☆yeayeayeayea|nvm its 1112 rating
|c|☆TwoHolyBackhands|my friend
|c|☆yeayeayeayea|lol gg
|-message|yeayeayeayea forfeited.
|
|win|TwoHolyBackhands
|raw|TwoHolyBackhands's rating: 1112 &rarr; <strong>1136</strong><br />(+24 for winning)
|raw|yeayeayeayea's rating: 1094 &rarr; <strong>1071</strong><br />(-23 for losing)
|l|☆yeayeayeayea
||Ladder isn't responding, score probably updated but might not have (Request timeout).
