|j|☆SurprisinglyLucky
|j|☆TBClarry
|t:|1641732121
|gametype|singles
|player|p1|SurprisinglyLucky|steven|1146
|player|p2|TBClarry|hiker-gen4|1101
|teamsize|p1|6
|teamsize|p2|6
|gen|8
|tier|[Gen 8] OU
|rated|
|rule|Sleep Clause Mod: Limit one foe put to sleep
|rule|Species Clause: Limit one of each Pokémon
|rule|OHKO Clause: OHKO moves are banned
|rule|Evasion Moves Clause: Evasion moves are banned
|rule|Endless Battle Clause: Forcing endless battles is banned
|rule|HP Percentage Mod: HP is shown in percentages
|rule|Dynamax Clause: You cannot dynamax
|clearpoke
|poke|p1|Cobalion|
|poke|p1|Arcanine, M|
|poke|p1|Roserade, M|
|poke|p1|Aerodactyl, M|
|poke|p1|Espeon, M|
|poke|p1|Volcanion|
|poke|p2|Regieleki|
|poke|p2|Rhyperior, M|
|poke|p2|Chandelure, F|
|poke|p2|Gardevoir, F|
|poke|p2|Crawdaunt, M|
|poke|p2|Amoonguss, M|
|teampreview
|inactive|Battle timer is ON: inactive players will automatically lose when time's up. (requested by TBClarry)
|
|t:|1641732137
|start
|switch|p1a: Aerodactyl|Aerodactyl, M|100/100
|switch|p2a: Chandelure|Chandelure, F|100/100
|turn|1
|
|t:|1641732157
|move|p1a: Aerodactyl|Stealth Rock|p2a: Chandelure
|-sidestart|p2: TBClarry|move: Stealth Rock
|move|p2a: Chandelure|Poltergeist|p1a: Aerodactyl|[miss]
|-miss|p2a: Chandelure|p1a: Aerodactyl
|
|upkeep
|turn|2
|
|t:|1641732175
|move|p1a: Aerodactyl|Stone Edge|p2a: Chandelure
|-supereffective|p2a: Chandelure
|-crit|p2a: Chandelure
|-damage|p2a: Chandelure|0 fnt
|faint|p2a: Chandelure
|
|upkeep
|
|t:|1641732179
|switch|p2a: Regieleki|Regieleki|100/100
|-damage|p2a: Regieleki|88/100|[from] Stealth Rock
|turn|3
|
|t:|1641732200
|switch|p1a: Roserade|Roserade, M|100/100
|move|p2a: Regieleki|Thunderbolt|p1a: Roserade
|-resisted|p1a: Roserade
|-damage|p1a: Roserade|44/100
|
|upkeep
|turn|4
|
|t:|1641732212
|move|p2a: Regieleki|Thunderbolt|p1a: Roserade
|-resisted|p1a: Roserade
|-crit|p1a: Roserade
|-damage|p1a: Roserade|0 fnt
|faint|p1a: Roserade
|
|upkeep
|
|t:|1641732217
|switch|p1a: Cobalion|Cobalion|100/100
|turn|5
|c|☆TBClarry|!weak cobalion
|c| TBClarry|/raw <div class="infobox">Cobalion (ignoring abilities):<br /><span class="message-effect-weak">Weaknesses</span>: Fighting, Fire, Ground<br /><span class="message-effect-resist">Resistances</span>: <b>Bug</b>, Dark, Dragon, Grass, Ice, Normal, <b>Rock</b>, Steel<br /><span class="message-effect-immune">Immunities</span>: Poison, Sandstorm damage, Toxic</div>
|inactive|TBClarry has 120 seconds left.
|
|t:|1641732247
|switch|p2a: Rhyperior|Rhyperior, M|100/100
|-damage|p2a: Rhyperior|94/100|[from] Stealth Rock
|move|p1a: Cobalion|Sacred Sword|p2a: Rhyperior
|-supereffective|p2a: Rhyperior
|-damage|p2a: Rhyperior|44/100
|
|upkeep
|turn|6
|
|t:|1641732255
|move|p1a: Cobalion|Sacred Sword|p2a: Rhyperior
|-supereffective|p2a: Rhyperior
|-damage|p2a: Rhyperior|0 fnt
|faint|p2a: Rhyperior
|
|upkeep
|
|t:|1641732258
|switch|p2a: Amoonguss|Amoonguss, M|100/100
|-damage|p2a: Amoonguss|88/100|[from] Stealth Rock
|turn|7
|
|t:|1641732265
|switch|p1a: Espeon|Espeon, M|100/100
|move|p2a: Amoonguss|Protect||[still]
|-fail|p2a: Amoonguss
|
|upkeep
|turn|8
|
|t:|1641732270
|move|p1a: Espeon|Light Screen|p1a: Espeon
|-sidestart|p1: SurprisinglyLucky|move: Light Screen
|move|p2a: Amoonguss|Toxic|p1a: Espeon
|move|p1a: Espeon|Toxic|p2a: Amoonguss|[from]ability: Magic Bounce
|-immune|p2a: Amoonguss
|
|upkeep
|turn|9
|c|☆SurprisinglyLucky|:)
|
|t:|1641732283
|move|p1a: Espeon|Reflect|p1a: Espeon
|-sidestart|p1: SurprisinglyLucky|Reflect
|move|p2a: Amoonguss|Toxic|p1a: Espeon
|move|p1a: Espeon|Toxic|p2a: Amoonguss|[from]ability: Magic Bounce|[miss]
|-miss|p1a: Espeon|p2a: Amoonguss
|
|upkeep
|turn|10
|
|t:|1641732290
|move|p1a: Espeon|Psychic|p2a: Amoonguss
|-supereffective|p2a: Amoonguss
|-damage|p2a: Amoonguss|26/100
|move|p2a: Amoonguss|Toxic|p1a: Espeon
|move|p1a: Espeon|Toxic|p2a: Amoonguss|[from]ability: Magic Bounce
|-immune|p2a: Amoonguss
|
|upkeep
|turn|11
|
|t:|1641732298
|move|p1a: Espeon|Psychic|p2a: Amoonguss
|-supereffective|p2a: Amoonguss
|-damage|p2a: Amoonguss|0 fnt
|faint|p2a: Amoonguss
|
|upkeep
|
|t:|1641732301
|switch|p2a: Gardevoir|Gardevoir, F|100/100
|-damage|p2a: Gardevoir|88/100|[from] Stealth Rock
|-ability|p2a: Gardevoir|Magic Bounce|[from] ability: Trace|[of] p1a: Espeon
|turn|12
|
|t:|1641732307
|move|p1a: Espeon|Psychic|p2a: Gardevoir
|-resisted|p2a: Gardevoir
|-crit|p2a: Gardevoir
|-damage|p2a: Gardevoir|49/100
|move|p2a: Gardevoir|Calm Mind|p2a: Gardevoir
|-boost|p2a: Gardevoir|spa|1
|-boost|p2a: Gardevoir|spd|1
|
|upkeep
|turn|13
|
|t:|1641732314
|move|p1a: Espeon|Dazzling Gleam|p2a: Gardevoir
|-damage|p2a: Gardevoir|29/100
|move|p2a: Gardevoir|Moonblast|p1a: Espeon
|-damage|p1a: Espeon|43/100
|-damage|p2a: Gardevoir|19/100|[from] item: Life Orb
|
|upkeep
|turn|14
|
|t:|1641732334
|switch|p1a: Arcanine|Arcanine, M|100/100
|-ability|p1a: Arcanine|Intimidate|boost
|-unboost|p2a: Gardevoir|atk|1
|move|p2a: Gardevoir|Healing Wish|p2a: Gardevoir
|faint|p2a: Gardevoir
|
|upkeep
|
|t:|1641732339
|switch|p2a: Regieleki|Regieleki|88/100
|-heal|p2a: Regieleki|100/100|[from] move: Healing Wish
|-damage|p2a: Regieleki|88/100|[from] Stealth Rock
|turn|15
|
|t:|1641732346
|move|p2a: Regieleki|Rain Dance|p2a: Regieleki
|-weather|RainDance
|move|p1a: Arcanine|Bulldoze|p2a: Regieleki
|-supereffective|p2a: Regieleki
|-damage|p2a: Regieleki|25/100
|-unboost|p2a: Regieleki|spe|1
|
|-weather|RainDance|[upkeep]
|-sideend|p1: SurprisinglyLucky|move: Light Screen
|upkeep
|turn|16
|
|t:|1641732355
|switch|p2a: Crawdaunt|Crawdaunt, M|100/100
|-damage|p2a: Crawdaunt|88/100|[from] Stealth Rock
|move|p1a: Arcanine|Bulldoze|p2a: Crawdaunt
|-damage|p2a: Crawdaunt|70/100
|-unboost|p2a: Crawdaunt|spe|1
|
|-weather|RainDance|[upkeep]
|-heal|p2a: Crawdaunt|76/100|[from] item: Leftovers
|-sideend|p1: SurprisinglyLucky|Reflect
|upkeep
|turn|17
|
|t:|1641732370
|switch|p1a: Volcanion|Volcanion|100/100
|move|p2a: Crawdaunt|Crabhammer|p1a: Volcanion
|-immune|p1a: Volcanion|[from] ability: Water Absorb
|
|-weather|RainDance|[upkeep]
|-heal|p2a: Crawdaunt|82/100|[from] item: Leftovers
|upkeep
|turn|18
|
|t:|1641732377
|move|p1a: Volcanion|Substitute|p1a: Volcanion
|-start|p1a: Volcanion|Substitute
|-damage|p1a: Volcanion|76/100
|move|p2a: Crawdaunt|Crunch|p1a: Volcanion
|-end|p1a: Volcanion|Substitute
|
|-weather|RainDance|[upkeep]
|-heal|p1a: Volcanion|82/100|[from] item: Leftovers
|-heal|p2a: Crawdaunt|88/100|[from] item: Leftovers
|upkeep
|turn|19
|
|t:|1641732386
|move|p1a: Volcanion|Steam Eruption|p2a: Crawdaunt
|-resisted|p2a: Crawdaunt
|-damage|p2a: Crawdaunt|2/100
|move|p2a: Crawdaunt|Crunch|p1a: Volcanion
|-damage|p1a: Volcanion|44/100
|-unboost|p1a: Volcanion|def|1
|
|-weather|none
|-heal|p1a: Volcanion|50/100|[from] item: Leftovers
|-heal|p2a: Crawdaunt|8/100|[from] item: Leftovers
|upkeep
|turn|20
|
|t:|1641732396
|move|p1a: Volcanion|Earth Power|p2a: Crawdaunt
|-damage|p2a: Crawdaunt|0 fnt
|faint|p2a: Crawdaunt
|
|-heal|p1a: Volcanion|56/100|[from] item: Leftovers
|upkeep
|
|t:|1641732398
|switch|p2a: Regieleki|Regieleki|25/100
|-damage|p2a: Regieleki|13/100|[from] Stealth Rock
|turn|21
|
|t:|1641732407
|move|p2a: Regieleki|Thunderbolt|p1a: Volcanion
|-supereffective|p1a: Volcanion
|-damage|p1a: Volcanion|0 fnt
|faint|p1a: Volcanion
|
|upkeep
|
|t:|1641732409
|switch|p1a: Arcanine|Arcanine, M|100/100
|-ability|p1a: Arcanine|Intimidate|boost
|-unboost|p2a: Regieleki|atk|1
|turn|22
|
|t:|1641732411
|move|p2a: Regieleki|Thunderbolt|p1a: Arcanine
|-damage|p1a: Arcanine|0 fnt
|faint|p1a: Arcanine
|
|upkeep
|
|t:|1641732414
|switch|p1a: Espeon|Espeon, M|43/100
|turn|23
|
|t:|1641732418
|move|p2a: Regieleki|Thunderbolt|p1a: Espeon
|-damage|p1a: Espeon|0 fnt
|faint|p1a: Espeon
|
|upkeep
|
|t:|1641732422
|switch|p1a: Cobalion|Cobalion|100/100
|turn|24
|
|t:|1641732424
|move|p2a: Regieleki|Thunderbolt|p1a: Cobalion
|-damage|p1a: Cobalion|0 fnt
|faint|p1a: Cobalion
|
|upkeep
|
|t:|1641732426
|switch|p1a: Aerodactyl|Aerodactyl, M|100/100
|turn|25
|
|t:|1641732431
|move|p2a: Regieleki|Thunderbolt|p1a: Aerodactyl
|-supereffective|p1a: Aerodactyl
|-damage|p1a: Aerodactyl|0 fnt
|faint|p1a: Aerodactyl
|
|win|TBClarry
|raw|SurprisinglyLucky's rating: 1146 &rarr; <strong>1116</strong><br />(-30 for losing)
|raw|TBClarry's rating: 1071 &rarr; <strong>1107</strong><br />(+36 for winning)
|c|☆TBClarry|:d
|l|☆SurprisinglyLucky
