|j|☆Ghidx
|j|☆Levi41
|t:|1641859523
|gametype|singles
|player|p1|Ghidx|lucas|1488
|player|p2|Levi41|mars|1393
|teamsize|p1|6
|teamsize|p2|6
|gen|8
|tier|[Gen 8] OU
|rated|
|rule|Sleep Clause Mod: Limit one foe put to sleep
|rule|Species Clause: Limit one of each Pokémon
|rule|OHKO Clause: OHKO moves are banned
|rule|Evasion Moves Clause: Evasion moves are banned
|rule|Endless Battle Clause: Forcing endless battles is banned
|rule|HP Percentage Mod: HP is shown in percentages
|rule|Dynamax Clause: You cannot dynamax
|clearpoke
|poke|p1|Froslass, F|
|poke|p1|Bisharp, F|
|poke|p1|Landorus-Therian, M|
|poke|p1|Zapdos-Galar|
|poke|p1|Dragapult, F|
|poke|p1|Heatran, M|
|poke|p2|Magnezone|
|poke|p2|Kartana|
|poke|p2|Tapu Lele|
|poke|p2|Landorus-Therian, M|
|poke|p2|Tapu Fini|
|poke|p2|Dragonite, M|
|teampreview
|inactive|Battle timer is ON: inactive players will automatically lose when time's up. (requested by Ghidx)
|
|t:|1641859528
|start
|switch|p1a: Froslass|Froslass, F|100/100
|switch|p2a: Timekeeper|Landorus-Therian, M, shiny|100/100
|-ability|p2a: Timekeeper|Intimidate|boost
|-unboost|p1a: Froslass|atk|1
|turn|1
|
|t:|1641859532
|switch|p2a: Flow Control|Magnezone|100/100
|move|p1a: Froslass|Spikes|p2a: Flow Control
|-sidestart|p2: Levi41|Spikes
|
|upkeep
|turn|2
|
|t:|1641859537
|switch|p1a: Heatran|Heatran, M|100/100
|move|p2a: Flow Control|Thunderbolt|p1a: Heatran
|-damage|p1a: Heatran|76/100
|
|-heal|p1a: Heatran|82/100|[from] item: Leftovers
|upkeep
|turn|3
|
|t:|1641859543
|switch|p2a: Harmony|Tapu Fini, shiny|100/100
|-damage|p2a: Harmony|88/100|[from] Spikes
|-fieldstart|move: Misty Terrain|[from] ability: Misty Surge|[of] p2a: Harmony
|move|p1a: Heatran|Magma Storm|p2a: Harmony
|-resisted|p2a: Harmony
|-damage|p2a: Harmony|71/100
|-activate|p2a: Harmony|move: Magma Storm|[of] p1a: Heatran
|
|-heal|p2a: Harmony|77/100|[from] item: Leftovers
|-heal|p1a: Heatran|88/100|[from] item: Leftovers
|-damage|p2a: Harmony|64/100|[from] move: Magma Storm|[partiallytrapped]
|upkeep
|turn|4
|
|t:|1641859550
|move|p2a: Harmony|Scald|p1a: Heatran
|-supereffective|p1a: Heatran
|-damage|p1a: Heatran|58/100
|move|p1a: Heatran|Earth Power|p2a: Harmony
|-damage|p2a: Harmony|44/100
|
|-heal|p2a: Harmony|50/100|[from] item: Leftovers
|-heal|p1a: Heatran|64/100|[from] item: Leftovers
|-damage|p2a: Harmony|38/100|[from] move: Magma Storm|[partiallytrapped]
|upkeep
|turn|5
|
|t:|1641859565
|move|p2a: Harmony|Scald|p1a: Heatran
|-supereffective|p1a: Heatran
|-damage|p1a: Heatran|29/100
|move|p1a: Heatran|Earth Power|p2a: Harmony
|-damage|p2a: Harmony|16/100
|-unboost|p2a: Harmony|spd|1
|
|-heal|p2a: Harmony|22/100|[from] item: Leftovers
|-heal|p1a: Heatran|35/100|[from] item: Leftovers
|-damage|p2a: Harmony|10/100|[from] move: Magma Storm|[partiallytrapped]
|upkeep
|turn|6
|
|t:|1641859570
|move|p2a: Harmony|Scald|p1a: Heatran
|-supereffective|p1a: Heatran
|-crit|p1a: Heatran
|-damage|p1a: Heatran|0 fnt
|faint|p1a: Heatran
|
|-heal|p2a: Harmony|16/100|[from] item: Leftovers
|-end|p2a: Harmony|Magma Storm|[partiallytrapped]|[silent]
|upkeep
|
|t:|1641859575
|switch|p1a: Froslass|Froslass, F|100/100
|turn|7
|
|t:|1641859578
|move|p1a: Froslass|Shadow Ball|p2a: Harmony
|-crit|p2a: Harmony
|-damage|p2a: Harmony|0 fnt
|faint|p2a: Harmony
|
|-fieldend|Misty Terrain
|upkeep
|
|t:|1641859581
|switch|p2a: Hero's Blade|Kartana|100/100
|-damage|p2a: Hero's Blade|88/100|[from] Spikes
|turn|8
|
|t:|1641859585
|switch|p1a: Landorus|Landorus-Therian, M|100/100
|-ability|p1a: Landorus|Intimidate|boost
|-unboost|p2a: Hero's Blade|atk|1
|move|p2a: Hero's Blade|Knock Off|p1a: Landorus
|-damage|p1a: Landorus|82/100
|-enditem|p1a: Landorus|Leftovers|[from] move: Knock Off|[of] p2a: Hero's Blade
|
|upkeep
|turn|9
|
|t:|1641859591
|switch|p2a: Old Times Dragon|Dragonite, M|100/100
|move|p1a: Landorus|U-turn|p2a: Old Times Dragon
|-resisted|p2a: Old Times Dragon
|-crit|p2a: Old Times Dragon
|-damage|p2a: Old Times Dragon|93/100
|
|t:|1641859596
|switch|p1a: Froslass|Froslass, F|100/100|[from]move: U-turn
|
|upkeep
|turn|10
|
|t:|1641859602
|switch|p2a: Timekeeper|Landorus-Therian, M, shiny|100/100
|-ability|p2a: Timekeeper|Intimidate|boost
|-unboost|p1a: Froslass|atk|1
|move|p1a: Froslass|Ice Beam|p2a: Timekeeper
|-supereffective|p2a: Timekeeper
|-damage|p2a: Timekeeper|0 fnt
|faint|p2a: Timekeeper
|
|upkeep
|inactive|Levi41 has 120 seconds left.
|
|t:|1641859637
|switch|p2a: Hero's Blade|Kartana|88/100
|-damage|p2a: Hero's Blade|76/100|[from] Spikes
|turn|11
|
|t:|1641859645
|move|p2a: Hero's Blade|Smart Strike|p1a: Froslass
|-supereffective|p1a: Froslass
|-enditem|p1a: Froslass|Focus Sash
|-damage|p1a: Froslass|1/100
|move|p1a: Froslass|Ice Beam|p2a: Hero's Blade
|-damage|p2a: Hero's Blade|0 fnt
|faint|p2a: Hero's Blade
|
|upkeep
|
|t:|1641859649
|switch|p2a: Old Times Dragon|Dragonite, M|93/100
|turn|12
|
|t:|1641859652
|move|p1a: Froslass|Ice Beam|p2a: Old Times Dragon
|-supereffective|p2a: Old Times Dragon
|-damage|p2a: Old Times Dragon|0 fnt
|faint|p2a: Old Times Dragon
|
|upkeep
|
|t:|1641859654
|switch|p2a: Flow Control|Magnezone|100/100
|-damage|p2a: Flow Control|88/100|[from] Spikes
|turn|13
|
|t:|1641859659
|move|p1a: Froslass|Destiny Bond|p1a: Froslass
|-singlemove|p1a: Froslass|Destiny Bond
|move|p2a: Flow Control|Thunderbolt|p1a: Froslass
|-damage|p1a: Froslass|0 fnt
|-start|p2a: Flow Control|Disable|Thunderbolt|[from] ability: Cursed Body|[of] p1a: Froslass
|faint|p1a: Froslass
|-activate|p1a: Froslass|move: Destiny Bond
|faint|p2a: Flow Control
|
|upkeep
|-message|Levi41 forfeited.
|
|win|Ghidx
|raw|Ghidx's rating: 1488 &rarr; <strong>1503</strong><br />(+15 for winning)
|raw|Levi41's rating: 1393 &rarr; <strong>1378</strong><br />(-15 for losing)
|l|☆Levi41
