|j|☆DumbLick1337
|j|☆iuiuuiiuiuiiuhuiui
|t:|1641831432
|gametype|singles
|player|p1|DumbLick1337|102|1340
|player|p2|iuiuuiiuiuiiuhuiui|266|1351
|teamsize|p1|6
|teamsize|p2|6
|gen|8
|tier|[Gen 8] OU
|rated|
|rule|Sleep Clause Mod: Limit one foe put to sleep
|rule|Species Clause: Limit one of each Pokémon
|rule|OHKO Clause: OHKO moves are banned
|rule|Evasion Moves Clause: Evasion moves are banned
|rule|Endless Battle Clause: Forcing endless battles is banned
|rule|HP Percentage Mod: HP is shown in percentages
|rule|Dynamax Clause: You cannot dynamax
|clearpoke
|poke|p1|Rotom-Heat|
|poke|p1|Corviknight, M|
|poke|p1|Clefable, M|
|poke|p1|Seismitoad, M|
|poke|p1|Hydreigon, M|
|poke|p1|Gyarados, F|
|poke|p2|Corviknight, F|
|poke|p2|Ferrothorn, M|
|poke|p2|Toxapex, F|
|poke|p2|Obstagoon, M|
|poke|p2|Hydreigon, F|
|poke|p2|Corsola-Galar, M|
|teampreview
|c|☆DumbLick1337|hf
|inactive|Battle timer is ON: inactive players will automatically lose when time's up. (requested by DumbLick1337)
|
|t:|1641831457
|start
|switch|p1a: Clefable|Clefable, M|100/100
|switch|p2a: Hydreigon|Hydreigon, F|100/100
|turn|1
|
|t:|1641831464
|switch|p2a: Toxapex|Toxapex, F|100/100
|move|p1a: Clefable|Moonblast|p2a: Toxapex
|-resisted|p2a: Toxapex
|-damage|p2a: Toxapex|91/100
|-unboost|p2a: Toxapex|spa|1
|
|-heal|p2a: Toxapex|98/100|[from] item: Black Sludge
|upkeep
|turn|2
|
|t:|1641831473
|move|p1a: Clefable|Thunder Wave|p2a: Toxapex
|-status|p2a: Toxapex|par
|move|p2a: Toxapex|Scald|p1a: Clefable
|-damage|p1a: Clefable|92/100
|
|-heal|p1a: Clefable|98/100|[from] item: Leftovers
|-heal|p2a: Toxapex|100/100 par|[from] item: Black Sludge
|upkeep
|turn|3
|
|t:|1641831479
|move|p1a: Clefable|Moonblast|p2a: Toxapex
|-resisted|p2a: Toxapex
|-damage|p2a: Toxapex|91/100 par
|-unboost|p2a: Toxapex|spa|1
|move|p2a: Toxapex|Scald|p1a: Clefable
|-damage|p1a: Clefable|92/100
|
|-heal|p1a: Clefable|98/100|[from] item: Leftovers
|-heal|p2a: Toxapex|97/100 par|[from] item: Black Sludge
|upkeep
|turn|4
|
|t:|1641831488
|switch|p2a: Corviknight|Corviknight, F|100/100
|move|p1a: Clefable|Moonblast|p2a: Corviknight
|-resisted|p2a: Corviknight
|-damage|p2a: Corviknight|85/100
|-ability|p2a: Corviknight|Mirror Armor
|-unboost|p1a: Clefable|spa|1
|
|-heal|p1a: Clefable|100/100|[from] item: Leftovers
|upkeep
|turn|5
|
|t:|1641831491
|move|p2a: Corviknight|Taunt|p1a: Clefable
|-start|p1a: Clefable|move: Taunt
|move|p1a: Clefable|Moonblast|p2a: Corviknight
|-resisted|p2a: Corviknight
|-damage|p2a: Corviknight|75/100
|
|upkeep
|turn|6
|
|t:|1641831496
|move|p2a: Corviknight|Roost|p2a: Corviknight
|-heal|p2a: Corviknight|100/100
|-singleturn|p2a: Corviknight|move: Roost
|move|p1a: Clefable|Moonblast|p2a: Corviknight
|-resisted|p2a: Corviknight
|-damage|p2a: Corviknight|91/100
|
|upkeep
|turn|7
|
|t:|1641831501
|move|p2a: Corviknight|Roost|p2a: Corviknight
|-heal|p2a: Corviknight|100/100
|-singleturn|p2a: Corviknight|move: Roost
|move|p1a: Clefable|Moonblast|p2a: Corviknight
|-resisted|p2a: Corviknight
|-damage|p2a: Corviknight|90/100
|
|-end|p1a: Clefable|move: Taunt
|upkeep
|turn|8
|
|t:|1641831504
|move|p2a: Corviknight|Taunt|p1a: Clefable
|-start|p1a: Clefable|move: Taunt
|move|p1a: Clefable|Moonblast|p2a: Corviknight
|-resisted|p2a: Corviknight
|-damage|p2a: Corviknight|79/100
|
|upkeep
|turn|9
|
|t:|1641831508
|move|p2a: Corviknight|Roost|p2a: Corviknight
|-heal|p2a: Corviknight|100/100
|-singleturn|p2a: Corviknight|move: Roost
|move|p1a: Clefable|Moonblast|p2a: Corviknight
|-resisted|p2a: Corviknight
|-damage|p2a: Corviknight|89/100
|
|upkeep
|turn|10
|
|t:|1641831512
|move|p2a: Corviknight|Roost|p2a: Corviknight
|-heal|p2a: Corviknight|100/100
|-singleturn|p2a: Corviknight|move: Roost
|move|p1a: Clefable|Moonblast|p2a: Corviknight
|-resisted|p2a: Corviknight
|-damage|p2a: Corviknight|89/100
|-ability|p2a: Corviknight|Mirror Armor
|-unboost|p1a: Clefable|spa|1
|
|-end|p1a: Clefable|move: Taunt
|upkeep
|turn|11
|
|t:|1641831514
|move|p2a: Corviknight|Taunt|p1a: Clefable
|-start|p1a: Clefable|move: Taunt
|move|p1a: Clefable|Moonblast|p2a: Corviknight
|-resisted|p2a: Corviknight
|-damage|p2a: Corviknight|82/100
|-ability|p2a: Corviknight|Mirror Armor
|-unboost|p1a: Clefable|spa|1
|
|upkeep
|turn|12
|
|t:|1641831519
|switch|p1a: Seismitoad|Seismitoad, M|100/100
|move|p2a: Corviknight|Taunt|p1a: Seismitoad
|-start|p1a: Seismitoad|move: Taunt
|
|upkeep
|turn|13
|
|t:|1641831522
|move|p2a: Corviknight|U-turn|p1a: Seismitoad
|-damage|p1a: Seismitoad|90/100
|
|t:|1641831525
|switch|p2a: Ferrothorn|Ferrothorn, M|100/100|[from]move: U-turn
|move|p1a: Seismitoad|Earthquake|p2a: Ferrothorn
|-damage|p2a: Ferrothorn|79/100
|
|-heal|p1a: Seismitoad|96/100|[from] item: Leftovers
|-heal|p2a: Ferrothorn|85/100|[from] item: Leftovers
|upkeep
|turn|14
|
|t:|1641831528
|switch|p1a: Clefable|Clefable, M|100/100
|move|p2a: Ferrothorn|Leech Seed|p1a: Clefable|[miss]
|-miss|p2a: Ferrothorn|p1a: Clefable
|
|-heal|p2a: Ferrothorn|91/100|[from] item: Leftovers
|upkeep
|turn|15
|
|t:|1641831534
|move|p1a: Clefable|Thunder Wave|p2a: Ferrothorn
|-status|p2a: Ferrothorn|par
|cant|p2a: Ferrothorn|par
|
|-heal|p2a: Ferrothorn|97/100 par|[from] item: Leftovers
|upkeep
|turn|16
|
|t:|1641831537
|move|p1a: Clefable|Moonblast|p2a: Ferrothorn
|-resisted|p2a: Ferrothorn
|-damage|p2a: Ferrothorn|85/100 par
|move|p2a: Ferrothorn|Thunder Wave|p1a: Clefable
|-status|p1a: Clefable|par
|
|-heal|p2a: Ferrothorn|91/100 par|[from] item: Leftovers
|upkeep
|turn|17
|
|t:|1641831541
|switch|p1a: Seismitoad|Seismitoad, M|96/100
|move|p2a: Ferrothorn|Spikes|p1a: Seismitoad
|-sidestart|p1: DumbLick1337|Spikes
|
|-heal|p1a: Seismitoad|100/100|[from] item: Leftovers
|-heal|p2a: Ferrothorn|97/100 par|[from] item: Leftovers
|upkeep
|turn|18
|j| haywirehax
|
|t:|1641831549
|move|p1a: Seismitoad|Stealth Rock|p2a: Ferrothorn
|-sidestart|p2: iuiuuiiuiuiiuhuiui|move: Stealth Rock
|cant|p2a: Ferrothorn|par
|
|-heal|p2a: Ferrothorn|100/100 par|[from] item: Leftovers
|upkeep
|turn|19
|
|t:|1641831553
|move|p1a: Seismitoad|Earthquake|p2a: Ferrothorn
|-damage|p2a: Ferrothorn|81/100 par
|move|p2a: Ferrothorn|Power Whip|p1a: Seismitoad
|-supereffective|p1a: Seismitoad
|-damage|p1a: Seismitoad|0 fnt
|faint|p1a: Seismitoad
|
|-heal|p2a: Ferrothorn|87/100 par|[from] item: Leftovers
|upkeep
|
|t:|1641831553
|switch|p1a: Hydreigon|Hydreigon, M|100/100
|turn|20
|
|t:|1641831560
|move|p1a: Hydreigon|Fire Blast|p2a: Ferrothorn
|-supereffective|p2a: Ferrothorn
|-damage|p2a: Ferrothorn|0 fnt
|faint|p2a: Ferrothorn
|
|upkeep
|
|t:|1641831564
|switch|p2a: Hydreigon|Hydreigon, F|100/100
|-damage|p2a: Hydreigon|88/100|[from] Stealth Rock
|turn|21
|
|t:|1641831566
|switch|p1a: Clefable|Clefable, M|100/100 par
|move|p2a: Hydreigon|Substitute|p2a: Hydreigon
|-start|p2a: Hydreigon|Substitute
|-damage|p2a: Hydreigon|63/100
|
|-heal|p2a: Hydreigon|69/100|[from] item: Leftovers
|upkeep
|turn|22
|
|t:|1641831569
|move|p2a: Hydreigon|Nasty Plot|p2a: Hydreigon
|-boost|p2a: Hydreigon|spa|2
|move|p1a: Clefable|Moonblast|p2a: Hydreigon
|-supereffective|p2a: Hydreigon
|-end|p2a: Hydreigon|Substitute
|
|-heal|p2a: Hydreigon|76/100|[from] item: Leftovers
|upkeep
|turn|23
|
|t:|1641831575
|move|p2a: Hydreigon|Substitute|p2a: Hydreigon
|-start|p2a: Hydreigon|Substitute
|-damage|p2a: Hydreigon|51/100
|cant|p1a: Clefable|par
|
|-heal|p2a: Hydreigon|57/100|[from] item: Leftovers
|upkeep
|turn|24
|
|t:|1641831579
|move|p2a: Hydreigon|Nasty Plot|p2a: Hydreigon
|-boost|p2a: Hydreigon|spa|2
|cant|p1a: Clefable|par
|
|-heal|p2a: Hydreigon|63/100|[from] item: Leftovers
|upkeep
|turn|25
|
|t:|1641831583
|move|p2a: Hydreigon|Nasty Plot|p2a: Hydreigon
|-boost|p2a: Hydreigon|spa|2
|move|p1a: Clefable|Moonblast|p2a: Hydreigon
|-supereffective|p2a: Hydreigon
|-crit|p2a: Hydreigon
|-end|p2a: Hydreigon|Substitute
|
|-heal|p2a: Hydreigon|69/100|[from] item: Leftovers
|upkeep
|turn|26
|
|t:|1641831588
|move|p2a: Hydreigon|Substitute|p2a: Hydreigon
|-start|p2a: Hydreigon|Substitute
|-damage|p2a: Hydreigon|44/100
|move|p1a: Clefable|Moonblast|p2a: Hydreigon
|-supereffective|p2a: Hydreigon
|-end|p2a: Hydreigon|Substitute
|
|-heal|p2a: Hydreigon|50/100|[from] item: Leftovers
|upkeep
|turn|27
|
|t:|1641831593
|move|p2a: Hydreigon|Substitute|p2a: Hydreigon
|-start|p2a: Hydreigon|Substitute
|-damage|p2a: Hydreigon|25/100
|cant|p1a: Clefable|par
|
|-heal|p2a: Hydreigon|32/100|[from] item: Leftovers
|upkeep
|turn|28
|
|t:|1641831596
|move|p1a: Clefable|Protect|p1a: Clefable
|-singleturn|p1a: Clefable|Protect
|move|p2a: Hydreigon|Dark Pulse|p1a: Clefable
|-activate|p1a: Clefable|move: Protect
|
|-heal|p2a: Hydreigon|38/100|[from] item: Leftovers
|upkeep
|turn|29
|
|t:|1641831599
|move|p2a: Hydreigon|Dark Pulse|p1a: Clefable
|-resisted|p1a: Clefable
|-damage|p1a: Clefable|33/100 par
|cant|p1a: Clefable|par
|
|-heal|p2a: Hydreigon|44/100|[from] item: Leftovers
|-heal|p1a: Clefable|39/100 par|[from] item: Leftovers
|upkeep
|turn|30
|
|t:|1641831604
|move|p2a: Hydreigon|Dark Pulse|p1a: Clefable
|-resisted|p1a: Clefable
|-damage|p1a: Clefable|0 fnt
|faint|p1a: Clefable
|
|-heal|p2a: Hydreigon|50/100|[from] item: Leftovers
|upkeep
|
|t:|1641831604
|switch|p1a: Hydreigon|Hydreigon, M|100/100
|turn|31
|
|t:|1641831608
|move|p1a: Hydreigon|Draco Meteor|p2a: Hydreigon
|-supereffective|p2a: Hydreigon
|-end|p2a: Hydreigon|Substitute
|-unboost|p1a: Hydreigon|spa|2
|move|p2a: Hydreigon|Dark Pulse|p1a: Hydreigon
|-resisted|p1a: Hydreigon
|-damage|p1a: Hydreigon|16/100
|
|-heal|p2a: Hydreigon|56/100|[from] item: Leftovers
|upkeep
|turn|32
|
|t:|1641831612
|move|p1a: Hydreigon|Draco Meteor|p2a: Hydreigon
|-supereffective|p2a: Hydreigon
|-damage|p2a: Hydreigon|0 fnt
|-unboost|p1a: Hydreigon|spa|2
|faint|p2a: Hydreigon
|
|upkeep
|
|t:|1641831615
|switch|p2a: Obstagoon|Obstagoon, M|100/100
|turn|33
|
|t:|1641831617
|switch|p1a: Corviknight|Corviknight, M|100/100
|-ability|p1a: Corviknight|Pressure
|move|p2a: Obstagoon|Knock Off|p1a: Corviknight
|-damage|p1a: Corviknight|71/100
|-enditem|p1a: Corviknight|Leftovers|[from] move: Knock Off|[of] p2a: Obstagoon
|
|upkeep
|turn|34
|
|t:|1641831621
|move|p2a: Obstagoon|Thunder Punch|p1a: Corviknight
|-supereffective|p1a: Corviknight
|-damage|p1a: Corviknight|40/100
|move|p1a: Corviknight|Roost|p1a: Corviknight
|-heal|p1a: Corviknight|90/100
|-singleturn|p1a: Corviknight|move: Roost
|
|upkeep
|turn|35
|
|t:|1641831628
|move|p2a: Obstagoon|Thunder Punch|p1a: Corviknight
|-supereffective|p1a: Corviknight
|-damage|p1a: Corviknight|58/100
|move|p1a: Corviknight|Roost|p1a: Corviknight
|-heal|p1a: Corviknight|100/100
|-singleturn|p1a: Corviknight|move: Roost
|
|upkeep
|turn|36
|
|t:|1641831632
|move|p2a: Obstagoon|Thunder Punch|p1a: Corviknight
|-supereffective|p1a: Corviknight
|-damage|p1a: Corviknight|69/100
|move|p1a: Corviknight|Roost|p1a: Corviknight
|-heal|p1a: Corviknight|100/100
|-singleturn|p1a: Corviknight|move: Roost
|
|upkeep
|turn|37
|
|t:|1641831636
|move|p2a: Obstagoon|Thunder Punch|p1a: Corviknight
|-supereffective|p1a: Corviknight
|-damage|p1a: Corviknight|70/100
|move|p1a: Corviknight|Roost|p1a: Corviknight
|-heal|p1a: Corviknight|100/100
|-singleturn|p1a: Corviknight|move: Roost
|
|upkeep
|turn|38
|
|t:|1641831647
|move|p2a: Obstagoon|Thunder Punch|p1a: Corviknight
|-supereffective|p1a: Corviknight
|-damage|p1a: Corviknight|69/100
|move|p1a: Corviknight|Roost|p1a: Corviknight
|-heal|p1a: Corviknight|100/100
|-singleturn|p1a: Corviknight|move: Roost
|
|upkeep
|turn|39
|
|t:|1641831651
|move|p2a: Obstagoon|Thunder Punch|p1a: Corviknight
|-supereffective|p1a: Corviknight
|-damage|p1a: Corviknight|70/100
|move|p1a: Corviknight|Roost|p1a: Corviknight
|-heal|p1a: Corviknight|100/100
|-singleturn|p1a: Corviknight|move: Roost
|
|upkeep
|turn|40
|
|t:|1641831656
|move|p2a: Obstagoon|Thunder Punch|p1a: Corviknight
|-supereffective|p1a: Corviknight
|-damage|p1a: Corviknight|71/100
|move|p1a: Corviknight|Roost|p1a: Corviknight
|-heal|p1a: Corviknight|100/100
|-singleturn|p1a: Corviknight|move: Roost
|
|upkeep
|turn|41
|
|t:|1641831661
|move|p2a: Obstagoon|Thunder Punch|p1a: Corviknight
|-supereffective|p1a: Corviknight
|-damage|p1a: Corviknight|72/100
|move|p1a: Corviknight|Roost|p1a: Corviknight
|-heal|p1a: Corviknight|100/100
|-singleturn|p1a: Corviknight|move: Roost
|
|upkeep
|turn|42
|
|t:|1641831667
|move|p2a: Obstagoon|Knock Off|p1a: Corviknight
|-damage|p1a: Corviknight|82/100
|move|p1a: Corviknight|Roost|p1a: Corviknight
|-heal|p1a: Corviknight|100/100
|-singleturn|p1a: Corviknight|move: Roost
|
|upkeep
|turn|43
|
|t:|1641831670
|move|p2a: Obstagoon|Knock Off|p1a: Corviknight
|-damage|p1a: Corviknight|79/100
|move|p1a: Corviknight|Roost|p1a: Corviknight
|-heal|p1a: Corviknight|100/100
|-singleturn|p1a: Corviknight|move: Roost
|
|upkeep
|turn|44
|
|t:|1641831673
|move|p2a: Obstagoon|Knock Off|p1a: Corviknight
|-damage|p1a: Corviknight|79/100
|move|p1a: Corviknight|Roost|p1a: Corviknight
|-heal|p1a: Corviknight|100/100
|-singleturn|p1a: Corviknight|move: Roost
|
|upkeep
|turn|45
|
|t:|1641831675
|move|p2a: Obstagoon|Knock Off|p1a: Corviknight
|-damage|p1a: Corviknight|81/100
|move|p1a: Corviknight|Roost|p1a: Corviknight
|-heal|p1a: Corviknight|100/100
|-singleturn|p1a: Corviknight|move: Roost
|
|upkeep
|turn|46
|
|t:|1641831683
|move|p2a: Obstagoon|Knock Off|p1a: Corviknight
|-damage|p1a: Corviknight|82/100
|move|p1a: Corviknight|Roost|p1a: Corviknight
|-heal|p1a: Corviknight|100/100
|-singleturn|p1a: Corviknight|move: Roost
|
|upkeep
|turn|47
|
|t:|1641831686
|move|p2a: Obstagoon|Knock Off|p1a: Corviknight
|-damage|p1a: Corviknight|82/100
|move|p1a: Corviknight|Roost|p1a: Corviknight
|-heal|p1a: Corviknight|100/100
|-singleturn|p1a: Corviknight|move: Roost
|
|upkeep
|turn|48
|
|t:|1641831702
|move|p2a: Obstagoon|Knock Off|p1a: Corviknight
|-damage|p1a: Corviknight|80/100
|move|p1a: Corviknight|Roost|p1a: Corviknight
|-heal|p1a: Corviknight|100/100
|-singleturn|p1a: Corviknight|move: Roost
|
|upkeep
|turn|49
|
|t:|1641831705
|move|p2a: Obstagoon|Knock Off|p1a: Corviknight
|-damage|p1a: Corviknight|82/100
|move|p1a: Corviknight|Roost|p1a: Corviknight
|-heal|p1a: Corviknight|100/100
|-singleturn|p1a: Corviknight|move: Roost
|
|upkeep
|turn|50
|
|t:|1641831709
|move|p2a: Obstagoon|Knock Off|p1a: Corviknight
|-damage|p1a: Corviknight|81/100
|move|p1a: Corviknight|U-turn|p2a: Obstagoon
|-supereffective|p2a: Obstagoon
|-damage|p2a: Obstagoon|76/100
|
|t:|1641831709
|switch|p1a: Hydreigon|Hydreigon, M|16/100|[from]move: U-turn
|
|upkeep
|turn|51
|
|t:|1641831713
|move|p1a: Hydreigon|Draco Meteor|p2a: Obstagoon
|-damage|p2a: Obstagoon|6/100
|-unboost|p1a: Hydreigon|spa|2
|move|p2a: Obstagoon|Knock Off|p1a: Hydreigon
|-resisted|p1a: Hydreigon
|-damage|p1a: Hydreigon|0 fnt
|-enditem|p1a: Hydreigon|Choice Scarf|[from] move: Knock Off|[of] p2a: Obstagoon
|faint|p1a: Hydreigon
|
|upkeep
|
|t:|1641831714
|switch|p1a: rotomheat|Rotom-Heat|100/100
|turn|52
|
|t:|1641831718
|move|p1a: rotomheat|Volt Switch|p2a: Obstagoon
|-damage|p2a: Obstagoon|0 fnt
|faint|p2a: Obstagoon
|
|t:|1641831718
|switch|p1a: Corviknight|Corviknight, M|81/100|[from]move: Volt Switch
|-ability|p1a: Corviknight|Pressure
|
|upkeep
|
|t:|1641831722
|switch|p2a: Corviknight|Corviknight, F|82/100
|-damage|p2a: Corviknight|69/100|[from] Stealth Rock
|turn|53
|
|t:|1641831725
|switch|p1a: rotomheat|Rotom-Heat|100/100
|move|p2a: Corviknight|Taunt|p1a: rotomheat
|-start|p1a: rotomheat|move: Taunt
|
|upkeep
|turn|54
|
|t:|1641831728
|switch|p2a: Corsola|Corsola-Galar, M|100/100
|-damage|p2a: Corsola|88/100|[from] Stealth Rock
|move|p1a: rotomheat|Thunderbolt|p2a: Corsola
|-damage|p2a: Corsola|68/100
|
|upkeep
|turn|55
|
|t:|1641831730
|move|p1a: rotomheat|Thunderbolt|p2a: Corsola
|-damage|p2a: Corsola|46/100
|-start|p1a: rotomheat|Disable|Thunderbolt|[from] ability: Cursed Body|[of] p2a: Corsola
|move|p2a: Corsola|Strength Sap|p1a: rotomheat
|-unboost|p1a: rotomheat|atk|1
|-heal|p2a: Corsola|92/100
|
|-end|p1a: rotomheat|move: Taunt
|upkeep
|turn|56
|
|t:|1641831733
|move|p1a: rotomheat|Nasty Plot|p1a: rotomheat
|-boost|p1a: rotomheat|spa|2
|move|p2a: Corsola|Stealth Rock|p1a: rotomheat
|-sidestart|p1: DumbLick1337|move: Stealth Rock
|
|upkeep
|turn|57
|
|t:|1641831738
|move|p1a: rotomheat|Nasty Plot|p1a: rotomheat
|-boost|p1a: rotomheat|spa|2
|move|p2a: Corsola|Night Shade|p1a: rotomheat
|-damage|p1a: rotomheat|59/100
|
|upkeep
|turn|58
|
|t:|1641831743
|move|p1a: rotomheat|Nasty Plot|p1a: rotomheat
|-boost|p1a: rotomheat|spa|2
|move|p2a: Corsola|Night Shade|p1a: rotomheat
|-damage|p1a: rotomheat|18/100
|
|-end|p1a: rotomheat|Disable
|upkeep
|turn|59
|
|t:|1641831746
|move|p1a: rotomheat|Overheat|p2a: Corsola
|-damage|p2a: Corsola|0 fnt
|-unboost|p1a: rotomheat|spa|2
|-start|p1a: rotomheat|Disable|Overheat|[from] ability: Cursed Body|[of] p2a: Corsola
|faint|p2a: Corsola
|
|upkeep
|
|t:|1641831750
|switch|p2a: Toxapex|Toxapex, F|100/100 par
|-damage|p2a: Toxapex|88/100 par|[from] Stealth Rock
|turn|60
|
|t:|1641831753
|move|p1a: rotomheat|Thunderbolt|p2a: Toxapex
|-supereffective|p2a: Toxapex
|-damage|p2a: Toxapex|0 fnt
|faint|p2a: Toxapex
|
|upkeep
|
|t:|1641831755
|switch|p2a: Corviknight|Corviknight, F|69/100
|-damage|p2a: Corviknight|57/100|[from] Stealth Rock
|turn|61
|
|t:|1641831758
|move|p1a: rotomheat|Thunderbolt|p2a: Corviknight
|-supereffective|p2a: Corviknight
|-damage|p2a: Corviknight|0 fnt
|faint|p2a: Corviknight
|
|win|DumbLick1337
|raw|DumbLick1337's rating: 1340 &rarr; <strong>1361</strong><br />(+21 for winning)
|raw|iuiuuiiuiuiiuhuiui's rating: 1351 &rarr; <strong>1330</strong><br />(-21 for losing)
|c|☆DumbLick1337|gg
