|j|☆techhasnoblade
|j|☆Ineedtosellthetv
|t:|1641865062
|gametype|singles
|player|p1|techhasnoblade|1|1109
|player|p2|Ineedtosellthetv|scientist-gen4|1107
|teamsize|p1|6
|teamsize|p2|6
|gen|8
|tier|[Gen 8] OU
|rated|
|rule|Sleep Clause Mod: Limit one foe put to sleep
|rule|Species Clause: Limit one of each Pokémon
|rule|OHKO Clause: OHKO moves are banned
|rule|Evasion Moves Clause: Evasion moves are banned
|rule|Endless Battle Clause: Forcing endless battles is banned
|rule|HP Percentage Mod: HP is shown in percentages
|rule|Dynamax Clause: You cannot dynamax
|clearpoke
|poke|p1|Zarude|
|poke|p1|Mew|
|poke|p1|Zeraora|
|poke|p1|Dragapult, F|
|poke|p1|Bisharp, M|
|poke|p1|Azumarill, F|
|poke|p2|Gastrodon, M|
|poke|p2|Chandelure, M|
|poke|p2|Scrafty, F|
|poke|p2|Crobat, F|
|poke|p2|Kingdra, F|
|poke|p2|Garchomp, F|
|teampreview
|
|t:|1641865071
|start
|switch|p1a: Mew|Mew|100/100
|switch|p2a: Garchomp|Garchomp, F, shiny|100/100
|turn|1
|
|t:|1641865077
|move|p2a: Garchomp|Stealth Rock|p1a: Mew
|-sidestart|p1: techhasnoblade|move: Stealth Rock
|move|p1a: Mew|Stealth Rock|p2a: Garchomp
|-sidestart|p2: Ineedtosellthetv|move: Stealth Rock
|
|upkeep
|turn|2
|
|t:|1641865082
|move|p2a: Garchomp|Scale Shot|p1a: Mew|[miss]
|-miss|p2a: Garchomp|p1a: Mew
|move|p1a: Mew|Play Rough|p2a: Garchomp
|-supereffective|p2a: Garchomp
|-damage|p2a: Garchomp|31/100
|-damage|p1a: Mew|88/100|[from] ability: Rough Skin|[of] p2a: Garchomp
|-damage|p1a: Mew|78/100|[from] item: Life Orb
|
|upkeep
|turn|3
|
|t:|1641865094
|switch|p2a: Scrafty|Scrafty, F, shiny|100/100
|-damage|p2a: Scrafty|95/100|[from] Stealth Rock
|move|p1a: Mew|Play Rough|p2a: Scrafty
|-supereffective|p2a: Scrafty
|-damage|p2a: Scrafty|0 fnt
|faint|p2a: Scrafty
|-damage|p1a: Mew|68/100|[from] item: Life Orb
|
|upkeep
|
|t:|1641865101
|switch|p2a: Gastrodon|Gastrodon, M, shiny|100/100
|turn|4
|
|t:|1641865106
|move|p1a: Mew|Play Rough|p2a: Gastrodon
|-damage|p2a: Gastrodon|73/100
|-damage|p1a: Mew|58/100|[from] item: Life Orb
|move|p2a: Gastrodon|Toxic|p1a: Mew
|-status|p1a: Mew|tox
|-activate|p1a: Mew|ability: Synchronize
|-status|p2a: Gastrodon|tox
|
|-damage|p1a: Mew|52/100 tox|[from] psn
|-damage|p2a: Gastrodon|67/100 tox|[from] psn
|upkeep
|turn|5
|
|t:|1641865121
|move|p1a: Mew|Play Rough|p2a: Gastrodon
|-damage|p2a: Gastrodon|41/100 tox
|-damage|p1a: Mew|42/100 tox|[from] item: Life Orb
|move|p2a: Gastrodon|Ice Beam|p1a: Mew
|-damage|p1a: Mew|22/100 tox
|
|-damage|p1a: Mew|10/100 tox|[from] psn
|-damage|p2a: Gastrodon|29/100 tox|[from] psn
|upkeep
|turn|6
|
|t:|1641865130
|move|p1a: Mew|Flare Blitz|p2a: Gastrodon
|-resisted|p2a: Gastrodon
|-damage|p2a: Gastrodon|14/100 tox
|-damage|p1a: Mew|3/100 tox|[from] Recoil
|-damage|p1a: Mew|0 fnt|[from] item: Life Orb
|faint|p1a: Mew
|move|p2a: Gastrodon|Recover|p2a: Gastrodon
|-heal|p2a: Gastrodon|64/100 tox
|
|-damage|p2a: Gastrodon|45/100 tox|[from] psn
|upkeep
|
|t:|1641865140
|switch|p1a: Zarude|Zarude|100/100
|-damage|p1a: Zarude|88/100|[from] Stealth Rock
|turn|7
|
|t:|1641865149
|switch|p2a: Crobat|Crobat, F, shiny|100/100
|move|p1a: Zarude|Bulk Up|p1a: Zarude
|-boost|p1a: Zarude|atk|1
|-boost|p1a: Zarude|def|1
|
|upkeep
|turn|8
|
|t:|1641865156
|move|p2a: Crobat|Roost||[still]
|-fail|p2a: Crobat|heal
|move|p1a: Zarude|Darkest Lariat|p2a: Crobat
|-damage|p2a: Crobat|0 fnt
|faint|p2a: Crobat
|-damage|p1a: Zarude|78/100|[from] item: Life Orb
|
|upkeep
|
|t:|1641865160
|switch|p2a: Kingdra|Kingdra, F, shiny|100/100
|-damage|p2a: Kingdra|88/100|[from] Stealth Rock
|turn|9
|
|t:|1641865175
|move|p1a: Zarude|Power Whip|p2a: Kingdra
|-damage|p2a: Kingdra|0 fnt
|faint|p2a: Kingdra
|-damage|p1a: Zarude|68/100|[from] item: Life Orb
|
|upkeep
|
|t:|1641865178
|switch|p2a: Chandelure|Chandelure, M, shiny|100/100
|turn|10
|
|t:|1641865183
|move|p1a: Zarude|Darkest Lariat|p2a: Chandelure
|-supereffective|p2a: Chandelure
|-damage|p2a: Chandelure|0 fnt
|faint|p2a: Chandelure
|-damage|p1a: Zarude|58/100|[from] item: Life Orb
|
|upkeep
|
|t:|1641865185
|switch|p2a: Garchomp|Garchomp, F, shiny|31/100
|-damage|p2a: Garchomp|25/100|[from] Stealth Rock
|turn|11
|
|t:|1641865191
|move|p2a: Garchomp|Earthquake|p1a: Zarude
|-resisted|p1a: Zarude
|-damage|p1a: Zarude|43/100
|move|p1a: Zarude|Darkest Lariat|p2a: Garchomp
|-damage|p2a: Garchomp|0 fnt
|-damage|p1a: Zarude|31/100|[from] ability: Rough Skin|[of] p2a: Garchomp
|faint|p2a: Garchomp
|-damage|p1a: Zarude|21/100|[from] item: Life Orb
|
|upkeep
|
|t:|1641865194
|switch|p2a: Gastrodon|Gastrodon, M, shiny|45/100 tox
|turn|12
|c|☆techhasnoblade|no drag claw?
|
|t:|1641865203
|move|p1a: Zarude|Power Whip|p2a: Gastrodon
|-supereffective|p2a: Gastrodon
|-damage|p2a: Gastrodon|0 fnt
|faint|p2a: Gastrodon
|-damage|p1a: Zarude|11/100|[from] item: Life Orb
|
|win|techhasnoblade
|raw|techhasnoblade's rating: 1109 &rarr; <strong>1134</strong><br />(+25 for winning)
|raw|Ineedtosellthetv's rating: 1107 &rarr; <strong>1082</strong><br />(-25 for losing)
|l|☆Ineedtosellthetv
|c|☆techhasnoblade|gg
