|j|☆Alejandro810
|j|☆Patito02
|t:|1641779084
|gametype|singles
|player|p1|Alejandro810|170|
|player|p2|Patito02|bugcatcher-gen4dp|
|teamsize|p1|6
|teamsize|p2|6
|gen|8
|tier|[Gen 8] OU
|rule|Sleep Clause Mod: Limit one foe put to sleep
|rule|Species Clause: Limit one of each Pokémon
|rule|OHKO Clause: OHKO moves are banned
|rule|Evasion Moves Clause: Evasion moves are banned
|rule|Endless Battle Clause: Forcing endless battles is banned
|rule|HP Percentage Mod: HP is shown in percentages
|rule|Dynamax Clause: You cannot dynamax
|clearpoke
|poke|p1|Slowbro, M|
|poke|p1|Buzzwole|
|poke|p1|Chansey, F|
|poke|p1|Tapu Fini|
|poke|p1|Hawlucha, M|
|poke|p1|Rotom-Wash|
|poke|p2|Tapu Koko|
|poke|p2|Corviknight, M|
|poke|p2|Garchomp, F|
|poke|p2|Hawlucha, F|
|poke|p2|Blissey, F|
|poke|p2|Keldeo|
|teampreview
|
|t:|1641779114
|start
|switch|p1a: Escrotom|Rotom-Wash|100/100
|switch|p2a: Tapu Koko|Tapu Koko|100/100
|-fieldstart|move: Electric Terrain|[from] ability: Electric Surge|[of] p2a: Tapu Koko
|turn|1
|
|t:|1641779125
|move|p1a: Escrotom|Volt Switch|p2a: Tapu Koko
|-resisted|p2a: Tapu Koko
|-crit|p2a: Tapu Koko
|-damage|p2a: Tapu Koko|61/100
|
|t:|1641779130
|switch|p1a: Lawe Bona|Chansey, F|100/100|[from]move: Volt Switch
|move|p2a: Tapu Koko|Volt Switch|p1a: Lawe Bona
|-damage|p1a: Lawe Bona|82/100
|
|t:|1641779139
|switch|p2a: Garchomp|Garchomp, F|100/100|[from]move: Volt Switch
|
|upkeep
|turn|2
|
|t:|1641779151
|switch|p1a: El Bicho|Buzzwole, shiny|100/100
|move|p2a: Garchomp|Swords Dance|p2a: Garchomp
|-boost|p2a: Garchomp|atk|2
|
|upkeep
|turn|3
|
|t:|1641779171
|move|p2a: Garchomp|Stone Edge|p1a: El Bicho
|-damage|p1a: El Bicho|64/100
|move|p1a: El Bicho|Ice Punch|p2a: Garchomp
|-supereffective|p2a: Garchomp
|-damage|p2a: Garchomp|1/100
|-damage|p1a: El Bicho|51/100|[from] ability: Rough Skin|[of] p2a: Garchomp
|
|-heal|p2a: Garchomp|7/100|[from] item: Leftovers
|upkeep
|turn|4
|
|t:|1641779183
|move|p2a: Garchomp|Scale Shot|p1a: El Bicho
|-damage|p1a: El Bicho|39/100
|-damage|p1a: El Bicho|25/100
|-hitcount|p1a: El Bicho|2
|-unboost|p2a: Garchomp|def|1
|-boost|p2a: Garchomp|spe|1
|move|p1a: El Bicho|Ice Punch|p2a: Garchomp
|-supereffective|p2a: Garchomp
|-damage|p2a: Garchomp|0 fnt
|-damage|p1a: El Bicho|13/100|[from] ability: Rough Skin|[of] p2a: Garchomp
|faint|p2a: Garchomp
|-ability|p1a: El Bicho|Beast Boost|boost
|-boost|p1a: El Bicho|def|1
|
|upkeep
|
|t:|1641779191
|switch|p2a: Tapu Koko|Tapu Koko|61/100
|turn|5
|
|t:|1641779205
|switch|p1a: Lawe Bona|Chansey, F|82/100
|move|p2a: Tapu Koko|Volt Switch|p1a: Lawe Bona
|-damage|p1a: Lawe Bona|64/100
|
|t:|1641779227
|switch|p2a: Corviknight|Corviknight, M|100/100|[from]move: Volt Switch
|
|-fieldend|move: Electric Terrain
|upkeep
|turn|6
|
|t:|1641779244
|move|p2a: Corviknight|U-turn|p1a: Lawe Bona
|-damage|p1a: Lawe Bona|55/100
|
|t:|1641779248
|switch|p2a: Keldeo|Keldeo|100/100|[from]move: U-turn
|move|p1a: Lawe Bona|Wish|p1a: Lawe Bona
|
|upkeep
|turn|7
|
|t:|1641779262
|switch|p1a: El Bicho|Buzzwole, shiny|13/100
|move|p2a: Keldeo|Calm Mind|p2a: Keldeo
|-boost|p2a: Keldeo|spa|1
|-boost|p2a: Keldeo|spd|1
|
|-heal|p1a: El Bicho|97/100|[from] move: Wish|[wisher] Lawe Bona
|upkeep
|turn|8
|
|t:|1641779277
|switch|p1a: Fina Filipina|Tapu Fini, shiny|100/100
|-fieldstart|move: Misty Terrain|[from] ability: Misty Surge|[of] p1a: Fina Filipina
|move|p2a: Keldeo|Air Slash|p1a: Fina Filipina
|-damage|p1a: Fina Filipina|61/100
|
|-heal|p1a: Fina Filipina|67/100|[from] item: Leftovers
|upkeep
|turn|9
|
|t:|1641779315
|switch|p2a: Blissey|Blissey, F|100/100
|move|p1a: Fina Filipina|Moonblast|p2a: Blissey
|-damage|p2a: Blissey|90/100
|
|-heal|p1a: Fina Filipina|73/100|[from] item: Leftovers
|-heal|p2a: Blissey|96/100|[from] item: Leftovers
|upkeep
|turn|10
|
|t:|1641779332
|switch|p1a: Escrotom|Rotom-Wash|100/100
|move|p2a: Blissey|Thunder Wave|p1a: Escrotom
|-immune|p1a: Escrotom
|
|-heal|p2a: Blissey|100/100|[from] item: Leftovers
|upkeep
|turn|11
|
|t:|1641779342
|move|p1a: Escrotom|Volt Switch|p2a: Blissey
|-damage|p2a: Blissey|91/100
|
|t:|1641779351
|switch|p1a: El Bicho|Buzzwole, shiny|97/100|[from]move: Volt Switch
|move|p2a: Blissey|Seismic Toss|p1a: El Bicho
|-damage|p1a: El Bicho|73/100
|-damage|p2a: Blissey|74/100|[from] item: Rocky Helmet|[of] p1a: El Bicho
|
|-heal|p2a: Blissey|80/100|[from] item: Leftovers
|upkeep
|turn|12
|
|t:|1641779364
|switch|p2a: Corviknight|Corviknight, M|100/100
|move|p1a: El Bicho|Drain Punch|p2a: Corviknight
|-damage|p2a: Corviknight|81/100
|-heal|p1a: El Bicho|82/100|[from] drain|[of] p2a: Corviknight
|-damage|p1a: El Bicho|65/100|[from] item: Rocky Helmet|[of] p2a: Corviknight
|
|-fieldend|Misty Terrain
|upkeep
|turn|13
|
|t:|1641779377
|move|p1a: El Bicho|Roost|p1a: El Bicho
|-heal|p1a: El Bicho|100/100
|-singleturn|p1a: El Bicho|move: Roost
|move|p2a: Corviknight|Brave Bird|p1a: El Bicho
|-supereffective|p1a: El Bicho
|-damage|p1a: El Bicho|28/100
|-damage|p2a: Corviknight|65/100|[from] item: Rocky Helmet|[of] p1a: El Bicho
|-damage|p2a: Corviknight|40/100|[from] Recoil
|
|upkeep
|turn|14
|
|t:|1641779393
|switch|p1a: SlowbroGOD|Slowbro, M|100/100
|move|p2a: Corviknight|Roost|p2a: Corviknight
|-heal|p2a: Corviknight|90/100
|-singleturn|p2a: Corviknight|move: Roost
|
|upkeep
|turn|15
|
|t:|1641779401
|switch|p2a: Tapu Koko|Tapu Koko|61/100
|-fieldstart|move: Electric Terrain|[from] ability: Electric Surge|[of] p2a: Tapu Koko
|move|p1a: SlowbroGOD|Future Sight|p2a: Tapu Koko
|-start|p1a: SlowbroGOD|move: Future Sight
|
|upkeep
|turn|16
|
|t:|1641779413
|switch|p1a: Lawe Bona|Chansey, F|55/100
|move|p2a: Tapu Koko|Volt Switch|p1a: Lawe Bona
|-damage|p1a: Lawe Bona|37/100
|
|t:|1641779421
|switch|p2a: Hawlucha|Hawlucha, F|100/100|[from]move: Volt Switch
|-enditem|p2a: Hawlucha|Electric Seed
|-boost|p2a: Hawlucha|def|1|[from] item: Electric Seed
|
|upkeep
|turn|17
|
|t:|1641779442
|switch|p1a: El Bicho|Buzzwole, shiny|28/100
|move|p2a: Hawlucha|Swords Dance|p2a: Hawlucha
|-boost|p2a: Hawlucha|atk|2
|
|-end|p2a: Hawlucha|move: Future Sight
|-supereffective|p2a: Hawlucha
|-damage|p2a: Hawlucha|0 fnt
|faint|p2a: Hawlucha
|upkeep
|
|t:|1641779453
|switch|p2a: Keldeo|Keldeo|100/100
|turn|18
|
|t:|1641779464
|move|p2a: Keldeo|Air Slash|p1a: El Bicho
|-supereffective|p1a: El Bicho
|-damage|p1a: El Bicho|0 fnt
|faint|p1a: El Bicho
|
|upkeep
|
|t:|1641779473
|switch|p1a: Escrotom|Rotom-Wash|100/100
|turn|19
|
|t:|1641779485
|switch|p2a: Blissey|Blissey, F|80/100
|move|p1a: Escrotom|Trick|p2a: Blissey
|-activate|p1a: Escrotom|move: Trick|[of] p2a: Blissey
|-item|p2a: Blissey|Choice Scarf|[from] move: Trick
|-item|p1a: Escrotom|Leftovers|[from] move: Trick
|
|-fieldend|move: Electric Terrain
|upkeep
|turn|20
|
|t:|1641779496
|move|p1a: Escrotom|Volt Switch|p2a: Blissey
|-damage|p2a: Blissey|72/100
|
|t:|1641779503
|switch|p1a: Lawe Bona|Chansey, F|37/100|[from]move: Volt Switch
|move|p2a: Blissey|Teleport|p2a: Blissey
|
|t:|1641779508
|switch|p2a: Corviknight|Corviknight, M|90/100|[from]move: Teleport
|
|upkeep
|turn|21
|
|t:|1641779518
|switch|p1a: Escrotom|Rotom-Wash|100/100
|move|p2a: Corviknight|Brave Bird|p1a: Escrotom
|-resisted|p1a: Escrotom
|-damage|p1a: Escrotom|78/100
|-damage|p2a: Corviknight|85/100|[from] Recoil
|
|-heal|p1a: Escrotom|84/100|[from] item: Leftovers
|upkeep
|turn|22
|
|t:|1641779534
|switch|p2a: Blissey|Blissey, F|72/100
|move|p1a: Escrotom|Hydro Pump|p2a: Blissey|[miss]
|-miss|p1a: Escrotom|p2a: Blissey
|
|-heal|p1a: Escrotom|91/100|[from] item: Leftovers
|upkeep
|turn|23
|
|t:|1641779546
|move|p1a: Escrotom|Volt Switch|p2a: Blissey
|-damage|p2a: Blissey|63/100
|
|t:|1641779553
|switch|p1a: SlowbroGOD|Slowbro, M|100/100|[from]move: Volt Switch
|move|p2a: Blissey|Soft-Boiled|p2a: Blissey
|-heal|p2a: Blissey|100/100
|
|upkeep
|turn|24
|
|t:|1641779565
|switch|p2a: Tapu Koko|Tapu Koko|61/100
|-fieldstart|move: Electric Terrain|[from] ability: Electric Surge|[of] p2a: Tapu Koko
|move|p1a: SlowbroGOD|Future Sight|p2a: Tapu Koko
|-start|p1a: SlowbroGOD|move: Future Sight
|
|upkeep
|turn|25
|
|t:|1641779585
|switch|p1a: Escrotom|Rotom-Wash|91/100
|move|p2a: Tapu Koko|Volt Switch|p1a: Escrotom
|-damage|p1a: Escrotom|21/100
|
|t:|1641779598
|switch|p2a: Blissey|Blissey, F|100/100|[from]move: Volt Switch
|
|-heal|p1a: Escrotom|27/100|[from] item: Leftovers
|upkeep
|turn|26
|
|t:|1641779605
|move|p1a: Escrotom|Volt Switch|p2a: Blissey
|-damage|p2a: Blissey|92/100
|
|t:|1641779610
|switch|p1a: Fina Filipina|Tapu Fini, shiny|73/100|[from]move: Volt Switch
|-fieldstart|move: Misty Terrain|[from] ability: Misty Surge|[of] p1a: Fina Filipina
|move|p2a: Blissey|Seismic Toss|p1a: Fina Filipina
|-damage|p1a: Fina Filipina|39/100
|
|-end|p2a: Blissey|move: Future Sight
|-damage|p2a: Blissey|80/100
|-heal|p1a: Fina Filipina|45/100|[from] item: Leftovers
|upkeep
|turn|27
|
|t:|1641779636
|move|p1a: Fina Filipina|Surf|p2a: Blissey
|-damage|p2a: Blissey|69/100
|move|p2a: Blissey|Seismic Toss|p1a: Fina Filipina
|-damage|p1a: Fina Filipina|11/100
|
|-heal|p1a: Fina Filipina|17/100|[from] item: Leftovers
|upkeep
|turn|28
|
|t:|1641779645
|switch|p1a: SlowbroGOD|Slowbro, M|100/100
|switch|p2a: Tapu Koko|Tapu Koko|61/100
|-fieldstart|move: Electric Terrain|[from] ability: Electric Surge|[of] p2a: Tapu Koko
|
|upkeep
|turn|29
|
|t:|1641779670
|switch|p1a: Fina Filipina|Tapu Fini, shiny|17/100
|-fieldstart|move: Misty Terrain|[from] ability: Misty Surge|[of] p1a: Fina Filipina
|move|p2a: Tapu Koko|Thunderbolt|p1a: Fina Filipina
|-supereffective|p1a: Fina Filipina
|-damage|p1a: Fina Filipina|0 fnt
|faint|p1a: Fina Filipina
|
|upkeep
|
|t:|1641779682
|switch|p1a: Lawe Bona|Chansey, F|37/100
|turn|30
|
|t:|1641779691
|move|p2a: Tapu Koko|Thunderbolt|p1a: Lawe Bona
|-damage|p1a: Lawe Bona|19/100
|move|p1a: Lawe Bona|Wish|p1a: Lawe Bona
|
|upkeep
|turn|31
|
|t:|1641779704
|move|p2a: Tapu Koko|Thunderbolt|p1a: Lawe Bona
|-damage|p1a: Lawe Bona|2/100
|move|p1a: Lawe Bona|Stealth Rock|p2a: Tapu Koko
|-sidestart|p2: Patito02|move: Stealth Rock
|
|-heal|p1a: Lawe Bona|52/100|[from] move: Wish|[wisher] Lawe Bona
|upkeep
|turn|32
|
|t:|1641779714
|switch|p2a: Corviknight|Corviknight, M|85/100
|-damage|p2a: Corviknight|73/100|[from] Stealth Rock
|move|p1a: Lawe Bona|Seismic Toss|p2a: Corviknight
|-damage|p2a: Corviknight|48/100
|-damage|p1a: Lawe Bona|35/100|[from] item: Rocky Helmet|[of] p2a: Corviknight
|
|upkeep
|turn|33
|
|t:|1641779756
|switch|p1a: Escrotom|Rotom-Wash|27/100
|move|p2a: Corviknight|Brave Bird|p1a: Escrotom
|-resisted|p1a: Escrotom
|-damage|p1a: Escrotom|5/100
|-damage|p2a: Corviknight|43/100|[from] Recoil
|
|-heal|p1a: Escrotom|11/100|[from] item: Leftovers
|-fieldend|Misty Terrain
|upkeep
|turn|34
|
|t:|1641779768
|switch|p2a: Blissey|Blissey, F|69/100
|-damage|p2a: Blissey|57/100|[from] Stealth Rock
|move|p1a: Escrotom|Volt Switch|p2a: Blissey
|-damage|p2a: Blissey|48/100
|
|t:|1641779777
|switch|p1a: Lawe Bona|Chansey, F|35/100|[from]move: Volt Switch
|
|upkeep
|turn|35
|
|t:|1641779785
|move|p2a: Blissey|Soft-Boiled|p2a: Blissey
|-heal|p2a: Blissey|98/100
|move|p1a: Lawe Bona|Wish|p1a: Lawe Bona
|
|upkeep
|turn|36
|
|t:|1641779799
|switch|p2a: Corviknight|Corviknight, M|43/100
|-damage|p2a: Corviknight|31/100|[from] Stealth Rock
|move|p1a: Lawe Bona|Seismic Toss|p2a: Corviknight
|-damage|p2a: Corviknight|6/100
|-damage|p1a: Lawe Bona|19/100|[from] item: Rocky Helmet|[of] p2a: Corviknight
|
|-heal|p1a: Lawe Bona|69/100|[from] move: Wish|[wisher] Lawe Bona
|upkeep
|turn|37
|
|t:|1641779813
|switch|p1a: SlowbroGOD|Slowbro, M|100/100
|move|p2a: Corviknight|Roost|p2a: Corviknight
|-heal|p2a: Corviknight|56/100
|-singleturn|p2a: Corviknight|move: Roost
|
|upkeep
|turn|38
|
|t:|1641779822
|move|p2a: Corviknight|Roost|p2a: Corviknight
|-heal|p2a: Corviknight|100/100
|-singleturn|p2a: Corviknight|move: Roost
|move|p1a: SlowbroGOD|Scald|p2a: Corviknight
|-damage|p2a: Corviknight|74/100
|
|upkeep
|turn|39
|
|t:|1641779832
|move|p2a: Corviknight|Defog|p1a: SlowbroGOD
|-unboost|p1a: SlowbroGOD|evasion|1
|-sideend|p2: Patito02|Stealth Rock|[from] move: Defog|[of] p2a: Corviknight
|move|p1a: SlowbroGOD|Future Sight|p2a: Corviknight
|-start|p1a: SlowbroGOD|move: Future Sight
|
|upkeep
|turn|40
|
|t:|1641779840
|move|p2a: Corviknight|U-turn|p1a: SlowbroGOD
|-supereffective|p1a: SlowbroGOD
|-damage|p1a: SlowbroGOD|83/100
|
|t:|1641779844
|switch|p2a: Tapu Koko|Tapu Koko|61/100|[from]move: U-turn
|-fieldstart|move: Electric Terrain|[from] ability: Electric Surge|[of] p2a: Tapu Koko
|move|p1a: SlowbroGOD|Scald|p2a: Tapu Koko
|-damage|p2a: Tapu Koko|18/100
|-status|p2a: Tapu Koko|brn
|
|-heal|p1a: SlowbroGOD|89/100|[from] item: Leftovers
|-damage|p2a: Tapu Koko|11/100 brn|[from] brn
|upkeep
|turn|41
|
|t:|1641779860
|switch|p1a: Lawe Bona|Chansey, F|69/100
|move|p2a: Tapu Koko|Volt Switch|p1a: Lawe Bona
|-damage|p1a: Lawe Bona|50/100
|
|t:|1641779867
|switch|p2a: Corviknight|Corviknight, M|74/100|[from]move: Volt Switch
|
|-end|p2a: Corviknight|move: Future Sight
|-resisted|p2a: Corviknight
|-damage|p2a: Corviknight|54/100
|upkeep
|turn|42
|
|t:|1641779875
|switch|p1a: SlowbroGOD|Slowbro, M|100/100
|move|p2a: Corviknight|Brave Bird|p1a: SlowbroGOD
|-damage|p1a: SlowbroGOD|78/100
|-damage|p2a: Corviknight|47/100|[from] Recoil
|
|-heal|p1a: SlowbroGOD|85/100|[from] item: Leftovers
|upkeep
|turn|43
|
|t:|1641779902
|move|p2a: Corviknight|Roost|p2a: Corviknight
|-heal|p2a: Corviknight|97/100
|-singleturn|p2a: Corviknight|move: Roost
|move|p1a: SlowbroGOD|Scald|p2a: Corviknight
|-damage|p2a: Corviknight|69/100
|-status|p2a: Corviknight|brn
|
|-heal|p1a: SlowbroGOD|91/100|[from] item: Leftovers
|-damage|p2a: Corviknight|62/100 brn|[from] brn
|upkeep
|turn|44
|
|t:|1641779928
|move|p2a: Corviknight|U-turn|p1a: SlowbroGOD
|-supereffective|p1a: SlowbroGOD
|-damage|p1a: SlowbroGOD|82/100
|
|t:|1641779934
|switch|p2a: Keldeo|Keldeo|100/100|[from]move: U-turn
|move|p1a: SlowbroGOD|Teleport|p1a: SlowbroGOD
|
|t:|1641779964
|switch|p1a: Escrotom|Rotom-Wash|11/100|[from]move: Teleport
|
|-heal|p1a: Escrotom|17/100|[from] item: Leftovers
|-fieldend|move: Electric Terrain
|upkeep
|turn|45
|
|t:|1641779976
|move|p2a: Keldeo|Aura Sphere|p1a: Escrotom
|-damage|p1a: Escrotom|0 fnt
|faint|p1a: Escrotom
|
|upkeep
|
|t:|1641779983
|switch|p1a: Hawputiño :v|Hawlucha, M|100/100
|turn|46
|
|t:|1641779987
|move|p1a: Hawputiño :v|Swords Dance|p1a: Hawputiño :v
|-boost|p1a: Hawputiño :v|atk|2
|move|p2a: Keldeo|Air Slash|p1a: Hawputiño :v
|-supereffective|p1a: Hawputiño :v
|-damage|p1a: Hawputiño :v|13/100
|
|upkeep
|turn|47
|
|t:|1641779996
|switch|p2a: Corviknight|Corviknight, M|62/100 brn
|move|p1a: Hawputiño :v|Acrobatics|p2a: Corviknight
|-resisted|p2a: Corviknight
|-damage|p2a: Corviknight|48/100 brn
|-damage|p1a: Hawputiño :v|0 fnt|[from] item: Rocky Helmet|[of] p2a: Corviknight
|faint|p1a: Hawputiño :v
|
|-damage|p2a: Corviknight|41/100 brn|[from] brn
|upkeep
|
|t:|1641780017
|switch|p1a: SlowbroGOD|Slowbro, M|100/100
|turn|48
|
|t:|1641780021
|move|p2a: Corviknight|Roost|p2a: Corviknight
|-heal|p2a: Corviknight|91/100 brn
|-singleturn|p2a: Corviknight|move: Roost
|move|p1a: SlowbroGOD|Scald|p2a: Corviknight
|-damage|p2a: Corviknight|66/100 brn
|
|-damage|p2a: Corviknight|59/100 brn|[from] brn
|upkeep
|turn|49
|
|t:|1641780028
|move|p2a: Corviknight|U-turn|p1a: SlowbroGOD
|-supereffective|p1a: SlowbroGOD
|-damage|p1a: SlowbroGOD|92/100
|
|t:|1641780032
|switch|p2a: Blissey|Blissey, F|98/100|[from]move: U-turn
|move|p1a: SlowbroGOD|Scald|p2a: Blissey
|-damage|p2a: Blissey|90/100
|
|-heal|p1a: SlowbroGOD|98/100|[from] item: Leftovers
|upkeep
|turn|50
|
|t:|1641780043
|move|p2a: Blissey|Thunder Wave|p1a: SlowbroGOD
|-status|p1a: SlowbroGOD|par
|move|p1a: SlowbroGOD|Teleport|p1a: SlowbroGOD
|
|t:|1641780051
|switch|p1a: Lawe Bona|Chansey, F|50/100|[from]move: Teleport
|
|upkeep
|turn|51
|
|t:|1641780054
|move|p2a: Blissey|Thunder Wave|p1a: Lawe Bona
|-status|p1a: Lawe Bona|par
|move|p1a: Lawe Bona|Wish|p1a: Lawe Bona
|
|upkeep
|turn|52
|
|t:|1641780068
|switch|p2a: Keldeo|Keldeo|100/100
|cant|p1a: Lawe Bona|par
|
|-heal|p1a: Lawe Bona|99/100 par|[from] move: Wish|[wisher] Lawe Bona
|upkeep
|turn|53
|
|t:|1641780080
|move|p2a: Keldeo|Calm Mind|p2a: Keldeo
|-boost|p2a: Keldeo|spa|1
|-boost|p2a: Keldeo|spd|1
|move|p1a: Lawe Bona|Seismic Toss|p2a: Keldeo
|-damage|p2a: Keldeo|70/100
|
|upkeep
|turn|54
|
|t:|1641780085
|move|p2a: Keldeo|Calm Mind|p2a: Keldeo
|-boost|p2a: Keldeo|spa|1
|-boost|p2a: Keldeo|spd|1
|cant|p1a: Lawe Bona|par
|
|upkeep
|turn|55
|
|t:|1641780096
|move|p2a: Keldeo|Aura Sphere|p1a: Lawe Bona
|-supereffective|p1a: Lawe Bona
|-damage|p1a: Lawe Bona|47/100 par
|move|p1a: Lawe Bona|Heal Bell|p1a: Lawe Bona
|-activate|p1a: Lawe Bona|move: Heal Bell
|-curestatus|p1a: Lawe Bona|par|[msg]
|-curestatus|p1: SlowbroGOD|par|[msg]
|
|upkeep
|turn|56
|
|t:|1641780109
|switch|p1a: SlowbroGOD|Slowbro, M|100/100
|move|p2a: Keldeo|Air Slash|p1a: SlowbroGOD
|-damage|p1a: SlowbroGOD|43/100
|
|-heal|p1a: SlowbroGOD|49/100|[from] item: Leftovers
|upkeep
|turn|57
|
|t:|1641780120
|move|p2a: Keldeo|Air Slash|p1a: SlowbroGOD
|-damage|p1a: SlowbroGOD|0 fnt
|faint|p1a: SlowbroGOD
|
|upkeep
|
|t:|1641780129
|switch|p1a: Lawe Bona|Chansey, F|47/100
|turn|58
|
|t:|1641780134
|move|p2a: Keldeo|Aura Sphere|p1a: Lawe Bona
|-supereffective|p1a: Lawe Bona
|-damage|p1a: Lawe Bona|0 fnt
|faint|p1a: Lawe Bona
|
|win|Patito02
|c|☆Patito02|Gg
