|j|☆raykzu ♪
|j|☆xanial
|t:|1641761011
|gametype|singles
|player|p1|raykzu ♪|liza|1151
|player|p2|xanial|101|1210
|teamsize|p1|6
|teamsize|p2|6
|gen|8
|tier|[Gen 8] OU
|rated|
|rule|Sleep Clause Mod: Limit one foe put to sleep
|rule|Species Clause: Limit one of each Pokémon
|rule|OHKO Clause: OHKO moves are banned
|rule|Evasion Moves Clause: Evasion moves are banned
|rule|Endless Battle Clause: Forcing endless battles is banned
|rule|HP Percentage Mod: HP is shown in percentages
|rule|Dynamax Clause: You cannot dynamax
|clearpoke
|poke|p1|Heatran, F|
|poke|p1|Toxapex, F|
|poke|p1|Urshifu-*, F|
|poke|p1|Mew|
|poke|p1|Tornadus-Therian, M|
|poke|p1|Landorus-Therian, M|
|poke|p2|Scizor, F|
|poke|p2|Tapu Koko|
|poke|p2|Heatran, F|
|poke|p2|Landorus-Therian, M|
|poke|p2|Dragapult, M|
|poke|p2|Tyranitar, M|
|teampreview
|inactive|Battle timer is ON: inactive players will automatically lose when time's up. (requested by raykzu ♪)
|
|t:|1641761036
|start
|switch|p1a: Landorus|Landorus-Therian, M|100/100
|switch|p2a: Tapu Koko|Tapu Koko, shiny|100/100
|-fieldstart|move: Electric Terrain|[from] ability: Electric Surge|[of] p2a: Tapu Koko
|-ability|p1a: Landorus|Intimidate|boost
|-unboost|p2a: Tapu Koko|atk|1
|turn|1
|
|t:|1641761046
|move|p2a: Tapu Koko|U-turn|p1a: Landorus
|-resisted|p1a: Landorus
|-damage|p1a: Landorus|95/100
|
|t:|1641761057
|switch|p2a: Scizor|Scizor, F, shiny|100/100|[from]move: U-turn
|move|p1a: Landorus|Substitute|p1a: Landorus
|-start|p1a: Landorus|Substitute
|-damage|p1a: Landorus|70/100
|
|-heal|p1a: Landorus|76/100|[from] item: Leftovers
|upkeep
|turn|2
|
|t:|1641761070
|move|p1a: Landorus|Bulk Up|p1a: Landorus
|-boost|p1a: Landorus|atk|1
|-boost|p1a: Landorus|def|1
|move|p2a: Scizor|U-turn|p1a: Landorus
|-resisted|p1a: Landorus
|-activate|p1a: Landorus|move: Substitute|[damage]
|
|t:|1641761084
|switch|p2a: Tyranitar|Tyranitar, M|100/100|[from]move: U-turn
|-weather|Sandstorm|[from] ability: Sand Stream|[of] p2a: Tyranitar
|
|-weather|Sandstorm|[upkeep]
|-heal|p1a: Landorus|82/100|[from] item: Leftovers
|upkeep
|turn|3
|
|t:|1641761094
|move|p1a: Landorus|Earthquake|p2a: Tyranitar
|-supereffective|p2a: Tyranitar
|-damage|p2a: Tyranitar|0 fnt
|faint|p2a: Tyranitar
|
|-weather|Sandstorm|[upkeep]
|-heal|p1a: Landorus|88/100|[from] item: Leftovers
|upkeep
|
|t:|1641761106
|switch|p2a: Dragapult|Dragapult, M, shiny|100/100
|turn|4
|
|t:|1641761111
|move|p2a: Dragapult|U-turn|p1a: Landorus
|-resisted|p1a: Landorus
|-damage|p1a: Landorus|81/100
|
|t:|1641761115
|switch|p2a: Landorus|Landorus-Therian, M|100/100|[from]move: U-turn
|-ability|p2a: Landorus|Intimidate|boost
|-immune|p1a: Landorus
|move|p1a: Landorus|Earthquake|p2a: Landorus
|-immune|p2a: Landorus
|
|-weather|Sandstorm|[upkeep]
|-heal|p1a: Landorus|87/100|[from] item: Leftovers
|upkeep
|turn|5
|
|t:|1641761128
|move|p1a: Landorus|Smack Down|p2a: Landorus
|-damage|p2a: Landorus|82/100
|-start|p2a: Landorus|Smack Down
|move|p2a: Landorus|Toxic||[still]
|-fail|p2a: Landorus
|
|-weather|Sandstorm|[upkeep]
|-heal|p2a: Landorus|88/100|[from] item: Leftovers
|-heal|p1a: Landorus|93/100|[from] item: Leftovers
|-fieldend|move: Electric Terrain
|upkeep
|turn|6
|
|t:|1641761140
|move|p2a: Landorus|U-turn|p1a: Landorus
|-resisted|p1a: Landorus
|-activate|p1a: Landorus|move: Substitute|[damage]
|
|t:|1641761146
|switch|p2a: Scizor|Scizor, F, shiny|100/100|[from]move: U-turn
|move|p1a: Landorus|Earthquake|p2a: Scizor
|-damage|p2a: Scizor|44/100
|
|-weather|none
|-heal|p1a: Landorus|99/100|[from] item: Leftovers
|upkeep
|turn|7
|-message|xanial forfeited.
|
|win|raykzu ♪
|raw|raykzu ♪'s rating: 1151 &rarr; <strong>1180</strong><br />(+29 for winning)
|raw|xanial's rating: 1210 &rarr; <strong>1181</strong><br />(-29 for losing)
|l|☆xanial
|c|☆raykzu ♪|kek
