|j|☆Eduardyou
|j|☆Brow jack
|t:|1641740007
|gametype|singles
|player|p1|Eduardyou|102|1304
|player|p2|Brow jack|tuber|1288
|teamsize|p1|6
|teamsize|p2|6
|gen|8
|tier|[Gen 8] OU
|rated|
|rule|Sleep Clause Mod: Limit one foe put to sleep
|rule|Species Clause: Limit one of each Pokémon
|rule|OHKO Clause: OHKO moves are banned
|rule|Evasion Moves Clause: Evasion moves are banned
|rule|Endless Battle Clause: Forcing endless battles is banned
|rule|HP Percentage Mod: HP is shown in percentages
|rule|Dynamax Clause: You cannot dynamax
|clearpoke
|poke|p1|Corviknight, F|
|poke|p1|Clefable, M|
|poke|p1|Slowking, F|
|poke|p1|Rotom-Heat|
|poke|p1|Tangrowth, F|
|poke|p1|Scizor, F|
|poke|p2|Bisharp, M|
|poke|p2|Zeraora|
|poke|p2|Cobalion|
|poke|p2|Hydreigon, F|
|poke|p2|Hippowdon, F|
|poke|p2|Dugtrio-Alola, F|
|teampreview
|
|t:|1641740032
|start
|switch|p1a: Slowking|Slowking, F|100/100
|switch|p2a: Cobalion|Cobalion|100/100
|turn|1
|
|t:|1641740040
|move|p2a: Cobalion|Toxic|p1a: Slowking
|-status|p1a: Slowking|tox
|move|p1a: Slowking|Scald|p2a: Cobalion
|-damage|p2a: Cobalion|37/100
|
|-heal|p2a: Cobalion|43/100|[from] item: Leftovers
|-damage|p1a: Slowking|94/100 tox|[from] psn
|upkeep
|turn|2
|
|t:|1641740050
|switch|p2a: Hydreigon|Hydreigon, F|100/100
|move|p1a: Slowking|Scald|p2a: Hydreigon
|-resisted|p2a: Hydreigon
|-damage|p2a: Hydreigon|69/100
|
|-heal|p2a: Hydreigon|76/100|[from] item: Leftovers
|-damage|p1a: Slowking|82/100 tox|[from] psn
|upkeep
|turn|3
|
|t:|1641740067
|switch|p2a: Hippowdon|Hippowdon, F|100/100
|-weather|Sandstorm|[from] ability: Sand Stream|[of] p2a: Hippowdon
|switch|p1a: Clefable|Clefable, M|100/100
|
|-weather|Sandstorm|[upkeep]
|-damage|p1a: Clefable|94/100|[from] Sandstorm
|-heal|p1a: Clefable|100/100|[from] item: Leftovers
|upkeep
|turn|4
|
|t:|1641740081
|switch|p1a: Tangrowth|Tangrowth, F|100/100
|move|p2a: Hippowdon|Stealth Rock|p1a: Tangrowth
|-sidestart|p1: Eduardyou|move: Stealth Rock
|
|-weather|Sandstorm|[upkeep]
|-damage|p1a: Tangrowth|94/100|[from] Sandstorm
|-heal|p1a: Tangrowth|100/100|[from] item: Leftovers
|upkeep
|turn|5
|
|t:|1641740107
|switch|p2a: Cobalion|Cobalion|43/100
|move|p1a: Tangrowth|Leech Seed|p2a: Cobalion
|-start|p2a: Cobalion|move: Leech Seed
|
|-weather|Sandstorm|[upkeep]
|-damage|p1a: Tangrowth|94/100|[from] Sandstorm
|-heal|p2a: Cobalion|49/100|[from] item: Leftovers
|-heal|p1a: Tangrowth|100/100|[from] item: Leftovers
|-damage|p2a: Cobalion|37/100|[from] Leech Seed|[of] p1a: Tangrowth
|upkeep
|turn|6
|
|t:|1641740120
|switch|p2a: Hydreigon|Hydreigon, F|76/100
|move|p1a: Tangrowth|Giga Drain|p2a: Hydreigon
|-resisted|p2a: Hydreigon
|-damage|p2a: Hydreigon|59/100
|
|-weather|Sandstorm|[upkeep]
|-damage|p2a: Hydreigon|53/100|[from] Sandstorm
|-damage|p1a: Tangrowth|94/100|[from] Sandstorm
|-heal|p2a: Hydreigon|59/100|[from] item: Leftovers
|-heal|p1a: Tangrowth|100/100|[from] item: Leftovers
|upkeep
|turn|7
|
|t:|1641740136
|switch|p2a: Cobalion|Cobalion|37/100
|move|p1a: Tangrowth|Toxic|p2a: Cobalion
|-immune|p2a: Cobalion
|
|-weather|none
|-heal|p2a: Cobalion|43/100|[from] item: Leftovers
|upkeep
|turn|8
|
|t:|1641740144
|move|p2a: Cobalion|Toxic|p1a: Tangrowth
|-status|p1a: Tangrowth|tox
|move|p1a: Tangrowth|Leech Seed|p2a: Cobalion|[miss]
|-miss|p1a: Tangrowth|p2a: Cobalion
|
|-heal|p2a: Cobalion|49/100|[from] item: Leftovers
|-damage|p1a: Tangrowth|94/100 tox|[from] psn
|upkeep
|turn|9
|
|t:|1641740155
|switch|p2a: Hippowdon|Hippowdon, F|100/100
|-weather|Sandstorm|[from] ability: Sand Stream|[of] p2a: Hippowdon
|move|p1a: Tangrowth|Leech Seed|p2a: Hippowdon
|-start|p2a: Hippowdon|move: Leech Seed
|
|-weather|Sandstorm|[upkeep]
|-damage|p1a: Tangrowth|88/100 tox|[from] Sandstorm
|-heal|p1a: Tangrowth|94/100 tox|[from] item: Leftovers
|-damage|p2a: Hippowdon|88/100|[from] Leech Seed|[of] p1a: Tangrowth
|-heal|p1a: Tangrowth|100/100 tox|[silent]
|-damage|p1a: Tangrowth|88/100 tox|[from] psn
|upkeep
|turn|10
|inactive|Battle timer is ON: inactive players will automatically lose when time's up. (requested by Brow jack)
|
|t:|1641740178
|switch|p2a: Cobalion|Cobalion|49/100
|move|p1a: Tangrowth|Giga Drain|p2a: Cobalion
|-resisted|p2a: Cobalion
|-damage|p2a: Cobalion|33/100
|-heal|p1a: Tangrowth|96/100 tox|[from] drain|[of] p2a: Cobalion
|
|-weather|Sandstorm|[upkeep]
|-damage|p1a: Tangrowth|90/100 tox|[from] Sandstorm
|-heal|p2a: Cobalion|40/100|[from] item: Leftovers
|-heal|p1a: Tangrowth|96/100 tox|[from] item: Leftovers
|-damage|p1a: Tangrowth|77/100 tox|[from] psn
|upkeep
|turn|11
|
|t:|1641740194
|switch|p1a: Corviknight|Corviknight, F|100/100
|-damage|p1a: Corviknight|88/100|[from] Stealth Rock
|-ability|p1a: Corviknight|Pressure
|move|p2a: Cobalion|Swords Dance|p2a: Cobalion
|-boost|p2a: Cobalion|atk|2
|
|-weather|Sandstorm|[upkeep]
|-heal|p2a: Cobalion|46/100|[from] item: Leftovers
|upkeep
|turn|12
|
|t:|1641740211
|move|p2a: Cobalion|Swords Dance|p2a: Cobalion
|-boost|p2a: Cobalion|atk|2
|move|p1a: Corviknight|Bulk Up|p1a: Corviknight
|-boost|p1a: Corviknight|atk|1
|-boost|p1a: Corviknight|def|1
|
|-weather|Sandstorm|[upkeep]
|-heal|p2a: Cobalion|52/100|[from] item: Leftovers
|upkeep
|turn|13
|
|t:|1641740221
|move|p2a: Cobalion|Swords Dance|p2a: Cobalion
|-boost|p2a: Cobalion|atk|2
|move|p1a: Corviknight|Bulk Up|p1a: Corviknight
|-boost|p1a: Corviknight|atk|1
|-boost|p1a: Corviknight|def|1
|
|-weather|none
|-heal|p2a: Cobalion|58/100|[from] item: Leftovers
|upkeep
|turn|14
|
|t:|1641740236
|move|p2a: Cobalion|Close Combat|p1a: Corviknight
|-damage|p1a: Corviknight|28/100
|-unboost|p2a: Cobalion|def|1
|-unboost|p2a: Cobalion|spd|1
|-damage|p2a: Cobalion|42/100|[from] item: Rocky Helmet|[of] p1a: Corviknight
|move|p1a: Corviknight|Body Press|p2a: Cobalion
|-supereffective|p2a: Cobalion
|-damage|p2a: Cobalion|0 fnt
|faint|p2a: Cobalion
|
|upkeep
|
|t:|1641740248
|switch|p2a: Zeraora|Zeraora|100/100
|turn|15
|
|t:|1641740254
|switch|p1a: Tangrowth|Tangrowth, F|100/100 tox
|-damage|p1a: Tangrowth|88/100 tox|[from] Stealth Rock
|move|p2a: Zeraora|Plasma Fists|p1a: Tangrowth
|-resisted|p1a: Tangrowth
|-damage|p1a: Tangrowth|67/100 tox
|-fieldactivate|move: Ion Deluge
|-hint|Normal-type moves become Electric-type after using Plasma Fists.
|-damage|p2a: Zeraora|91/100|[from] item: Life Orb
|
|-heal|p1a: Tangrowth|74/100 tox|[from] item: Leftovers
|-damage|p1a: Tangrowth|67/100 tox|[from] psn
|upkeep
|turn|16
|
|t:|1641740269
|move|p2a: Zeraora|Bulk Up|p2a: Zeraora
|-boost|p2a: Zeraora|atk|1
|-boost|p2a: Zeraora|def|1
|move|p1a: Tangrowth|Leech Seed|p2a: Zeraora
|-start|p2a: Zeraora|move: Leech Seed
|
|-heal|p1a: Tangrowth|74/100 tox|[from] item: Leftovers
|-damage|p2a: Zeraora|79/100|[from] Leech Seed|[of] p1a: Tangrowth
|-heal|p1a: Tangrowth|83/100 tox|[silent]
|-damage|p1a: Tangrowth|71/100 tox|[from] psn
|upkeep
|turn|17
|
|t:|1641740290
|move|p2a: Zeraora|Knock Off|p1a: Tangrowth
|-damage|p1a: Tangrowth|30/100 tox
|-enditem|p1a: Tangrowth|Leftovers|[from] move: Knock Off|[of] p2a: Zeraora
|-damage|p2a: Zeraora|69/100|[from] item: Life Orb
|move|p1a: Tangrowth|Knock Off|p2a: Zeraora
|-damage|p2a: Zeraora|52/100
|-enditem|p2a: Zeraora|Life Orb|[from] move: Knock Off|[of] p1a: Tangrowth
|
|-damage|p2a: Zeraora|40/100|[from] Leech Seed|[of] p1a: Tangrowth
|-heal|p1a: Tangrowth|40/100 tox|[silent]
|-damage|p1a: Tangrowth|21/100 tox|[from] psn
|upkeep
|turn|18
|
|t:|1641740317
|switch|p1a: Corviknight|Corviknight, F|28/100
|-damage|p1a: Corviknight|16/100|[from] Stealth Rock
|-ability|p1a: Corviknight|Pressure
|move|p2a: Zeraora|Drain Punch|p1a: Corviknight
|-damage|p1a: Corviknight|0 fnt
|-heal|p2a: Zeraora|49/100|[from] drain|[of] p1a: Corviknight
|-damage|p2a: Zeraora|32/100|[from] item: Rocky Helmet|[of] p1a: Corviknight
|faint|p1a: Corviknight
|
|upkeep
|inactive|Eduardyou has 120 seconds left.
|
|t:|1641740346
|switch|p1a: Tangrowth|Tangrowth, F|54/100 tox
|-damage|p1a: Tangrowth|42/100 tox|[from] Stealth Rock
|turn|19
|
|t:|1641740363
|switch|p1a: Clefable|Clefable, M|100/100
|-damage|p1a: Clefable|88/100|[from] Stealth Rock
|move|p2a: Zeraora|Drain Punch|p1a: Clefable
|-resisted|p1a: Clefable
|-damage|p1a: Clefable|74/100
|-heal|p2a: Zeraora|41/100|[from] drain|[of] p1a: Clefable
|
|-heal|p1a: Clefable|80/100|[from] item: Leftovers
|-damage|p2a: Zeraora|29/100|[from] Leech Seed|[of] p1a: Clefable
|-heal|p1a: Clefable|90/100|[silent]
|upkeep
|turn|20
|
|t:|1641740376
|move|p2a: Zeraora|Knock Off|p1a: Clefable
|-resisted|p1a: Clefable
|-damage|p1a: Clefable|73/100
|-enditem|p1a: Clefable|Leftovers|[from] move: Knock Off|[of] p2a: Zeraora
|move|p1a: Clefable|Wish|p1a: Clefable
|
|-damage|p2a: Zeraora|17/100|[from] Leech Seed|[of] p1a: Clefable
|-heal|p1a: Clefable|83/100|[silent]
|upkeep
|turn|21
|
|t:|1641740395
|move|p2a: Zeraora|Plasma Fists|p1a: Clefable
|-damage|p1a: Clefable|34/100
|-fieldactivate|move: Ion Deluge
|-hint|Normal-type moves become Electric-type after using Plasma Fists.
|move|p1a: Clefable|Moonblast|p2a: Zeraora
|-damage|p2a: Zeraora|0 fnt
|faint|p2a: Zeraora
|
|-heal|p1a: Clefable|84/100|[from] move: Wish|[wisher] Clefable
|upkeep
|inactive|Brow jack has 120 seconds left.
|
|t:|1641740429
|switch|p2a: Bisharp|Bisharp, M|100/100
|turn|22
|
|t:|1641740437
|switch|p1a: Tangrowth|Tangrowth, F|75/100 tox
|-damage|p1a: Tangrowth|63/100 tox|[from] Stealth Rock
|move|p2a: Bisharp|Rock Polish|p2a: Bisharp
|-boost|p2a: Bisharp|spe|2
|
|-damage|p1a: Tangrowth|56/100 tox|[from] psn
|upkeep
|turn|23
|
|t:|1641740446
|move|p2a: Bisharp|Swords Dance|p2a: Bisharp
|-boost|p2a: Bisharp|atk|2
|move|p1a: Tangrowth|Leech Seed|p2a: Bisharp
|-start|p2a: Bisharp|move: Leech Seed
|
|-damage|p2a: Bisharp|88/100|[from] Leech Seed|[of] p1a: Tangrowth
|-heal|p1a: Tangrowth|66/100 tox|[silent]
|-damage|p1a: Tangrowth|53/100 tox|[from] psn
|upkeep
|turn|24
|
|t:|1641740459
|move|p2a: Bisharp|Rock Polish|p2a: Bisharp
|-boost|p2a: Bisharp|spe|2
|move|p1a: Tangrowth|Giga Drain|p2a: Bisharp
|-resisted|p2a: Bisharp
|-damage|p2a: Bisharp|68/100
|-heal|p1a: Tangrowth|61/100 tox|[from] drain|[of] p2a: Bisharp
|
|-damage|p2a: Bisharp|56/100|[from] Leech Seed|[of] p1a: Tangrowth
|-heal|p1a: Tangrowth|70/100 tox|[silent]
|-damage|p1a: Tangrowth|51/100 tox|[from] psn
|upkeep
|turn|25
|
|t:|1641740482
|move|p2a: Bisharp|Knock Off|p1a: Tangrowth
|-damage|p1a: Tangrowth|6/100 tox
|move|p1a: Tangrowth|Knock Off|p2a: Bisharp
|-resisted|p2a: Bisharp
|-damage|p2a: Bisharp|45/100
|-enditem|p2a: Bisharp|Focus Sash|[from] move: Knock Off|[of] p1a: Tangrowth
|
|-damage|p2a: Bisharp|33/100|[from] Leech Seed|[of] p1a: Tangrowth
|-heal|p1a: Tangrowth|16/100 tox|[silent]
|-damage|p1a: Tangrowth|0 fnt|[from] psn
|faint|p1a: Tangrowth
|upkeep
|inactive|Eduardyou has 120 seconds left.
|
|t:|1641740498
|switch|p1a: Clefable|Clefable, M|84/100
|-damage|p1a: Clefable|71/100|[from] Stealth Rock
|turn|26
|inactive|Eduardyou has 120 seconds left.
|
|t:|1641740503
|move|p1a: Clefable|Protect|p1a: Clefable
|-singleturn|p1a: Clefable|Protect
|move|p2a: Bisharp|Iron Head|p1a: Clefable
|-activate|p1a: Clefable|move: Protect
|
|-damage|p2a: Bisharp|21/100|[from] Leech Seed|[of] p1a: Clefable
|-heal|p1a: Clefable|81/100|[silent]
|upkeep
|turn|27
|inactive|Brow jack has 120 seconds left.
|
|t:|1641740512
|switch|p1a: Scizor|Scizor, F|100/100
|-damage|p1a: Scizor|88/100|[from] Stealth Rock
|move|p2a: Bisharp|Knock Off|p1a: Scizor
|-damage|p1a: Scizor|0 fnt
|-enditem|p1a: Scizor|Choice Band|[from] move: Knock Off|[of] p2a: Bisharp
|faint|p1a: Scizor
|
|upkeep
|
|t:|1641740521
|switch|p1a: Clefable|Clefable, M|81/100
|-damage|p1a: Clefable|68/100|[from] Stealth Rock
|turn|28
|
|t:|1641740527
|move|p1a: Clefable|Protect|p1a: Clefable
|-singleturn|p1a: Clefable|Protect
|move|p2a: Bisharp|Swords Dance|p2a: Bisharp
|-boost|p2a: Bisharp|atk|2
|
|-damage|p2a: Bisharp|8/100|[from] Leech Seed|[of] p1a: Clefable
|-heal|p1a: Clefable|78/100|[silent]
|upkeep
|turn|29
|
|t:|1641740536
|move|p2a: Bisharp|Iron Head|p1a: Clefable
|-supereffective|p1a: Clefable
|-damage|p1a: Clefable|0 fnt
|faint|p1a: Clefable
|
|upkeep
|
|t:|1641740541
|switch|p1a: Rotom|Rotom-Heat|100/100
|-damage|p1a: Rotom|76/100|[from] Stealth Rock
|turn|30
|
|t:|1641740545
|move|p2a: Bisharp|Knock Off|p1a: Rotom
|-damage|p1a: Rotom|0 fnt
|-enditem|p1a: Rotom|Choice Scarf|[from] move: Knock Off|[of] p2a: Bisharp
|faint|p1a: Rotom
|
|upkeep
|
|t:|1641740551
|switch|p1a: Slowking|Slowking, F|100/100 tox
|-damage|p1a: Slowking|88/100 tox|[from] Stealth Rock
|turn|31
|
|t:|1641740555
|move|p2a: Bisharp|Knock Off|p1a: Slowking
|-supereffective|p1a: Slowking
|-damage|p1a: Slowking|0 fnt
|-enditem|p1a: Slowking|Choice Specs|[from] move: Knock Off|[of] p2a: Bisharp
|faint|p1a: Slowking
|
|win|Brow jack
|raw|Eduardyou's rating: 1304 &rarr; <strong>1283</strong><br />(-21 for losing)
|raw|Brow jack's rating: 1288 &rarr; <strong>1314</strong><br />(+26 for winning)
|l|☆Eduardyou
