|j|☆Briam master
|j|☆alche
|t:|1641753891
|gametype|singles
|player|p1|Briam master|266|
|player|p2|alche|brycen|
|teamsize|p1|6
|teamsize|p2|6
|gen|8
|tier|[Gen 8] OU
|rule|Sleep Clause Mod: Limit one foe put to sleep
|rule|Species Clause: Limit one of each Pokémon
|rule|OHKO Clause: OHKO moves are banned
|rule|Evasion Moves Clause: Evasion moves are banned
|rule|Endless Battle Clause: Forcing endless battles is banned
|rule|HP Percentage Mod: HP is shown in percentages
|rule|Dynamax Clause: You cannot dynamax
|clearpoke
|poke|p1|Milotic, M|
|poke|p1|Buzzwole|
|poke|p1|Chansey, F|
|poke|p1|Ditto|
|poke|p1|Ferrothorn, F|
|poke|p1|Tornadus-Therian, M|
|poke|p2|Azelf|
|poke|p2|Darumaka-Galar, F|
|poke|p2|Corviknight, F|
|poke|p2|Clefable, F|
|poke|p2|Zarude-Dada|
|poke|p2|Slowking-Galar, M|
|teampreview
|c|☆Briam master|Fua
|c|☆alche|Si
|c|☆alche|Es memeteam
|
|t:|1641753909
|start
|switch|p1a: Tornadus|Tornadus-Therian, M|100/100
|switch|p2a: Darumaka|Darumaka-Galar, F|100/100
|turn|1
|c|☆alche|Espero haga algo
|
|t:|1641753920
|switch|p2a: Clefable|Clefable, F|100/100
|move|p1a: Tornadus|U-turn|p2a: Clefable
|-resisted|p2a: Clefable
|-crit|p2a: Clefable
|-damage|p2a: Clefable|91/100
|
|t:|1641753926
|switch|p1a: Ferrothorn|Ferrothorn, F|100/100|[from]move: U-turn
|
|-heal|p2a: Clefable|97/100|[from] item: Leftovers
|upkeep
|turn|2
|
|t:|1641753931
|move|p2a: Clefable|Knock Off|p1a: Ferrothorn
|-damage|p1a: Ferrothorn|91/100
|-activate|p1a: Ferrothorn|ability: Iron Barbs
|-enditem|p1a: Ferrothorn|Leftovers|[from] move: Knock Off|[of] p2a: Clefable
|move|p1a: Ferrothorn|Knock Off|p2a: Clefable
|-resisted|p2a: Clefable
|-damage|p2a: Clefable|87/100
|-enditem|p2a: Clefable|Leftovers|[from] move: Knock Off|[of] p1a: Ferrothorn
|
|upkeep
|turn|3
|
|t:|1641753942
|switch|p2a: Azelf|Azelf|100/100
|move|p1a: Ferrothorn|Leech Seed|p2a: Azelf
|-start|p2a: Azelf|move: Leech Seed
|
|-damage|p2a: Azelf|88/100|[from] Leech Seed|[of] p1a: Ferrothorn
|-heal|p1a: Ferrothorn|100/100|[silent]
|upkeep
|turn|4
|
|t:|1641753947
|move|p2a: Azelf|Fire Blast|p1a: Ferrothorn
|-supereffective|p1a: Ferrothorn
|-damage|p1a: Ferrothorn|0 fnt
|faint|p1a: Ferrothorn
|-damage|p2a: Azelf|78/100|[from] item: Life Orb
|
|upkeep
|c|☆Briam master|Ah
|
|t:|1641753966
|switch|p1a: Chansey|Chansey, F|100/100
|turn|5
|
|t:|1641753973
|switch|p2a: Slowking|Slowking-Galar, M|100/100
|move|p1a: Chansey|Stealth Rock|p2a: Slowking
|-sidestart|p2: alche|move: Stealth Rock
|
|upkeep
|turn|6
|
|t:|1641753998
|move|p1a: Chansey|Wish|p1a: Chansey
|move|p2a: Slowking|Future Sight|p1a: Chansey
|-start|p2a: Slowking|move: Future Sight
|
|upkeep
|turn|7
|
|t:|1641754007
|move|p1a: Chansey|Seismic Toss|p2a: Slowking
|-damage|p2a: Slowking|75/100
|move|p2a: Slowking|Sludge Bomb|p1a: Chansey
|-damage|p1a: Chansey|88/100
|
|-heal|p1a: Chansey|100/100|[from] move: Wish|[wisher] Chansey
|upkeep
|turn|8
|
|t:|1641754013
|switch|p2a: Corviknight|Corviknight, F|100/100
|-damage|p2a: Corviknight|88/100|[from] Stealth Rock
|-ability|p2a: Corviknight|Pressure
|move|p1a: Chansey|Seismic Toss|p2a: Corviknight
|-damage|p2a: Corviknight|63/100
|
|-end|p1a: Chansey|move: Future Sight
|-damage|p1a: Chansey|83/100
|-heal|p2a: Corviknight|69/100|[from] item: Leftovers
|upkeep
|turn|9
|
|t:|1641754018
|move|p2a: Corviknight|Defog|p1a: Chansey
|-unboost|p1a: Chansey|evasion|1
|-sideend|p2: alche|Stealth Rock|[from] move: Defog|[of] p2a: Corviknight
|move|p1a: Chansey|Wish|p1a: Chansey
|
|-heal|p2a: Corviknight|75/100|[from] item: Leftovers
|upkeep
|turn|10
|
|t:|1641754022
|move|p2a: Corviknight|Body Press|p1a: Chansey
|-supereffective|p1a: Chansey
|-damage|p1a: Chansey|51/100
|move|p1a: Chansey|Stealth Rock|p2a: Corviknight
|-sidestart|p2: alche|move: Stealth Rock
|
|-heal|p1a: Chansey|100/100|[from] move: Wish|[wisher] Chansey
|-heal|p2a: Corviknight|82/100|[from] item: Leftovers
|upkeep
|turn|11
|
|t:|1641754029
|switch|p1a: Tornadus|Tornadus-Therian, M|100/100
|move|p2a: Corviknight|Defog|p1a: Tornadus
|-unboost|p1a: Tornadus|evasion|1
|-sideend|p2: alche|Stealth Rock|[from] move: Defog|[of] p2a: Corviknight
|
|-heal|p2a: Corviknight|88/100|[from] item: Leftovers
|upkeep
|turn|12
|
|t:|1641754033
|switch|p2a: Clefable|Clefable, F|87/100
|move|p1a: Tornadus|Heat Wave|p2a: Clefable
|-damage|p2a: Clefable|68/100
|
|upkeep
|turn|13
|
|t:|1641754036
|move|p1a: Tornadus|Hurricane|p2a: Clefable
|-damage|p2a: Clefable|34/100
|move|p2a: Clefable|Knock Off|p1a: Tornadus
|-damage|p1a: Tornadus|84/100
|-enditem|p1a: Tornadus|Rocky Helmet|[from] move: Knock Off|[of] p2a: Clefable
|
|upkeep
|turn|14
|
|t:|1641754045
|move|p1a: Tornadus|Hurricane|p2a: Clefable
|-damage|p2a: Clefable|3/100
|move|p2a: Clefable|Soft-Boiled|p2a: Clefable
|-heal|p2a: Clefable|53/100
|
|upkeep
|turn|15
|
|t:|1641754054
|move|p1a: Tornadus|Hurricane|p2a: Clefable|[miss]
|-miss|p1a: Tornadus|p2a: Clefable
|move|p2a: Clefable|Soft-Boiled|p2a: Clefable
|-heal|p2a: Clefable|100/100
|
|upkeep
|turn|16
|
|t:|1641754058
|move|p1a: Tornadus|U-turn|p2a: Clefable
|-resisted|p2a: Clefable
|-damage|p2a: Clefable|94/100
|
|t:|1641754065
|switch|p1a: Buzzwole|Buzzwole, shiny|100/100|[from]move: U-turn
|move|p2a: Clefable|Moonblast|p1a: Buzzwole
|-supereffective|p1a: Buzzwole
|-damage|p1a: Buzzwole|67/100
|
|upkeep
|turn|17
|
|t:|1641754071
|switch|p1a: Milotic|Milotic, M|100/100
|move|p2a: Clefable|Knock Off|p1a: Milotic
|-damage|p1a: Milotic|88/100
|-enditem|p1a: Milotic|Flame Orb|[from] move: Knock Off|[of] p2a: Clefable
|
|upkeep
|turn|18
|
|t:|1641754075
|move|p1a: Milotic|Scald|p2a: Clefable
|-damage|p2a: Clefable|69/100
|move|p2a: Clefable|Moonblast|p1a: Milotic
|-damage|p1a: Milotic|68/100
|-unboost|p1a: Milotic|spa|1
|
|upkeep
|turn|19
|
|t:|1641754082
|move|p1a: Milotic|Toxic|p2a: Clefable|[miss]
|-miss|p1a: Milotic|p2a: Clefable
|move|p2a: Clefable|Moonblast|p1a: Milotic
|-damage|p1a: Milotic|46/100
|
|upkeep
|turn|20
|
|t:|1641754091
|move|p1a: Milotic|Recover|p1a: Milotic
|-heal|p1a: Milotic|96/100
|move|p2a: Clefable|Moonblast|p1a: Milotic
|-damage|p1a: Milotic|74/100
|-unboost|p1a: Milotic|spa|1
|
|upkeep
|turn|21
|
|t:|1641754096
|move|p1a: Milotic|Toxic|p2a: Clefable
|-status|p2a: Clefable|tox
|move|p2a: Clefable|Knock Off|p1a: Milotic
|-damage|p1a: Milotic|65/100
|
|upkeep
|turn|22
|
|t:|1641754103
|move|p1a: Milotic|Recover|p1a: Milotic
|-heal|p1a: Milotic|100/100
|move|p2a: Clefable|Soft-Boiled|p2a: Clefable
|-heal|p2a: Clefable|100/100 tox
|
|upkeep
|turn|23
|
|t:|1641754114
|switch|p1a: Chansey|Chansey, F|100/100
|switch|p2a: Zarude|Zarude-Dada|100/100
|
|upkeep
|turn|24
|
|t:|1641754127
|move|p2a: Zarude|Power Whip|p1a: Chansey|[miss]
|-miss|p2a: Zarude|p1a: Chansey
|move|p1a: Chansey|Wish|p1a: Chansey
|
|upkeep
|turn|25
|
|t:|1641754135
|switch|p1a: Buzzwole|Buzzwole, shiny|67/100
|move|p2a: Zarude|Power Whip|p1a: Buzzwole
|-resisted|p1a: Buzzwole
|-damage|p1a: Buzzwole|48/100
|
|-heal|p1a: Buzzwole|100/100|[from] move: Wish|[wisher] Chansey
|upkeep
|turn|26
|
|t:|1641754146
|switch|p2a: Corviknight|Corviknight, F|88/100
|-ability|p2a: Corviknight|Pressure
|move|p1a: Buzzwole|Leech Life|p2a: Corviknight
|-resisted|p2a: Corviknight
|-damage|p2a: Corviknight|82/100
|
|-heal|p2a: Corviknight|88/100|[from] item: Leftovers
|upkeep
|turn|27
|
|t:|1641754154
|switch|p1a: Tornadus|Tornadus-Therian, M|100/100
|move|p2a: Corviknight|Brave Bird|p1a: Tornadus
|-damage|p1a: Tornadus|59/100
|-damage|p2a: Corviknight|77/100|[from] Recoil
|
|-heal|p2a: Corviknight|83/100|[from] item: Leftovers
|upkeep
|turn|28
|
|t:|1641754162
|move|p1a: Tornadus|Heat Wave|p2a: Corviknight
|-supereffective|p2a: Corviknight
|-damage|p2a: Corviknight|43/100
|move|p2a: Corviknight|Brave Bird|p1a: Tornadus
|-damage|p1a: Tornadus|21/100
|-damage|p2a: Corviknight|32/100|[from] Recoil
|
|-heal|p2a: Corviknight|38/100|[from] item: Leftovers
|upkeep
|turn|29
|
|t:|1641754173
|switch|p2a: Slowking|Slowking-Galar, M|100/100
|move|p1a: Tornadus|U-turn|p2a: Slowking
|-damage|p2a: Slowking|85/100
|
|t:|1641754181
|switch|p1a: Ditto|Ditto, shiny|100/100|[from]move: U-turn
|-transform|p1a: Ditto|p2a: Slowking|[from] ability: Imposter
|
|upkeep
|turn|30
|
|t:|1641754190
|move|p1a: Ditto|Future Sight|p2a: Slowking
|-start|p1a: Ditto|move: Future Sight
|move|p2a: Slowking|Earthquake|p1a: Ditto
|-supereffective|p1a: Ditto
|-damage|p1a: Ditto|58/100
|
|upkeep
|turn|31
|
|t:|1641754200
|switch|p1a: Chansey|Chansey, F|100/100
|move|p2a: Slowking|Future Sight|p1a: Chansey
|-start|p2a: Slowking|move: Future Sight
|
|upkeep
|turn|32
|
|t:|1641754208
|switch|p2a: Zarude|Zarude-Dada|100/100
|move|p1a: Chansey|Stealth Rock|p2a: Zarude
|-sidestart|p2: alche|move: Stealth Rock
|
|-end|p2a: Zarude|move: Future Sight
|-immune|p2a: Zarude
|upkeep
|turn|33
|
|t:|1641754220
|switch|p2a: Corviknight|Corviknight, F|38/100
|-damage|p2a: Corviknight|26/100|[from] Stealth Rock
|-ability|p2a: Corviknight|Pressure
|switch|p1a: Buzzwole|Buzzwole, shiny|100/100
|
|-end|p1a: Buzzwole|move: Future Sight
|-supereffective|p1a: Buzzwole
|-damage|p1a: Buzzwole|36/100
|-heal|p2a: Corviknight|32/100|[from] item: Leftovers
|upkeep
|turn|34
|
|t:|1641754232
|move|p1a: Buzzwole|Thunder Punch|p2a: Corviknight
|-supereffective|p2a: Corviknight
|-damage|p2a: Corviknight|5/100
|move|p2a: Corviknight|Roost|p2a: Corviknight
|-heal|p2a: Corviknight|55/100
|-singleturn|p2a: Corviknight|move: Roost
|
|-heal|p2a: Corviknight|61/100|[from] item: Leftovers
|upkeep
|turn|35
|
|t:|1641754239
|switch|p1a: Tornadus|Tornadus-Therian, M|55/100
|move|p2a: Corviknight|Roost|p2a: Corviknight
|-heal|p2a: Corviknight|100/100
|-singleturn|p2a: Corviknight|move: Roost
|
|upkeep
|turn|36
|
|t:|1641754244
|switch|p2a: Clefable|Clefable, F|100/100 tox
|move|p1a: Tornadus|Heat Wave|p2a: Clefable|[miss]
|-miss|p1a: Tornadus|p2a: Clefable
|
|upkeep
|turn|37
|
|t:|1641754249
|move|p1a: Tornadus|U-turn|p2a: Clefable
|-resisted|p2a: Clefable
|-damage|p2a: Clefable|94/100 tox
|
|t:|1641754256
|switch|p1a: Milotic|Milotic, M|100/100|[from]move: U-turn
|move|p2a: Clefable|Moonblast|p1a: Milotic
|-damage|p1a: Milotic|81/100
|-unboost|p1a: Milotic|spa|1
|
|upkeep
|turn|38
|
|t:|1641754266
|move|p1a: Milotic|Scald|p2a: Clefable
|-crit|p2a: Clefable
|-damage|p2a: Clefable|60/100 tox
|move|p2a: Clefable|Moonblast|p1a: Milotic
|-damage|p1a: Milotic|61/100
|-unboost|p1a: Milotic|spa|1
|
|upkeep
|turn|39
|
|t:|1641754274
|move|p1a: Milotic|Scald|p2a: Clefable
|-damage|p2a: Clefable|47/100 tox
|move|p2a: Clefable|Soft-Boiled|p2a: Clefable
|-heal|p2a: Clefable|97/100 tox
|
|upkeep
|turn|40
|
|t:|1641754281
|switch|p2a: Corviknight|Corviknight, F|100/100
|-damage|p2a: Corviknight|88/100|[from] Stealth Rock
|-ability|p2a: Corviknight|Pressure
|move|p1a: Milotic|Recover|p1a: Milotic
|-heal|p1a: Milotic|100/100
|
|-heal|p2a: Corviknight|94/100|[from] item: Leftovers
|upkeep
|turn|41
|
|t:|1641754285
|move|p1a: Milotic|Scald|p2a: Corviknight
|-damage|p2a: Corviknight|81/100
|move|p2a: Corviknight|Defog|p1a: Milotic
|-unboost|p1a: Milotic|evasion|1
|-sideend|p2: alche|Stealth Rock|[from] move: Defog|[of] p2a: Corviknight
|
|-heal|p2a: Corviknight|87/100|[from] item: Leftovers
|upkeep
|turn|42
|
|t:|1641754291
|switch|p2a: Zarude|Zarude-Dada|100/100
|move|p1a: Milotic|Scald|p2a: Zarude
|-resisted|p2a: Zarude
|-damage|p2a: Zarude|93/100
|-status|p2a: Zarude|brn
|
|-heal|p2a: Zarude|99/100 brn|[from] item: Leftovers
|-damage|p2a: Zarude|93/100 brn|[from] brn
|upkeep
|turn|43
|
|t:|1641754298
|switch|p1a: Ditto|Ditto, shiny|91/100
|-transform|p1a: Ditto|p2a: Zarude|[from] ability: Imposter
|move|p2a: Zarude|Jungle Healing|p2a: Zarude
|-heal|p2a: Zarude|100/100 brn
|-curestatus|p2a: Zarude|brn|[msg]
|
|upkeep
|turn|44
|
|t:|1641754313
|switch|p1a: Tornadus|Tornadus-Therian, M|88/100
|switch|p2a: Corviknight|Corviknight, F|87/100
|-ability|p2a: Corviknight|Pressure
|
|-heal|p2a: Corviknight|93/100|[from] item: Leftovers
|upkeep
|turn|45
|
|t:|1641754317
|switch|p2a: Slowking|Slowking-Galar, M|100/100
|move|p1a: Tornadus|Heat Wave|p2a: Slowking
|-damage|p2a: Slowking|90/100
|
|upkeep
|turn|46
|
|t:|1641754322
|move|p1a: Tornadus|U-turn|p2a: Slowking
|-damage|p2a: Slowking|76/100
|
|t:|1641754330
|switch|p1a: Buzzwole|Buzzwole, shiny|36/100|[from]move: U-turn
|move|p2a: Slowking|Sludge Bomb|p1a: Buzzwole
|-damage|p1a: Buzzwole|13/100
|
|upkeep
|turn|47
|
|t:|1641754337
|move|p1a: Buzzwole|Drain Punch|p2a: Slowking
|-resisted|p2a: Slowking
|-damage|p2a: Slowking|67/100
|-heal|p1a: Buzzwole|18/100|[from] drain|[of] p2a: Slowking
|move|p2a: Slowking|Sludge Bomb|p1a: Buzzwole
|-damage|p1a: Buzzwole|0 fnt
|faint|p1a: Buzzwole
|
|upkeep
|-message|Briam master forfeited.
|
|win|alche
|l|☆Briam master
|c|☆alche|Leech life saca mas a este poke
