|j|☆Lucwasz
|j|☆Ladder me bruh
|t:|1641765566
|gametype|singles
|player|p1|Lucwasz|265|1401
|player|p2|Ladder me bruh|pokemaniac|1351
|teamsize|p1|6
|teamsize|p2|6
|gen|8
|tier|[Gen 8] OU
|rated|
|rule|Sleep Clause Mod: Limit one foe put to sleep
|rule|Species Clause: Limit one of each Pokémon
|rule|OHKO Clause: OHKO moves are banned
|rule|Evasion Moves Clause: Evasion moves are banned
|rule|Endless Battle Clause: Forcing endless battles is banned
|rule|HP Percentage Mod: HP is shown in percentages
|rule|Dynamax Clause: You cannot dynamax
|clearpoke
|poke|p1|Clefable, F|
|poke|p1|Toxapex, M|
|poke|p1|Ferrothorn, F|
|poke|p1|Blissey, F|
|poke|p1|Corviknight, M|
|poke|p1|Hippowdon, F|
|poke|p2|Hippowdon, M|
|poke|p2|Slowking, M|
|poke|p2|Tangrowth, M|
|poke|p2|Heatran, F|
|poke|p2|Weavile, F|
|poke|p2|Tornadus-Therian, M|
|teampreview
|
|t:|1641765588
|start
|switch|p1a: Hippowdon|Hippowdon, F|100/100
|switch|p2a: Weavile|Weavile, F|100/100
|-ability|p2a: Weavile|Pressure
|-weather|Sandstorm|[from] ability: Sand Stream|[of] p1a: Hippowdon
|turn|1
|
|t:|1641765601
|switch|p1a: Ferrothorn|Ferrothorn, F|100/100
|move|p2a: Weavile|Triple Axel|p1a: Ferrothorn
|-damage|p1a: Ferrothorn|93/100
|-damage|p2a: Weavile|88/100|[from] ability: Iron Barbs|[of] p1a: Ferrothorn
|-damage|p1a: Ferrothorn|80/100
|-damage|p2a: Weavile|76/100|[from] ability: Iron Barbs|[of] p1a: Ferrothorn
|-damage|p1a: Ferrothorn|61/100
|-damage|p2a: Weavile|63/100|[from] ability: Iron Barbs|[of] p1a: Ferrothorn
|-hitcount|p1a: Ferrothorn|3
|
|-weather|Sandstorm|[upkeep]
|-damage|p2a: Weavile|57/100|[from] Sandstorm
|-heal|p1a: Ferrothorn|67/100|[from] item: Leftovers
|upkeep
|turn|2
|
|t:|1641765622
|switch|p2a: Heatran|Heatran, F|100/100
|move|p1a: Ferrothorn|Knock Off|p2a: Heatran
|-damage|p2a: Heatran|88/100
|-status|p1a: Ferrothorn|brn|[from] ability: Flame Body|[of] p2a: Heatran
|-enditem|p2a: Heatran|Leftovers|[from] move: Knock Off|[of] p1a: Ferrothorn
|
|-weather|Sandstorm|[upkeep]
|-heal|p1a: Ferrothorn|73/100 brn|[from] item: Leftovers
|-damage|p1a: Ferrothorn|67/100 brn|[from] brn
|upkeep
|turn|3
|
|t:|1641765631
|switch|p2a: Tornadus|Tornadus-Therian, M|100/100
|move|p1a: Ferrothorn|Protect||[still]
|-fail|p1a: Ferrothorn
|
|-weather|Sandstorm|[upkeep]
|-damage|p2a: Tornadus|94/100|[from] Sandstorm
|-heal|p1a: Ferrothorn|73/100 brn|[from] item: Leftovers
|-damage|p1a: Ferrothorn|67/100 brn|[from] brn
|upkeep
|turn|4
|
|t:|1641765643
|switch|p1a: Blissey|Blissey, F|100/100
|move|p2a: Tornadus|Nasty Plot|p2a: Tornadus
|-boost|p2a: Tornadus|spa|2
|
|-weather|Sandstorm|[upkeep]
|-damage|p2a: Tornadus|88/100|[from] Sandstorm
|-damage|p1a: Blissey|94/100|[from] Sandstorm
|-heal|p1a: Blissey|100/100|[from] item: Leftovers
|upkeep
|turn|5
|
|t:|1641765651
|move|p2a: Tornadus|Focus Blast|p1a: Blissey
|-supereffective|p1a: Blissey
|-damage|p1a: Blissey|64/100
|move|p1a: Blissey|Thunder Wave|p2a: Tornadus
|-status|p2a: Tornadus|par
|
|-weather|none
|-heal|p1a: Blissey|71/100|[from] item: Leftovers
|upkeep
|turn|6
|
|t:|1641765659
|move|p2a: Tornadus|Nasty Plot|p2a: Tornadus
|-boost|p2a: Tornadus|spa|2
|move|p1a: Blissey|Seismic Toss|p2a: Tornadus
|-damage|p2a: Tornadus|61/100 par
|
|-heal|p1a: Blissey|77/100|[from] item: Leftovers
|upkeep
|turn|7
|
|t:|1641765666
|switch|p1a: Clefable|Clefable, F, shiny|100/100
|move|p2a: Tornadus|Focus Blast|p1a: Clefable
|-resisted|p1a: Clefable
|-damage|p1a: Clefable|88/100
|
|-heal|p1a: Clefable|94/100|[from] item: Leftovers
|upkeep
|turn|8
|
|t:|1641765676
|switch|p2a: Heatran|Heatran, F|88/100
|move|p1a: Clefable|Calm Mind|p1a: Clefable
|-boost|p1a: Clefable|spa|1
|-boost|p1a: Clefable|spd|1
|
|-heal|p1a: Clefable|99/100|[from] item: Leftovers
|upkeep
|turn|9
|
|t:|1641765683
|move|p1a: Clefable|Protect|p1a: Clefable
|-singleturn|p1a: Clefable|Protect
|move|p2a: Heatran|Heavy Slam|p1a: Clefable
|-activate|p1a: Clefable|move: Protect
|
|-heal|p1a: Clefable|100/100|[from] item: Leftovers
|upkeep
|turn|10
|
|t:|1641765713
|switch|p1a: Ferrothorn|Ferrothorn, F|67/100 brn
|move|p2a: Heatran|Earth Power|p1a: Ferrothorn
|-damage|p1a: Ferrothorn|48/100 brn
|
|-heal|p1a: Ferrothorn|54/100 brn|[from] item: Leftovers
|-damage|p1a: Ferrothorn|48/100 brn|[from] brn
|upkeep
|turn|11
|
|t:|1641765723
|switch|p1a: Hippowdon|Hippowdon, F|100/100
|-weather|Sandstorm|[from] ability: Sand Stream|[of] p1a: Hippowdon
|move|p2a: Heatran|Magma Storm|p1a: Hippowdon
|-damage|p1a: Hippowdon|60/100
|-activate|p1a: Hippowdon|move: Magma Storm|[of] p2a: Heatran
|
|-weather|Sandstorm|[upkeep]
|-heal|p1a: Hippowdon|67/100|[from] item: Leftovers
|-damage|p1a: Hippowdon|54/100|[from] move: Magma Storm|[partiallytrapped]
|upkeep
|turn|12
|
|t:|1641765740
|switch|p2a: Tornadus|Tornadus-Therian, M|94/100 par
|move|p1a: Hippowdon|Slack Off|p1a: Hippowdon
|-heal|p1a: Hippowdon|100/100
|
|-weather|Sandstorm|[upkeep]
|-damage|p2a: Tornadus|88/100 par|[from] Sandstorm
|-end|p1a: Hippowdon|Magma Storm|[partiallytrapped]|[silent]
|upkeep
|turn|13
|
|t:|1641765749
|switch|p1a: Clefable|Clefable, F, shiny|100/100
|cant|p2a: Tornadus|par
|
|-weather|Sandstorm|[upkeep]
|-damage|p2a: Tornadus|82/100 par|[from] Sandstorm
|-damage|p1a: Clefable|94/100|[from] Sandstorm
|-heal|p1a: Clefable|100/100|[from] item: Leftovers
|upkeep
|turn|14
|
|t:|1641765770
|switch|p2a: Heatran|Heatran, F|88/100
|move|p1a: Clefable|Moonblast|p2a: Heatran
|-resisted|p2a: Heatran
|-damage|p2a: Heatran|82/100
|-unboost|p2a: Heatran|spa|1
|
|-weather|Sandstorm|[upkeep]
|-damage|p1a: Clefable|94/100|[from] Sandstorm
|-heal|p1a: Clefable|100/100|[from] item: Leftovers
|upkeep
|turn|15
|
|t:|1641765780
|switch|p1a: Hippowdon|Hippowdon, F|100/100
|move|p2a: Heatran|Toxic|p1a: Hippowdon
|-status|p1a: Hippowdon|tox
|
|-weather|none
|-damage|p1a: Hippowdon|94/100 tox|[from] psn
|upkeep
|turn|16
|inactive|Battle timer is ON: inactive players will automatically lose when time's up. (requested by Lucwasz)
|
|t:|1641765843
|switch|p2a: Tornadus|Tornadus-Therian, M|100/100 par
|move|p1a: Hippowdon|Stealth Rock|p2a: Tornadus
|-sidestart|p2: Ladder me bruh|move: Stealth Rock
|
|-heal|p1a: Hippowdon|100/100 tox|[from] item: Leftovers
|-damage|p1a: Hippowdon|88/100 tox|[from] psn
|upkeep
|turn|17
|
|t:|1641765857
|switch|p1a: Clefable|Clefable, F, shiny|100/100
|move|p2a: Tornadus|Knock Off|p1a: Clefable
|-resisted|p1a: Clefable
|-damage|p1a: Clefable|92/100
|-enditem|p1a: Clefable|Leftovers|[from] move: Knock Off|[of] p2a: Tornadus
|
|upkeep
|turn|18
|
|t:|1641765873
|switch|p2a: Hippowdon|Hippowdon, M|100/100
|-weather|Sandstorm|[from] ability: Sand Stream|[of] p2a: Hippowdon
|move|p1a: Clefable|Wish|p1a: Clefable
|
|-weather|Sandstorm|[upkeep]
|-damage|p1a: Clefable|86/100|[from] Sandstorm
|upkeep
|turn|19
|
|t:|1641765882
|switch|p1a: Ferrothorn|Ferrothorn, F|48/100 brn
|move|p2a: Hippowdon|Earthquake|p1a: Ferrothorn
|-damage|p1a: Ferrothorn|20/100 brn
|
|-weather|Sandstorm|[upkeep]
|-heal|p1a: Ferrothorn|76/100 brn|[from] move: Wish|[wisher] Clefable
|-heal|p1a: Ferrothorn|83/100 brn|[from] item: Leftovers
|-damage|p1a: Ferrothorn|76/100 brn|[from] brn
|upkeep
|turn|20
|
|t:|1641765892
|move|p2a: Hippowdon|Earthquake|p1a: Ferrothorn
|-damage|p1a: Ferrothorn|52/100 brn
|move|p1a: Ferrothorn|Knock Off|p2a: Hippowdon
|-damage|p2a: Hippowdon|93/100
|-enditem|p2a: Hippowdon|Heavy-Duty Boots|[from] move: Knock Off|[of] p1a: Ferrothorn
|
|-weather|Sandstorm|[upkeep]
|-heal|p1a: Ferrothorn|58/100 brn|[from] item: Leftovers
|-damage|p1a: Ferrothorn|52/100 brn|[from] brn
|upkeep
|turn|21
|
|t:|1641765902
|move|p2a: Hippowdon|Earthquake|p1a: Ferrothorn
|-damage|p1a: Ferrothorn|25/100 brn
|move|p1a: Ferrothorn|Leech Seed|p2a: Hippowdon
|-start|p2a: Hippowdon|move: Leech Seed
|
|-weather|Sandstorm|[upkeep]
|-heal|p1a: Ferrothorn|31/100 brn|[from] item: Leftovers
|-damage|p2a: Hippowdon|81/100|[from] Leech Seed|[of] p1a: Ferrothorn
|-heal|p1a: Ferrothorn|46/100 brn|[silent]
|-damage|p1a: Ferrothorn|40/100 brn|[from] brn
|upkeep
|turn|22
|
|t:|1641765917
|move|p1a: Ferrothorn|Protect|p1a: Ferrothorn
|-singleturn|p1a: Ferrothorn|Protect
|move|p2a: Hippowdon|Stealth Rock|p1a: Ferrothorn
|-sidestart|p1: Lucwasz|move: Stealth Rock
|
|-weather|none
|-heal|p1a: Ferrothorn|46/100 brn|[from] item: Leftovers
|-damage|p2a: Hippowdon|69/100|[from] Leech Seed|[of] p1a: Ferrothorn
|-heal|p1a: Ferrothorn|61/100 brn|[silent]
|-damage|p1a: Ferrothorn|55/100 brn|[from] brn
|upkeep
|turn|23
|
|t:|1641765926
|switch|p2a: Heatran|Heatran, F|82/100
|-damage|p2a: Heatran|69/100|[from] Stealth Rock
|switch|p1a: Corviknight|Corviknight, M|100/100
|-damage|p1a: Corviknight|88/100|[from] Stealth Rock
|-ability|p1a: Corviknight|Pressure
|
|-heal|p1a: Corviknight|94/100|[from] item: Leftovers
|upkeep
|turn|24
|
|t:|1641765941
|switch|p1a: Hippowdon|Hippowdon, F|88/100 tox
|-damage|p1a: Hippowdon|82/100 tox|[from] Stealth Rock
|-weather|Sandstorm|[from] ability: Sand Stream|[of] p1a: Hippowdon
|move|p2a: Heatran|Magma Storm|p1a: Hippowdon
|-damage|p1a: Hippowdon|43/100 tox
|-activate|p1a: Hippowdon|move: Magma Storm|[of] p2a: Heatran
|
|-weather|Sandstorm|[upkeep]
|-heal|p1a: Hippowdon|49/100 tox|[from] item: Leftovers
|-damage|p1a: Hippowdon|43/100 tox|[from] psn
|-damage|p1a: Hippowdon|31/100 tox|[from] move: Magma Storm|[partiallytrapped]
|upkeep
|turn|25
|
|t:|1641765957
|move|p2a: Heatran|Magma Storm|p1a: Hippowdon
|-damage|p1a: Hippowdon|0 fnt
|faint|p1a: Hippowdon
|
|-weather|Sandstorm|[upkeep]
|upkeep
|
|t:|1641765971
|switch|p1a: Toxapex|Toxapex, M|100/100
|-damage|p1a: Toxapex|88/100|[from] Stealth Rock
|turn|26
|
|t:|1641765989
|switch|p2a: Tornadus|Tornadus-Therian, M|100/100 par
|move|p1a: Toxapex|Scald|p2a: Tornadus
|-damage|p2a: Tornadus|81/100 par
|
|-weather|Sandstorm|[upkeep]
|-damage|p2a: Tornadus|75/100 par|[from] Sandstorm
|-damage|p1a: Toxapex|82/100|[from] Sandstorm
|-heal|p1a: Toxapex|88/100|[from] item: Black Sludge
|upkeep
|turn|27
|
|t:|1641765999
|switch|p1a: Blissey|Blissey, F|77/100
|-damage|p1a: Blissey|64/100|[from] Stealth Rock
|move|p2a: Tornadus|Hurricane|p1a: Blissey
|-damage|p1a: Blissey|52/100
|
|-weather|Sandstorm|[upkeep]
|-damage|p2a: Tornadus|69/100 par|[from] Sandstorm
|-damage|p1a: Blissey|45/100|[from] Sandstorm
|-heal|p1a: Blissey|52/100|[from] item: Leftovers
|upkeep
|turn|28
|
|t:|1641766015
|switch|p2a: Heatran|Heatran, F|69/100
|-damage|p2a: Heatran|57/100|[from] Stealth Rock
|move|p1a: Blissey|Heal Bell|p1a: Blissey
|-activate|p1a: Blissey|move: Heal Bell
|-curestatus|p1: Ferrothorn|brn|[msg]
|
|-weather|none
|-heal|p1a: Blissey|58/100|[from] item: Leftovers
|upkeep
|turn|29
|
|t:|1641766028
|move|p2a: Heatran|Earth Power|p1a: Blissey
|-damage|p1a: Blissey|50/100
|move|p1a: Blissey|Soft-Boiled|p1a: Blissey
|-heal|p1a: Blissey|99/100
|
|-heal|p1a: Blissey|100/100|[from] item: Leftovers
|upkeep
|turn|30
|
|t:|1641766037
|move|p2a: Heatran|Heavy Slam|p1a: Blissey
|-damage|p1a: Blissey|33/100
|move|p1a: Blissey|Thunder Wave|p2a: Heatran
|-status|p2a: Heatran|par
|
|-heal|p1a: Blissey|39/100|[from] item: Leftovers
|upkeep
|turn|31
|
|t:|1641766044
|move|p1a: Blissey|Soft-Boiled|p1a: Blissey
|-heal|p1a: Blissey|89/100
|cant|p2a: Heatran|par
|
|-heal|p1a: Blissey|96/100|[from] item: Leftovers
|upkeep
|turn|32
|
|t:|1641766051
|switch|p1a: Corviknight|Corviknight, M|94/100
|-damage|p1a: Corviknight|82/100|[from] Stealth Rock
|-ability|p1a: Corviknight|Pressure
|move|p2a: Heatran|Magma Storm|p1a: Corviknight|[miss]
|-miss|p2a: Heatran|p1a: Corviknight
|
|-heal|p1a: Corviknight|88/100|[from] item: Leftovers
|upkeep
|turn|33
|
|t:|1641766061
|move|p1a: Corviknight|U-turn|p2a: Heatran
|-resisted|p2a: Heatran
|-damage|p2a: Heatran|55/100 par
|
|t:|1641766064
|switch|p1a: Toxapex|Toxapex, M|100/100|[from]move: U-turn
|-damage|p1a: Toxapex|88/100|[from] Stealth Rock
|move|p2a: Heatran|Magma Storm|p1a: Toxapex
|-resisted|p1a: Toxapex
|-damage|p1a: Toxapex|69/100
|-activate|p1a: Toxapex|move: Magma Storm|[of] p2a: Heatran
|
|-heal|p1a: Toxapex|75/100|[from] item: Black Sludge
|-damage|p1a: Toxapex|63/100|[from] move: Magma Storm|[partiallytrapped]
|upkeep
|turn|34
|
|t:|1641766093
|switch|p2a: Slowking|Slowking, M|100/100
|move|p1a: Toxapex|Recover|p1a: Toxapex
|-heal|p1a: Toxapex|100/100
|
|-end|p1a: Toxapex|Magma Storm|[partiallytrapped]|[silent]
|upkeep
|turn|35
|
|t:|1641766105
|switch|p1a: Blissey|Blissey, F|96/100
|-damage|p1a: Blissey|83/100|[from] Stealth Rock
|move|p2a: Slowking|Teleport|p2a: Slowking
|
|t:|1641766117
|switch|p2a: Weavile|Weavile, F|57/100|[from]move: Teleport
|-ability|p2a: Weavile|Pressure
|
|-heal|p1a: Blissey|89/100|[from] item: Leftovers
|upkeep
|turn|36
|
|t:|1641766132
|switch|p1a: Toxapex|Toxapex, M|100/100
|-damage|p1a: Toxapex|88/100|[from] Stealth Rock
|move|p2a: Weavile|Swords Dance|p2a: Weavile
|-boost|p2a: Weavile|atk|2
|
|-heal|p1a: Toxapex|94/100|[from] item: Black Sludge
|upkeep
|turn|37
|
|t:|1641766139
|move|p2a: Weavile|Knock Off|p1a: Toxapex
|-damage|p1a: Toxapex|33/100
|-enditem|p1a: Toxapex|Black Sludge|[from] move: Knock Off|[of] p2a: Weavile
|move|p1a: Toxapex|Haze|p1a: Toxapex
|-clearallboost
|
|upkeep
|turn|38
|inactive|Ladder me bruh has 120 seconds left.
|
|t:|1641766170
|move|p2a: Weavile|Swords Dance|p2a: Weavile
|-boost|p2a: Weavile|atk|2
|move|p1a: Toxapex|Recover|p1a: Toxapex
|-heal|p1a: Toxapex|83/100
|
|upkeep
|turn|39
|
|t:|1641766175
|move|p2a: Weavile|Swords Dance|p2a: Weavile
|-boost|p2a: Weavile|atk|2
|move|p1a: Toxapex|Scald|p2a: Weavile
|-damage|p2a: Weavile|34/100
|
|upkeep
|turn|40
|
|t:|1641766183
|move|p2a: Weavile|Knock Off|p1a: Toxapex
|-damage|p1a: Toxapex|22/100
|move|p1a: Toxapex|Haze|p1a: Toxapex
|-clearallboost
|
|upkeep
|turn|41
|
|t:|1641766188
|move|p2a: Weavile|Knock Off|p1a: Toxapex
|-damage|p1a: Toxapex|4/100
|move|p1a: Toxapex|Recover|p1a: Toxapex
|-heal|p1a: Toxapex|54/100
|
|upkeep
|turn|42
|
|t:|1641766194
|switch|p2a: Tornadus|Tornadus-Therian, M|100/100 par
|move|p1a: Toxapex|Recover|p1a: Toxapex
|-heal|p1a: Toxapex|100/100
|
|upkeep
|turn|43
|
|t:|1641766203
|switch|p2a: Hippowdon|Hippowdon, M|69/100
|-damage|p2a: Hippowdon|62/100|[from] Stealth Rock
|-weather|Sandstorm|[from] ability: Sand Stream|[of] p2a: Hippowdon
|switch|p1a: Corviknight|Corviknight, M|88/100
|-damage|p1a: Corviknight|75/100|[from] Stealth Rock
|-ability|p1a: Corviknight|Pressure
|
|-weather|Sandstorm|[upkeep]
|-heal|p1a: Corviknight|82/100|[from] item: Leftovers
|upkeep
|turn|44
|
|t:|1641766214
|move|p1a: Corviknight|Body Press|p2a: Hippowdon
|-damage|p2a: Hippowdon|45/100
|move|p2a: Hippowdon|Slack Off|p2a: Hippowdon
|-heal|p2a: Hippowdon|95/100
|
|-weather|Sandstorm|[upkeep]
|-heal|p1a: Corviknight|88/100|[from] item: Leftovers
|upkeep
|turn|45
|
|t:|1641766225
|switch|p2a: Tangrowth|Tangrowth, M|100/100
|-damage|p2a: Tangrowth|88/100|[from] Stealth Rock
|move|p1a: Corviknight|U-turn|p2a: Tangrowth
|-supereffective|p2a: Tangrowth
|-damage|p2a: Tangrowth|73/100
|-damage|p1a: Corviknight|71/100|[from] item: Rocky Helmet|[of] p2a: Tangrowth
|
|t:|1641766236
|switch|p1a: Clefable|Clefable, F, shiny|86/100|[from]move: U-turn
|-damage|p1a: Clefable|74/100|[from] Stealth Rock
|
|-weather|Sandstorm|[upkeep]
|-damage|p1a: Clefable|68/100|[from] Sandstorm
|-damage|p2a: Tangrowth|67/100|[from] Sandstorm
|upkeep
|turn|46
|
|t:|1641766242
|move|p1a: Clefable|Wish|p1a: Clefable
|move|p2a: Tangrowth|Sludge Bomb|p1a: Clefable
|-supereffective|p1a: Clefable
|-damage|p1a: Clefable|30/100
|
|-weather|Sandstorm|[upkeep]
|-damage|p1a: Clefable|24/100|[from] Sandstorm
|-damage|p2a: Tangrowth|61/100|[from] Sandstorm
|upkeep
|turn|47
|
|t:|1641766258
|move|p1a: Clefable|Protect|p1a: Clefable
|-singleturn|p1a: Clefable|Protect
|move|p2a: Tangrowth|Sludge Bomb|p1a: Clefable
|-activate|p1a: Clefable|move: Protect
|
|-weather|none
|-heal|p1a: Clefable|74/100|[from] move: Wish|[wisher] Clefable
|upkeep
|turn|48
|
|t:|1641766266
|move|p1a: Clefable|Wish|p1a: Clefable
|move|p2a: Tangrowth|Sludge Bomb|p1a: Clefable
|-supereffective|p1a: Clefable
|-damage|p1a: Clefable|32/100
|
|upkeep
|turn|49
|
|t:|1641766272
|switch|p2a: Heatran|Heatran, F|55/100 par
|-damage|p2a: Heatran|42/100 par|[from] Stealth Rock
|move|p1a: Clefable|Protect||[still]
|-fail|p1a: Clefable
|
|-heal|p1a: Clefable|82/100|[from] move: Wish|[wisher] Clefable
|upkeep
|turn|50
|
|t:|1641766281
|switch|p1a: Toxapex|Toxapex, M|100/100
|-damage|p1a: Toxapex|88/100|[from] Stealth Rock
|move|p2a: Heatran|Heavy Slam|p1a: Toxapex
|-resisted|p1a: Toxapex
|-damage|p1a: Toxapex|77/100
|
|upkeep
|turn|51
|
|t:|1641766297
|switch|p2a: Slowking|Slowking, M|100/100
|move|p1a: Toxapex|Scald|p2a: Slowking
|-resisted|p2a: Slowking
|-damage|p2a: Slowking|96/100
|
|upkeep
|turn|52
|
|t:|1641766305
|move|p1a: Toxapex|Toxic|p2a: Slowking
|-status|p2a: Slowking|tox
|move|p2a: Slowking|Future Sight|p1a: Toxapex
|-start|p2a: Slowking|move: Future Sight
|
|-damage|p2a: Slowking|90/100 tox|[from] psn
|upkeep
|turn|53
|
|t:|1641766315
|switch|p1a: Blissey|Blissey, F|89/100
|-damage|p1a: Blissey|77/100|[from] Stealth Rock
|move|p2a: Slowking|Teleport|p2a: Slowking
|
|t:|1641766330
|switch|p2a: Heatran|Heatran, F|42/100 par|[from]move: Teleport
|-damage|p2a: Heatran|30/100 par|[from] Stealth Rock
|
|-heal|p1a: Blissey|83/100|[from] item: Leftovers
|upkeep
|turn|54
|
|t:|1641766345
|switch|p1a: Corviknight|Corviknight, M|71/100
|-damage|p1a: Corviknight|59/100|[from] Stealth Rock
|-ability|p1a: Corviknight|Pressure
|move|p2a: Heatran|Heavy Slam|p1a: Corviknight
|-resisted|p1a: Corviknight
|-damage|p1a: Corviknight|48/100
|
|-end|p1a: Corviknight|move: Future Sight
|-resisted|p1a: Corviknight
|-damage|p1a: Corviknight|27/100
|-heal|p1a: Corviknight|34/100|[from] item: Leftovers
|upkeep
|turn|55
|
|t:|1641766368
|switch|p1a: Toxapex|Toxapex, M|100/100
|-damage|p1a: Toxapex|88/100|[from] Stealth Rock
|switch|p2a: Tornadus|Tornadus-Therian, M|100/100 par
|
|upkeep
|turn|56
|
|t:|1641766381
|switch|p1a: Clefable|Clefable, F, shiny|82/100
|-damage|p1a: Clefable|69/100|[from] Stealth Rock
|move|p2a: Tornadus|Nasty Plot|p2a: Tornadus
|-boost|p2a: Tornadus|spa|2
|
|upkeep
|turn|57
|
|t:|1641766395
|switch|p2a: Hippowdon|Hippowdon, M|95/100
|-damage|p2a: Hippowdon|89/100|[from] Stealth Rock
|-weather|Sandstorm|[from] ability: Sand Stream|[of] p2a: Hippowdon
|move|p1a: Clefable|Wish|p1a: Clefable
|
|-weather|Sandstorm|[upkeep]
|-damage|p1a: Clefable|63/100|[from] Sandstorm
|upkeep
|turn|58
|
|t:|1641766405
|switch|p1a: Ferrothorn|Ferrothorn, F|55/100
|-damage|p1a: Ferrothorn|49/100|[from] Stealth Rock
|move|p2a: Hippowdon|Toxic|p1a: Ferrothorn
|-immune|p1a: Ferrothorn
|
|-weather|Sandstorm|[upkeep]
|-heal|p1a: Ferrothorn|100/100|[from] move: Wish|[wisher] Clefable
|upkeep
|turn|59
|
|t:|1641766417
|switch|p2a: Tangrowth|Tangrowth, M|94/100
|-damage|p2a: Tangrowth|82/100|[from] Stealth Rock
|move|p1a: Ferrothorn|Leech Seed|p2a: Tangrowth
|-immune|p2a: Tangrowth
|
|-weather|Sandstorm|[upkeep]
|-damage|p2a: Tangrowth|75/100|[from] Sandstorm
|upkeep
|turn|60
|
|t:|1641766425
|move|p2a: Tangrowth|Focus Blast|p1a: Ferrothorn
|-supereffective|p1a: Ferrothorn
|-damage|p1a: Ferrothorn|60/100
|move|p1a: Ferrothorn|Thunder Wave|p2a: Tangrowth|[miss]
|-miss|p1a: Ferrothorn|p2a: Tangrowth
|
|-weather|Sandstorm|[upkeep]
|-damage|p2a: Tangrowth|69/100|[from] Sandstorm
|-heal|p1a: Ferrothorn|66/100|[from] item: Leftovers
|upkeep
|turn|61
|
|t:|1641766434
|move|p1a: Ferrothorn|Protect|p1a: Ferrothorn
|-singleturn|p1a: Ferrothorn|Protect
|move|p2a: Tangrowth|Giga Drain|p1a: Ferrothorn
|-activate|p1a: Ferrothorn|move: Protect
|
|-weather|none
|-heal|p1a: Ferrothorn|72/100|[from] item: Leftovers
|upkeep
|turn|62
|
|t:|1641766454
|switch|p2a: Tornadus|Tornadus-Therian, M|100/100 par
|switch|p1a: Clefable|Clefable, F, shiny|63/100
|-damage|p1a: Clefable|51/100|[from] Stealth Rock
|
|upkeep
|turn|63
|
|t:|1641766461
|move|p2a: Tornadus|Hurricane|p1a: Clefable
|-crit|p1a: Clefable
|-damage|p1a: Clefable|0 fnt
|faint|p1a: Clefable
|
|upkeep
|-message|Lucwasz forfeited.
|
|win|Ladder me bruh
|raw|Lucwasz's rating: 1401 &rarr; <strong>1378</strong><br />(-23 for losing)
|raw|Ladder me bruh's rating: 1351 &rarr; <strong>1374</strong><br />(+23 for winning)
|l|☆Lucwasz
|l|☆Ladder me bruh
|j|☆Ladder me bruh
|player|p2|Ladder me bruh|pokemaniac
