|j|☆TheFalinksArmy
|j|☆Rocket_Grunt_Pwn
|t:|1641798854
|gametype|singles
|player|p1|TheFalinksArmy|ghetsis-gen5bw|1403
|player|p2|Rocket_Grunt_Pwn|rocketgrunt|1443
|teamsize|p1|6
|teamsize|p2|6
|gen|8
|tier|[Gen 8] OU
|rated|
|rule|Sleep Clause Mod: Limit one foe put to sleep
|rule|Species Clause: Limit one of each Pokémon
|rule|OHKO Clause: OHKO moves are banned
|rule|Evasion Moves Clause: Evasion moves are banned
|rule|Endless Battle Clause: Forcing endless battles is banned
|rule|HP Percentage Mod: HP is shown in percentages
|rule|Dynamax Clause: You cannot dynamax
|clearpoke
|poke|p1|Corviknight, F|
|poke|p1|Blissey, F|
|poke|p1|Ditto|
|poke|p1|Toxapex, M|
|poke|p1|Tangrowth, F|
|poke|p1|Clefable, M|
|poke|p2|Hippowdon, M|
|poke|p2|Corviknight, M|
|poke|p2|Blissey, F|
|poke|p2|Ferrothorn, M|
|poke|p2|Toxapex, M|
|poke|p2|Clefable, M|
|teampreview
|inactive|Battle timer is ON: inactive players will automatically lose when time's up. (requested by Rocket_Grunt_Pwn)
|
|t:|1641798863
|start
|switch|p1a: Clefable|Clefable, M|100/100
|switch|p2a: Corviknight|Corviknight, M|100/100
|-ability|p2a: Corviknight|Pressure
|turn|1
|c|☆TheFalinksArmy|This is gonna be fun
|
|t:|1641798878
|move|p2a: Corviknight|Taunt|p1a: Clefable
|-start|p1a: Clefable|move: Taunt
|cant|p1a: Clefable|move: Taunt|Stealth Rock
|
|upkeep
|turn|2
|c|☆Rocket_Grunt_Pwn|I'm excited!
|
|t:|1641798889
|switch|p2a: Hippowdon|Hippowdon, M|100/100
|-weather|Sandstorm|[from] ability: Sand Stream|[of] p2a: Hippowdon
|switch|p1a: Toxapex|Toxapex, M|100/100
|
|-weather|Sandstorm|[upkeep]
|-damage|p1a: Toxapex|94/100|[from] Sandstorm
|upkeep
|turn|3
|c|☆TheFalinksArmy|A very anticipated battle between two very patient men
|
|t:|1641798908
|switch|p1a: Tangrowth|Tangrowth, F|100/100
|move|p2a: Hippowdon|Stealth Rock|p1a: Tangrowth
|-sidestart|p1: TheFalinksArmy|move: Stealth Rock
|
|-weather|Sandstorm|[upkeep]
|-damage|p1a: Tangrowth|94/100|[from] Sandstorm
|upkeep
|turn|4
|
|t:|1641798919
|switch|p2a: Toxapex|Toxapex, M|100/100
|move|p1a: Tangrowth|Knock Off|p2a: Toxapex
|-damage|p2a: Toxapex|87/100
|-enditem|p2a: Toxapex|Black Sludge|[from] move: Knock Off|[of] p1a: Tangrowth
|
|-weather|Sandstorm|[upkeep]
|-damage|p1a: Tangrowth|88/100|[from] Sandstorm
|-damage|p2a: Toxapex|81/100|[from] Sandstorm
|upkeep
|turn|5
|
|t:|1641798927
|switch|p1a: Blissey|Blissey, F|100/100
|move|p2a: Toxapex|Toxic|p1a: Blissey
|-status|p1a: Blissey|tox
|
|-weather|Sandstorm|[upkeep]
|-damage|p1a: Blissey|94/100 tox|[from] Sandstorm
|-damage|p2a: Toxapex|75/100|[from] Sandstorm
|-damage|p1a: Blissey|88/100 tox|[from] psn
|upkeep
|turn|6
|
|t:|1641798932
|switch|p2a: Ferrothorn|Ferrothorn, M|100/100
|move|p1a: Blissey|Seismic Toss|p2a: Ferrothorn
|-damage|p2a: Ferrothorn|72/100
|-damage|p1a: Blissey|76/100 tox|[from] ability: Iron Barbs|[of] p2a: Ferrothorn
|
|-weather|none
|-heal|p2a: Ferrothorn|78/100|[from] item: Leftovers
|-damage|p1a: Blissey|63/100 tox|[from] psn
|upkeep
|turn|7
|
|t:|1641798939
|move|p1a: Blissey|Soft-Boiled|p1a: Blissey
|-heal|p1a: Blissey|100/100 tox
|move|p2a: Ferrothorn|Spikes|p1a: Blissey
|-sidestart|p1: TheFalinksArmy|Spikes
|
|-heal|p2a: Ferrothorn|85/100|[from] item: Leftovers
|-damage|p1a: Blissey|82/100 tox|[from] psn
|upkeep
|turn|8
|
|t:|1641798945
|-curestatus|p1a: Blissey|tox|[from] ability: Natural Cure
|switch|p1a: Corviknight|Corviknight, F|100/100
|-damage|p1a: Corviknight|88/100|[from] Stealth Rock
|-ability|p1a: Corviknight|Pressure
|move|p2a: Ferrothorn|Leech Seed|p1a: Corviknight
|-start|p1a: Corviknight|move: Leech Seed
|
|-heal|p1a: Corviknight|94/100|[from] item: Leftovers
|-heal|p2a: Ferrothorn|91/100|[from] item: Leftovers
|-damage|p1a: Corviknight|82/100|[from] Leech Seed|[of] p2a: Ferrothorn
|-heal|p2a: Ferrothorn|100/100|[silent]
|upkeep
|turn|9
|
|t:|1641798955
|switch|p1a: Clefable|Clefable, M|100/100
|move|p2a: Ferrothorn|Protect||[still]
|-fail|p2a: Ferrothorn
|
|upkeep
|turn|10
|
|t:|1641798959
|move|p1a: Clefable|Stealth Rock|p2a: Ferrothorn
|-sidestart|p2: Rocket_Grunt_Pwn|move: Stealth Rock
|move|p2a: Ferrothorn|Knock Off|p1a: Clefable
|-resisted|p1a: Clefable
|-damage|p1a: Clefable|88/100
|-enditem|p1a: Clefable|Leftovers|[from] move: Knock Off|[of] p2a: Ferrothorn
|
|upkeep
|turn|11
|
|t:|1641798963
|move|p2a: Ferrothorn|Spikes|p1a: Clefable
|-sidestart|p1: TheFalinksArmy|Spikes
|move|p1a: Clefable|Teleport|p1a: Clefable
|
|t:|1641798966
|switch|p1a: Tangrowth|Tangrowth, F|100/100|[from]move: Teleport
|-damage|p1a: Tangrowth|84/100|[from] Spikes
|-damage|p1a: Tangrowth|72/100|[from] Stealth Rock
|
|upkeep
|turn|12
|
|t:|1641798975
|move|p1a: Tangrowth|Focus Blast|p2a: Ferrothorn
|-supereffective|p2a: Ferrothorn
|-damage|p2a: Ferrothorn|56/100
|move|p2a: Ferrothorn|Knock Off|p1a: Tangrowth
|-damage|p1a: Tangrowth|61/100
|-damage|p2a: Ferrothorn|40/100|[from] item: Rocky Helmet|[of] p1a: Tangrowth
|-enditem|p1a: Tangrowth|Rocky Helmet|[from] move: Knock Off|[of] p2a: Ferrothorn
|
|-heal|p2a: Ferrothorn|46/100|[from] item: Leftovers
|upkeep
|turn|13
|
|t:|1641798986
|move|p2a: Ferrothorn|Protect|p2a: Ferrothorn
|-singleturn|p2a: Ferrothorn|Protect
|move|p1a: Tangrowth|Focus Blast|p2a: Ferrothorn
|-activate|p2a: Ferrothorn|move: Protect
|
|-heal|p2a: Ferrothorn|52/100|[from] item: Leftovers
|upkeep
|turn|14
|
|t:|1641798990
|switch|p2a: Toxapex|Toxapex, M|100/100
|-damage|p2a: Toxapex|88/100|[from] Stealth Rock
|move|p1a: Tangrowth|Focus Blast|p2a: Toxapex
|-resisted|p2a: Toxapex
|-damage|p2a: Toxapex|76/100
|
|upkeep
|turn|15
|
|t:|1641798993
|move|p1a: Tangrowth|Sleep Powder|p2a: Toxapex
|-status|p2a: Toxapex|slp|[from] move: Sleep Powder
|cant|p2a: Toxapex|slp
|
|upkeep
|turn|16
|
|t:|1641798997
|move|p1a: Tangrowth|Giga Drain|p2a: Toxapex
|-damage|p2a: Toxapex|51/100 slp
|-heal|p1a: Tangrowth|71/100|[from] drain|[of] p2a: Toxapex
|-curestatus|p2a: Toxapex|slp|[msg]
|move|p2a: Toxapex|Toxic|p1a: Tangrowth
|-status|p1a: Tangrowth|tox
|
|-damage|p1a: Tangrowth|65/100 tox|[from] psn
|upkeep
|turn|17
|
|t:|1641799003
|move|p1a: Tangrowth|Sleep Powder|p2a: Toxapex
|-status|p2a: Toxapex|slp|[from] move: Sleep Powder
|cant|p2a: Toxapex|slp
|
|-damage|p1a: Tangrowth|52/100 tox|[from] psn
|upkeep
|turn|18
|
|t:|1641799016
|switch|p1a: Corviknight|Corviknight, F|82/100
|-damage|p1a: Corviknight|69/100|[from] Stealth Rock
|-ability|p1a: Corviknight|Pressure
|switch|p2a: Corviknight|Corviknight, M|100/100
|-damage|p2a: Corviknight|88/100|[from] Stealth Rock
|-ability|p2a: Corviknight|Pressure
|
|-heal|p1a: Corviknight|75/100|[from] item: Leftovers
|-heal|p2a: Corviknight|94/100|[from] item: Leftovers
|upkeep
|turn|19
|
|t:|1641799022
|move|p2a: Corviknight|Taunt|p1a: Corviknight
|-start|p1a: Corviknight|move: Taunt
|move|p1a: Corviknight|Body Press|p2a: Corviknight
|-damage|p2a: Corviknight|80/100
|
|-heal|p1a: Corviknight|82/100|[from] item: Leftovers
|-heal|p2a: Corviknight|87/100|[from] item: Leftovers
|upkeep
|turn|20
|
|t:|1641799033
|switch|p2a: Hippowdon|Hippowdon, M|100/100
|-damage|p2a: Hippowdon|94/100|[from] Stealth Rock
|-weather|Sandstorm|[from] ability: Sand Stream|[of] p2a: Hippowdon
|move|p1a: Corviknight|Body Press|p2a: Hippowdon
|-damage|p2a: Hippowdon|79/100
|
|-weather|Sandstorm|[upkeep]
|-heal|p1a: Corviknight|88/100|[from] item: Leftovers
|-heal|p2a: Hippowdon|85/100|[from] item: Leftovers
|upkeep
|turn|21
|
|t:|1641799045
|switch|p1a: Tangrowth|Tangrowth, F|86/100 tox
|-damage|p1a: Tangrowth|69/100 tox|[from] Spikes
|-damage|p1a: Tangrowth|57/100 tox|[from] Stealth Rock
|move|p2a: Hippowdon|Whirlwind|p1a: Tangrowth
|drag|p1a: Clefable|Clefable, M|88/100
|
|-weather|Sandstorm|[upkeep]
|-heal|p2a: Hippowdon|91/100|[from] item: Leftovers
|upkeep
|turn|22
|
|t:|1641799054
|move|p1a: Clefable|Moonblast|p2a: Hippowdon
|-damage|p2a: Hippowdon|64/100
|move|p2a: Hippowdon|Whirlwind|p1a: Clefable
|drag|p1a: Tangrowth|Tangrowth, F|90/100 tox
|-damage|p1a: Tangrowth|73/100 tox|[from] Spikes
|-damage|p1a: Tangrowth|61/100 tox|[from] Stealth Rock
|
|-weather|Sandstorm|[upkeep]
|-damage|p1a: Tangrowth|55/100 tox|[from] Sandstorm
|-heal|p2a: Hippowdon|70/100|[from] item: Leftovers
|-damage|p1a: Tangrowth|49/100 tox|[from] psn
|upkeep
|turn|23
|
|t:|1641799063
|switch|p2a: Corviknight|Corviknight, M|87/100
|-damage|p2a: Corviknight|74/100|[from] Stealth Rock
|-ability|p2a: Corviknight|Pressure
|move|p1a: Tangrowth|Giga Drain|p2a: Corviknight
|-resisted|p2a: Corviknight
|-damage|p2a: Corviknight|68/100
|-heal|p1a: Tangrowth|52/100 tox|[from] drain|[of] p2a: Corviknight
|
|-weather|Sandstorm|[upkeep]
|-damage|p1a: Tangrowth|46/100 tox|[from] Sandstorm
|-heal|p2a: Corviknight|74/100|[from] item: Leftovers
|-damage|p1a: Tangrowth|33/100 tox|[from] psn
|upkeep
|turn|24
|
|t:|1641799070
|switch|p1a: Corviknight|Corviknight, F|88/100
|-damage|p1a: Corviknight|75/100|[from] Stealth Rock
|-ability|p1a: Corviknight|Pressure
|move|p2a: Corviknight|Brave Bird|p1a: Corviknight
|-resisted|p1a: Corviknight
|-damage|p1a: Corviknight|64/100
|-damage|p2a: Corviknight|70/100|[from] Recoil
|
|-weather|none
|-heal|p1a: Corviknight|70/100|[from] item: Leftovers
|-heal|p2a: Corviknight|77/100|[from] item: Leftovers
|upkeep
|turn|25
|
|t:|1641799075
|move|p1a: Corviknight|Body Press|p2a: Corviknight
|-damage|p2a: Corviknight|62/100
|move|p2a: Corviknight|Taunt|p1a: Corviknight
|-start|p1a: Corviknight|move: Taunt
|
|-heal|p1a: Corviknight|76/100|[from] item: Leftovers
|-heal|p2a: Corviknight|68/100|[from] item: Leftovers
|upkeep
|turn|26
|
|t:|1641799081
|move|p2a: Corviknight|Roost|p2a: Corviknight
|-heal|p2a: Corviknight|100/100
|-singleturn|p2a: Corviknight|move: Roost
|move|p1a: Corviknight|Body Press|p2a: Corviknight
|-supereffective|p2a: Corviknight
|-damage|p2a: Corviknight|73/100
|
|-heal|p1a: Corviknight|83/100|[from] item: Leftovers
|-heal|p2a: Corviknight|79/100|[from] item: Leftovers
|upkeep
|turn|27
|
|t:|1641799091
|switch|p2a: Hippowdon|Hippowdon, M|70/100
|-damage|p2a: Hippowdon|64/100|[from] Stealth Rock
|-weather|Sandstorm|[from] ability: Sand Stream|[of] p2a: Hippowdon
|move|p1a: Corviknight|Body Press|p2a: Hippowdon
|-damage|p2a: Hippowdon|48/100
|
|-weather|Sandstorm|[upkeep]
|-heal|p1a: Corviknight|89/100|[from] item: Leftovers
|-heal|p2a: Hippowdon|55/100|[from] item: Leftovers
|upkeep
|turn|28
|
|t:|1641799095
|move|p1a: Corviknight|U-turn|p2a: Hippowdon
|-damage|p2a: Hippowdon|45/100
|
|t:|1641799099
|switch|p1a: Clefable|Clefable, M|88/100|[from]move: U-turn
|move|p2a: Hippowdon|Slack Off|p2a: Hippowdon
|-heal|p2a: Hippowdon|95/100
|
|-weather|Sandstorm|[upkeep]
|-heal|p2a: Hippowdon|100/100|[from] item: Leftovers
|upkeep
|turn|29
|
|t:|1641799104
|move|p1a: Clefable|Moonblast|p2a: Hippowdon
|-damage|p2a: Hippowdon|71/100
|move|p2a: Hippowdon|Whirlwind|p1a: Clefable
|drag|p1a: Ditto|Ditto|100/100
|-damage|p1a: Ditto|84/100|[from] Spikes
|-damage|p1a: Ditto|72/100|[from] Stealth Rock
|-transform|p1a: Ditto|p2a: Hippowdon|[from] ability: Imposter
|
|-weather|Sandstorm|[upkeep]
|-heal|p2a: Hippowdon|77/100|[from] item: Leftovers
|upkeep
|turn|30
|
|t:|1641799114
|move|p1a: Ditto|Slack Off|p1a: Ditto
|-heal|p1a: Ditto|100/100
|move|p2a: Hippowdon|Whirlwind|p1a: Ditto
|drag|p1a: Corviknight|Corviknight, F|89/100
|-damage|p1a: Corviknight|76/100|[from] Stealth Rock
|-ability|p1a: Corviknight|Pressure
|
|-weather|Sandstorm|[upkeep]
|-heal|p1a: Corviknight|83/100|[from] item: Leftovers
|-heal|p2a: Hippowdon|84/100|[from] item: Leftovers
|upkeep
|turn|31
|
|t:|1641799121
|move|p1a: Corviknight|Defog|p2a: Hippowdon
|-unboost|p2a: Hippowdon|evasion|1
|-sideend|p2: Rocket_Grunt_Pwn|Stealth Rock|[from] move: Defog|[of] p1a: Corviknight
|-sideend|p1: TheFalinksArmy|Spikes|[from] move: Defog|[of] p1a: Corviknight
|-sideend|p1: TheFalinksArmy|Stealth Rock|[from] move: Defog|[of] p1a: Corviknight
|move|p2a: Hippowdon|Whirlwind|p1a: Corviknight
|drag|p1a: Toxapex|Toxapex, M|100/100
|
|-weather|none
|-heal|p2a: Hippowdon|90/100|[from] item: Leftovers
|upkeep
|turn|32
|
|t:|1641799125
|move|p1a: Toxapex|Knock Off|p2a: Hippowdon
|-damage|p2a: Hippowdon|82/100
|-enditem|p2a: Hippowdon|Leftovers|[from] move: Knock Off|[of] p1a: Toxapex
|move|p2a: Hippowdon|Stealth Rock|p1a: Toxapex
|-sidestart|p1: TheFalinksArmy|move: Stealth Rock
|
|upkeep
|turn|33
|
|t:|1641799143
|switch|p2a: Ferrothorn|Ferrothorn, M|52/100
|move|p1a: Toxapex|Toxic Spikes|p2a: Ferrothorn
|-sidestart|p2: Rocket_Grunt_Pwn|move: Toxic Spikes
|
|-heal|p2a: Ferrothorn|58/100|[from] item: Leftovers
|upkeep
|turn|34
|
|t:|1641799152
|switch|p1a: Ditto|Ditto|100/100
|-damage|p1a: Ditto|88/100|[from] Stealth Rock
|-transform|p1a: Ditto|p2a: Ferrothorn|[from] ability: Imposter
|move|p2a: Ferrothorn|Leech Seed|p1a: Ditto
|-immune|p1a: Ditto
|
|-heal|p2a: Ferrothorn|65/100|[from] item: Leftovers
|upkeep
|turn|35
|
|t:|1641799165
|switch|p2a: Toxapex|Toxapex, M|84/100 slp
|-sideend|p2: Rocket_Grunt_Pwn|move: Toxic Spikes|[of] p2a: Toxapex
|move|p1a: Ditto|Spikes|p2a: Toxapex
|-sidestart|p2: Rocket_Grunt_Pwn|Spikes
|
|upkeep
|turn|36
|
|t:|1641799173
|switch|p2a: Hippowdon|Hippowdon, M|82/100
|-damage|p2a: Hippowdon|70/100|[from] Spikes
|-weather|Sandstorm|[from] ability: Sand Stream|[of] p2a: Hippowdon
|move|p1a: Ditto|Spikes|p2a: Hippowdon
|-sidestart|p2: Rocket_Grunt_Pwn|Spikes
|
|-weather|Sandstorm|[upkeep]
|upkeep
|turn|37
|
|t:|1641799176
|move|p1a: Ditto|Spikes|p2a: Hippowdon
|-sidestart|p2: Rocket_Grunt_Pwn|Spikes
|move|p2a: Hippowdon|Whirlwind|p1a: Ditto
|drag|p1a: Clefable|Clefable, M|88/100
|
|-weather|Sandstorm|[upkeep]
|upkeep
|turn|38
|
|t:|1641799180
|switch|p2a: Corviknight|Corviknight, M|79/100
|-ability|p2a: Corviknight|Pressure
|move|p1a: Clefable|Moonblast|p2a: Corviknight
|-resisted|p2a: Corviknight
|-damage|p2a: Corviknight|63/100
|
|-weather|Sandstorm|[upkeep]
|-heal|p2a: Corviknight|69/100|[from] item: Leftovers
|upkeep
|turn|39
|
|t:|1641799190
|switch|p1a: Toxapex|Toxapex, M|100/100
|-damage|p1a: Toxapex|88/100|[from] Stealth Rock
|move|p2a: Corviknight|Defog|p1a: Toxapex
|-unboost|p1a: Toxapex|evasion|1
|-sideend|p1: TheFalinksArmy|Stealth Rock|[from] move: Defog|[of] p2a: Corviknight
|-sideend|p2: Rocket_Grunt_Pwn|Spikes|[from] move: Defog|[of] p2a: Corviknight
|
|-weather|Sandstorm|[upkeep]
|-damage|p1a: Toxapex|82/100|[from] Sandstorm
|-heal|p2a: Corviknight|75/100|[from] item: Leftovers
|upkeep
|turn|40
|
|t:|1641799203
|switch|p2a: Ferrothorn|Ferrothorn, M|65/100
|move|p1a: Toxapex|Knock Off|p2a: Ferrothorn
|-crit|p2a: Ferrothorn
|-damage|p2a: Ferrothorn|50/100
|-damage|p1a: Toxapex|69/100|[from] ability: Iron Barbs|[of] p2a: Ferrothorn
|-enditem|p2a: Ferrothorn|Leftovers|[from] move: Knock Off|[of] p1a: Toxapex
|
|-weather|none
|upkeep
|turn|41
|
|t:|1641799209
|switch|p1a: Ditto|Ditto|88/100
|-transform|p1a: Ditto|p2a: Ferrothorn|[from] ability: Imposter
|move|p2a: Ferrothorn|Knock Off|p1a: Ditto
|-damage|p1a: Ditto|72/100
|-damage|p2a: Ferrothorn|37/100|[from] ability: Iron Barbs|[of] p1a: Ditto
|-enditem|p1a: Ditto|Choice Scarf|[from] move: Knock Off|[of] p2a: Ferrothorn
|
|upkeep
|turn|42
|
|t:|1641799217
|switch|p2a: Blissey|Blissey, F|100/100
|move|p1a: Ditto|Spikes|p2a: Blissey
|-sidestart|p2: Rocket_Grunt_Pwn|Spikes
|
|upkeep
|turn|43
|
|t:|1641799226
|move|p2a: Blissey|Seismic Toss|p1a: Ditto
|-damage|p1a: Ditto|38/100
|-damage|p2a: Blissey|88/100|[from] ability: Iron Barbs|[of] p1a: Ditto
|move|p1a: Ditto|Spikes|p2a: Blissey
|-sidestart|p2: Rocket_Grunt_Pwn|Spikes
|
|-heal|p2a: Blissey|94/100|[from] item: Leftovers
|upkeep
|turn|44
|
|t:|1641799235
|switch|p1a: Toxapex|Toxapex, M|100/100
|move|p2a: Blissey|Seismic Toss|p1a: Toxapex
|-damage|p1a: Toxapex|68/100
|-damage|p2a: Blissey|78/100|[from] item: Rocky Helmet|[of] p1a: Toxapex
|
|-heal|p2a: Blissey|84/100|[from] item: Leftovers
|upkeep
|turn|45
|
|t:|1641799242
|switch|p2a: Corviknight|Corviknight, M|75/100
|-ability|p2a: Corviknight|Pressure
|move|p1a: Toxapex|Recover|p1a: Toxapex
|-heal|p1a: Toxapex|100/100
|
|-heal|p2a: Corviknight|81/100|[from] item: Leftovers
|upkeep
|turn|46
|
|t:|1641799246
|switch|p1a: Corviknight|Corviknight, F|83/100
|-ability|p1a: Corviknight|Pressure
|move|p2a: Corviknight|Defog|p1a: Corviknight
|-unboost|p1a: Corviknight|evasion|1
|-sideend|p2: Rocket_Grunt_Pwn|Spikes|[from] move: Defog|[of] p2a: Corviknight
|
|-heal|p1a: Corviknight|89/100|[from] item: Leftovers
|-heal|p2a: Corviknight|88/100|[from] item: Leftovers
|upkeep
|turn|47
|
|t:|1641799253
|move|p2a: Corviknight|Taunt|p1a: Corviknight
|-start|p1a: Corviknight|move: Taunt
|move|p1a: Corviknight|U-turn|p2a: Corviknight
|-resisted|p2a: Corviknight
|-damage|p2a: Corviknight|86/100
|
|t:|1641799256
|switch|p1a: Toxapex|Toxapex, M|100/100|[from]move: U-turn
|
|-heal|p2a: Corviknight|92/100|[from] item: Leftovers
|upkeep
|turn|48
|
|t:|1641799263
|move|p2a: Corviknight|Taunt|p1a: Toxapex
|-start|p1a: Toxapex|move: Taunt
|move|p1a: Toxapex|Knock Off|p2a: Corviknight
|-damage|p2a: Corviknight|83/100
|-enditem|p2a: Corviknight|Leftovers|[from] move: Knock Off|[of] p1a: Toxapex
|
|upkeep
|turn|49
|
|t:|1641799278
|switch|p2a: Hippowdon|Hippowdon, M|70/100
|-weather|Sandstorm|[from] ability: Sand Stream|[of] p2a: Hippowdon
|switch|p1a: Tangrowth|Tangrowth, F|66/100 tox
|
|-weather|Sandstorm|[upkeep]
|-damage|p1a: Tangrowth|60/100 tox|[from] Sandstorm
|-damage|p1a: Tangrowth|54/100 tox|[from] psn
|upkeep
|turn|50
|
|t:|1641799286
|switch|p2a: Corviknight|Corviknight, M|83/100
|-ability|p2a: Corviknight|Pressure
|move|p1a: Tangrowth|Giga Drain|p2a: Corviknight
|-resisted|p2a: Corviknight
|-damage|p2a: Corviknight|77/100
|-heal|p1a: Tangrowth|57/100 tox|[from] drain|[of] p2a: Corviknight
|
|-weather|Sandstorm|[upkeep]
|-damage|p1a: Tangrowth|51/100 tox|[from] Sandstorm
|-damage|p1a: Tangrowth|39/100 tox|[from] psn
|upkeep
|turn|51
|
|t:|1641799296
|switch|p1a: Toxapex|Toxapex, M|100/100
|move|p2a: Corviknight|Brave Bird|p1a: Toxapex
|-damage|p1a: Toxapex|77/100
|-damage|p2a: Corviknight|61/100|[from] item: Rocky Helmet|[of] p1a: Toxapex
|-damage|p2a: Corviknight|55/100|[from] Recoil
|
|-weather|Sandstorm|[upkeep]
|-damage|p1a: Toxapex|71/100|[from] Sandstorm
|upkeep
|turn|52
|
|t:|1641799308
|move|p2a: Corviknight|Roost|p2a: Corviknight
|-heal|p2a: Corviknight|100/100
|-singleturn|p2a: Corviknight|move: Roost
|move|p1a: Toxapex|Knock Off|p2a: Corviknight
|-damage|p2a: Corviknight|95/100
|
|-weather|Sandstorm|[upkeep]
|-damage|p1a: Toxapex|64/100|[from] Sandstorm
|upkeep
|turn|53
|
|t:|1641799314
|switch|p2a: Hippowdon|Hippowdon, M|70/100
|switch|p1a: Corviknight|Corviknight, F|89/100
|-ability|p1a: Corviknight|Pressure
|
|-weather|none
|-heal|p1a: Corviknight|95/100|[from] item: Leftovers
|upkeep
|turn|54
|
|t:|1641799321
|move|p1a: Corviknight|U-turn|p2a: Hippowdon
|-damage|p2a: Hippowdon|61/100
|
|t:|1641799325
|switch|p1a: Ditto|Ditto|38/100|[from]move: U-turn
|-transform|p1a: Ditto|p2a: Hippowdon|[from] ability: Imposter
|-weather|Sandstorm|[from] ability: Sand Stream|[of] p1a: Ditto
|move|p2a: Hippowdon|Slack Off|p2a: Hippowdon
|-heal|p2a: Hippowdon|100/100
|
|-weather|Sandstorm|[upkeep]
|upkeep
|turn|55
|
|t:|1641799331
|move|p2a: Hippowdon|Stealth Rock|p1a: Ditto
|-sidestart|p1: TheFalinksArmy|move: Stealth Rock
|move|p1a: Ditto|Slack Off|p1a: Ditto
|-heal|p1a: Ditto|88/100
|
|-weather|Sandstorm|[upkeep]
|upkeep
|turn|56
|
|t:|1641799337
|switch|p1a: Corviknight|Corviknight, F|95/100
|-damage|p1a: Corviknight|83/100|[from] Stealth Rock
|-ability|p1a: Corviknight|Pressure
|move|p2a: Hippowdon|Whirlwind|p1a: Corviknight
|drag|p1a: Tangrowth|Tangrowth, F|72/100 tox
|-damage|p1a: Tangrowth|59/100 tox|[from] Stealth Rock
|
|-weather|Sandstorm|[upkeep]
|-damage|p1a: Tangrowth|53/100 tox|[from] Sandstorm
|-damage|p1a: Tangrowth|47/100 tox|[from] psn
|upkeep
|turn|57
|
|t:|1641799346
|switch|p2a: Corviknight|Corviknight, M|95/100
|-ability|p2a: Corviknight|Pressure
|move|p1a: Tangrowth|Focus Blast|p2a: Corviknight
|-damage|p2a: Corviknight|67/100
|
|-weather|Sandstorm|[upkeep]
|-damage|p1a: Tangrowth|41/100 tox|[from] Sandstorm
|-damage|p1a: Tangrowth|28/100 tox|[from] psn
|upkeep
|turn|58
|
|t:|1641799360
|switch|p1a: Toxapex|Toxapex, M|98/100
|-damage|p1a: Toxapex|85/100|[from] Stealth Rock
|move|p2a: Corviknight|Brave Bird|p1a: Toxapex
|-damage|p1a: Toxapex|61/100
|-damage|p2a: Corviknight|50/100|[from] item: Rocky Helmet|[of] p1a: Toxapex
|-damage|p2a: Corviknight|44/100|[from] Recoil
|
|-weather|none
|upkeep
|turn|59
|
|t:|1641799365
|move|p2a: Corviknight|Roost|p2a: Corviknight
|-heal|p2a: Corviknight|94/100
|-singleturn|p2a: Corviknight|move: Roost
|move|p1a: Toxapex|Recover|p1a: Toxapex
|-heal|p1a: Toxapex|100/100
|
|upkeep
|turn|60
|
|t:|1641799372
|switch|p2a: Toxapex|Toxapex, M|100/100 slp
|move|p1a: Toxapex|Knock Off|p2a: Toxapex
|-damage|p2a: Toxapex|95/100 slp
|
|upkeep
|turn|61
|
|t:|1641799380
|cant|p2a: Toxapex|slp
|move|p1a: Toxapex|Toxic Spikes|p2a: Toxapex
|-sidestart|p2: Rocket_Grunt_Pwn|move: Toxic Spikes
|
|upkeep
|turn|62
|
|t:|1641799383
|move|p1a: Toxapex|Recover||[still]
|-fail|p1a: Toxapex|heal
|-curestatus|p2a: Toxapex|slp|[msg]
|move|p2a: Toxapex|Scald|p1a: Toxapex
|-resisted|p1a: Toxapex
|-damage|p1a: Toxapex|94/100
|-status|p1a: Toxapex|brn
|
|-damage|p1a: Toxapex|87/100 brn|[from] brn
|upkeep
|turn|63
|
|t:|1641799386
|switch|p2a: Ferrothorn|Ferrothorn, M|37/100
|move|p1a: Toxapex|Toxic Spikes|p2a: Ferrothorn
|-sidestart|p2: Rocket_Grunt_Pwn|move: Toxic Spikes
|
|-damage|p1a: Toxapex|81/100 brn|[from] brn
|upkeep
|turn|64
|
|t:|1641799392
|switch|p1a: Corviknight|Corviknight, F|83/100
|-damage|p1a: Corviknight|70/100|[from] Stealth Rock
|-ability|p1a: Corviknight|Pressure
|move|p2a: Ferrothorn|Leech Seed|p1a: Corviknight
|-start|p1a: Corviknight|move: Leech Seed
|
|-heal|p1a: Corviknight|76/100|[from] item: Leftovers
|-damage|p1a: Corviknight|64/100|[from] Leech Seed|[of] p2a: Ferrothorn
|-heal|p2a: Ferrothorn|52/100|[silent]
|upkeep
|turn|65
|
|t:|1641799401
|switch|p1a: Ditto|Ditto|88/100
|-damage|p1a: Ditto|76/100|[from] Stealth Rock
|-transform|p1a: Ditto|p2a: Ferrothorn|[from] ability: Imposter
|move|p2a: Ferrothorn|Protect||[still]
|-fail|p2a: Ferrothorn
|
|upkeep
|turn|66
|
|t:|1641799405
|switch|p2a: Toxapex|Toxapex, M|100/100
|-sideend|p2: Rocket_Grunt_Pwn|move: Toxic Spikes|[of] p2a: Toxapex
|move|p1a: Ditto|Leech Seed|p2a: Toxapex
|-start|p2a: Toxapex|move: Leech Seed
|
|-damage|p2a: Toxapex|88/100|[from] Leech Seed|[of] p1a: Ditto
|-heal|p1a: Ditto|89/100|[silent]
|upkeep
|turn|67
|
|t:|1641799418
|switch|p2a: Corviknight|Corviknight, M|94/100
|-ability|p2a: Corviknight|Pressure
|move|p1a: Ditto|Leech Seed|p2a: Corviknight
|-start|p2a: Corviknight|move: Leech Seed
|
|-damage|p2a: Corviknight|82/100|[from] Leech Seed|[of] p1a: Ditto
|-heal|p1a: Ditto|100/100|[silent]
|upkeep
|turn|68
|
|t:|1641799423
|move|p2a: Corviknight|Taunt|p1a: Ditto
|-start|p1a: Ditto|move: Taunt
|cant|p1a: Ditto|move: Taunt|Spikes
|
|-damage|p2a: Corviknight|69/100|[from] Leech Seed|[of] p1a: Ditto
|upkeep
|turn|69
|
|t:|1641799440
|switch|p2a: Hippowdon|Hippowdon, M|100/100
|-weather|Sandstorm|[from] ability: Sand Stream|[of] p2a: Hippowdon
|move|p1a: Ditto|Knock Off|p2a: Hippowdon
|-damage|p2a: Hippowdon|92/100
|
|-weather|Sandstorm|[upkeep]
|upkeep
|turn|70
|
|t:|1641799449
|switch|p2a: Corviknight|Corviknight, M|69/100
|-ability|p2a: Corviknight|Pressure
|switch|p1a: Toxapex|Toxapex, M|100/100 brn
|-damage|p1a: Toxapex|88/100 brn|[from] Stealth Rock
|
|-weather|Sandstorm|[upkeep]
|-damage|p1a: Toxapex|82/100 brn|[from] Sandstorm
|-damage|p1a: Toxapex|75/100 brn|[from] brn
|upkeep
|turn|71
|
|t:|1641799460
|switch|p1a: Corviknight|Corviknight, F|64/100
|-damage|p1a: Corviknight|51/100|[from] Stealth Rock
|-ability|p1a: Corviknight|Pressure
|move|p2a: Corviknight|Taunt|p1a: Corviknight
|-start|p1a: Corviknight|move: Taunt
|
|-weather|Sandstorm|[upkeep]
|-heal|p1a: Corviknight|58/100|[from] item: Leftovers
|upkeep
|turn|72
|c|☆TheFalinksArmy|70 turns with no KO
|c|☆TheFalinksArmy|That's crazy lol
|inactive|TheFalinksArmy has 120 seconds left.
|
|t:|1641799490
|switch|p2a: Ferrothorn|Ferrothorn, M|52/100
|move|p1a: Corviknight|Body Press|p2a: Ferrothorn
|-supereffective|p2a: Ferrothorn
|-damage|p2a: Ferrothorn|18/100
|-damage|p1a: Corviknight|45/100|[from] ability: Iron Barbs|[of] p2a: Ferrothorn
|
|-weather|Sandstorm|[upkeep]
|-heal|p1a: Corviknight|51/100|[from] item: Leftovers
|upkeep
|turn|73
|
|t:|1641799502
|switch|p2a: Hippowdon|Hippowdon, M|92/100
|move|p1a: Corviknight|Body Press|p2a: Hippowdon
|-damage|p2a: Hippowdon|77/100
|
|-weather|none
|-heal|p1a: Corviknight|58/100|[from] item: Leftovers
|-end|p1a: Corviknight|move: Taunt
|upkeep
|turn|74
|
|t:|1641799508
|move|p1a: Corviknight|Roost|p1a: Corviknight
|-heal|p1a: Corviknight|100/100
|-singleturn|p1a: Corviknight|move: Roost
|move|p2a: Hippowdon|Whirlwind|p1a: Corviknight
|drag|p1a: Ditto|Ditto|100/100
|-damage|p1a: Ditto|88/100|[from] Stealth Rock
|-transform|p1a: Ditto|p2a: Hippowdon|[from] ability: Imposter
|-weather|Sandstorm|[from] ability: Sand Stream|[of] p1a: Ditto
|
|-weather|Sandstorm|[upkeep]
|upkeep
|turn|75
|
|t:|1641799520
|switch|p2a: Toxapex|Toxapex, M|100/100
|move|p1a: Ditto|Stealth Rock|p2a: Toxapex
|-sidestart|p2: Rocket_Grunt_Pwn|move: Stealth Rock
|
|-weather|Sandstorm|[upkeep]
|-damage|p2a: Toxapex|94/100|[from] Sandstorm
|upkeep
|turn|76
|
|t:|1641799523
|move|p2a: Toxapex|Scald|p1a: Ditto
|-supereffective|p1a: Ditto
|-damage|p1a: Ditto|46/100
|-status|p1a: Ditto|brn
|move|p1a: Ditto|Earthquake|p2a: Toxapex
|-supereffective|p2a: Toxapex
|-damage|p2a: Toxapex|71/100
|
|-weather|Sandstorm|[upkeep]
|-damage|p2a: Toxapex|65/100|[from] Sandstorm
|-damage|p1a: Ditto|40/100 brn|[from] brn
|upkeep
|turn|77
|
|t:|1641799530
|move|p2a: Toxapex|Scald|p1a: Ditto
|-supereffective|p1a: Ditto
|-damage|p1a: Ditto|2/100 brn
|move|p1a: Ditto|Slack Off|p1a: Ditto
|-heal|p1a: Ditto|52/100 brn
|
|-weather|Sandstorm|[upkeep]
|-damage|p2a: Toxapex|59/100|[from] Sandstorm
|-damage|p1a: Ditto|46/100 brn|[from] brn
|upkeep
|turn|78
|
|t:|1641799543
|switch|p1a: Toxapex|Toxapex, M|100/100 brn
|-damage|p1a: Toxapex|88/100 brn|[from] Stealth Rock
|move|p2a: Toxapex|Scald|p1a: Toxapex
|-resisted|p1a: Toxapex
|-damage|p1a: Toxapex|81/100 brn
|
|-weather|none
|-damage|p1a: Toxapex|75/100 brn|[from] brn
|upkeep
|turn|79
|
|t:|1641799559
|switch|p2a: Corviknight|Corviknight, M|69/100
|-damage|p2a: Corviknight|57/100|[from] Stealth Rock
|-ability|p2a: Corviknight|Pressure
|move|p1a: Toxapex|Toxic Spikes|p2a: Corviknight
|-sidestart|p2: Rocket_Grunt_Pwn|move: Toxic Spikes
|
|-damage|p1a: Toxapex|69/100 brn|[from] brn
|upkeep
|turn|80
|
|t:|1641799565
|move|p2a: Corviknight|Roost|p2a: Corviknight
|-heal|p2a: Corviknight|100/100
|-singleturn|p2a: Corviknight|move: Roost
|move|p1a: Toxapex|Knock Off|p2a: Corviknight
|-damage|p2a: Corviknight|97/100
|
|-damage|p1a: Toxapex|62/100 brn|[from] brn
|upkeep
|turn|81
|
|t:|1641799570
|switch|p1a: Tangrowth|Tangrowth, F|62/100 tox
|-damage|p1a: Tangrowth|49/100 tox|[from] Stealth Rock
|move|p2a: Corviknight|Taunt|p1a: Tangrowth
|-start|p1a: Tangrowth|move: Taunt
|
|-damage|p1a: Tangrowth|43/100 tox|[from] psn
|upkeep
|turn|82
|
|t:|1641799576
|switch|p2a: Toxapex|Toxapex, M|92/100
|-damage|p2a: Toxapex|79/100|[from] Stealth Rock
|-sideend|p2: Rocket_Grunt_Pwn|move: Toxic Spikes|[of] p2a: Toxapex
|switch|p1a: Corviknight|Corviknight, F|100/100
|-damage|p1a: Corviknight|88/100|[from] Stealth Rock
|-ability|p1a: Corviknight|Pressure
|
|-heal|p1a: Corviknight|94/100|[from] item: Leftovers
|upkeep
|turn|83
|
|t:|1641799586
|switch|p1a: Toxapex|Toxapex, M|96/100 brn
|-damage|p1a: Toxapex|83/100 brn|[from] Stealth Rock
|move|p2a: Toxapex|Scald|p1a: Toxapex
|-resisted|p1a: Toxapex
|-damage|p1a: Toxapex|76/100 brn
|
|-damage|p1a: Toxapex|70/100 brn|[from] brn
|upkeep
|turn|84
|
|t:|1641799598
|switch|p2a: Corviknight|Corviknight, M|97/100
|-damage|p2a: Corviknight|85/100|[from] Stealth Rock
|-ability|p2a: Corviknight|Pressure
|move|p1a: Toxapex|Knock Off|p2a: Corviknight
|-damage|p2a: Corviknight|82/100
|
|-damage|p1a: Toxapex|64/100 brn|[from] brn
|upkeep
|turn|85
|
|t:|1641799603
|move|p2a: Corviknight|Taunt|p1a: Toxapex
|-start|p1a: Toxapex|move: Taunt
|move|p1a: Toxapex|Knock Off|p2a: Corviknight
|-damage|p2a: Corviknight|79/100
|
|-damage|p1a: Toxapex|57/100 brn|[from] brn
|upkeep
|turn|86
|
|t:|1641799612
|switch|p1a: Corviknight|Corviknight, F|94/100
|-damage|p1a: Corviknight|82/100|[from] Stealth Rock
|-ability|p1a: Corviknight|Pressure
|move|p2a: Corviknight|Brave Bird|p1a: Corviknight
|-resisted|p1a: Corviknight
|-damage|p1a: Corviknight|71/100
|-damage|p2a: Corviknight|76/100|[from] Recoil
|
|-heal|p1a: Corviknight|77/100|[from] item: Leftovers
|upkeep
|turn|87
|
|t:|1641799623
|move|p1a: Corviknight|Body Press|p2a: Corviknight
|-damage|p2a: Corviknight|60/100
|move|p2a: Corviknight|Taunt|p1a: Corviknight
|-start|p1a: Corviknight|move: Taunt
|
|-heal|p1a: Corviknight|83/100|[from] item: Leftovers
|upkeep
|turn|88
|
|t:|1641799629
|move|p1a: Corviknight|Body Press|p2a: Corviknight
|-damage|p2a: Corviknight|47/100
|move|p2a: Corviknight|Roost|p2a: Corviknight
|-heal|p2a: Corviknight|97/100
|-singleturn|p2a: Corviknight|move: Roost
|
|-heal|p1a: Corviknight|90/100|[from] item: Leftovers
|upkeep
|turn|89
|
|t:|1641799657
|switch|p2a: Clefable|Clefable, M|100/100
|-damage|p2a: Clefable|88/100|[from] Stealth Rock
|move|p1a: Corviknight|U-turn|p2a: Clefable
|-resisted|p2a: Clefable
|-damage|p2a: Clefable|82/100
|
|t:|1641799667
|switch|p1a: Tangrowth|Tangrowth, F|76/100 tox|[from]move: U-turn
|-damage|p1a: Tangrowth|64/100 tox|[from] Stealth Rock
|
|-heal|p2a: Clefable|88/100|[from] item: Leftovers
|-damage|p1a: Tangrowth|58/100 tox|[from] psn
|upkeep
|turn|90
|
|t:|1641799676
|move|p2a: Clefable|Protect|p2a: Clefable
|-singleturn|p2a: Clefable|Protect
|move|p1a: Tangrowth|Knock Off|p2a: Clefable
|-activate|p2a: Clefable|move: Protect
|
|-heal|p2a: Clefable|94/100|[from] item: Leftovers
|-damage|p1a: Tangrowth|45/100 tox|[from] psn
|upkeep
|turn|91
|
|t:|1641799681
|move|p2a: Clefable|Calm Mind|p2a: Clefable
|-boost|p2a: Clefable|spa|1
|-boost|p2a: Clefable|spd|1
|move|p1a: Tangrowth|Knock Off|p2a: Clefable
|-resisted|p2a: Clefable
|-damage|p2a: Clefable|85/100
|-enditem|p2a: Clefable|Leftovers|[from] move: Knock Off|[of] p1a: Tangrowth
|
|-damage|p1a: Tangrowth|27/100 tox|[from] psn
|upkeep
|turn|92
|
|t:|1641799689
|switch|p1a: Toxapex|Toxapex, M|91/100 brn
|-damage|p1a: Toxapex|78/100 brn|[from] Stealth Rock
|move|p2a: Clefable|Moonblast|p1a: Toxapex
|-resisted|p1a: Toxapex
|-damage|p1a: Toxapex|60/100 brn
|
|-damage|p1a: Toxapex|53/100 brn|[from] brn
|upkeep
|turn|93
|
|t:|1641799702
|move|p2a: Clefable|Calm Mind|p2a: Clefable
|-boost|p2a: Clefable|spa|1
|-boost|p2a: Clefable|spd|1
|move|p1a: Toxapex|Recover|p1a: Toxapex
|-heal|p1a: Toxapex|100/100 brn
|
|-damage|p1a: Toxapex|94/100 brn|[from] brn
|upkeep
|turn|94
|
|t:|1641799711
|switch|p1a: Ditto|Ditto|46/100 brn
|-damage|p1a: Ditto|34/100 brn|[from] Stealth Rock
|-transform|p1a: Ditto|p2a: Clefable|[from] ability: Imposter
|move|p2a: Clefable|Calm Mind|p2a: Clefable
|-boost|p2a: Clefable|spa|1
|-boost|p2a: Clefable|spd|1
|
|-damage|p1a: Ditto|28/100 brn|[from] brn
|upkeep
|turn|95
|
|t:|1641799722
|move|p2a: Clefable|Moonblast|p1a: Ditto
|-damage|p1a: Ditto|0 fnt
|faint|p1a: Ditto
|
|upkeep
|
|t:|1641799726
|switch|p1a: Blissey|Blissey, F|82/100
|turn|96
|c|☆Rocket_Grunt_Pwn|The 1st KO
|
|t:|1641799732
|move|p2a: Clefable|Calm Mind|p2a: Clefable
|-boost|p2a: Clefable|spa|1
|-boost|p2a: Clefable|spd|1
|move|p1a: Blissey|Seismic Toss|p2a: Clefable
|-damage|p2a: Clefable|59/100
|
|upkeep
|turn|97
|c|☆Rocket_Grunt_Pwn|XD
|
|t:|1641799741
|move|p2a: Clefable|Wish|p2a: Clefable
|move|p1a: Blissey|Seismic Toss|p2a: Clefable
|-damage|p2a: Clefable|34/100
|
|upkeep
|turn|98
|
|t:|1641799746
|switch|p1a: Toxapex|Toxapex, M|100/100 brn
|-damage|p1a: Toxapex|88/100 brn|[from] Stealth Rock
|move|p2a: Clefable|Calm Mind|p2a: Clefable
|-boost|p2a: Clefable|spa|1
|-boost|p2a: Clefable|spd|1
|
|-heal|p2a: Clefable|84/100|[from] move: Wish|[wisher] Clefable
|-damage|p1a: Toxapex|82/100 brn|[from] brn
|upkeep
|turn|99
|
|t:|1641799751
|move|p2a: Clefable|Protect|p2a: Clefable
|-singleturn|p2a: Clefable|Protect
|move|p1a: Toxapex|Haze|p1a: Toxapex
|-clearallboost
|
|-damage|p1a: Toxapex|75/100 brn|[from] brn
|upkeep
|turn|100
|
|t:|1641799761
|switch|p2a: Corviknight|Corviknight, M|97/100
|-damage|p2a: Corviknight|84/100|[from] Stealth Rock
|-ability|p2a: Corviknight|Pressure
|move|p1a: Toxapex|Toxic Spikes|p2a: Corviknight
|-sidestart|p2: Rocket_Grunt_Pwn|move: Toxic Spikes
|
|-damage|p1a: Toxapex|69/100 brn|[from] brn
|upkeep
|turn|101
|
|t:|1641799768
|switch|p1a: Tangrowth|Tangrowth, F|60/100 tox
|-damage|p1a: Tangrowth|48/100 tox|[from] Stealth Rock
|move|p2a: Corviknight|Taunt|p1a: Tangrowth
|-start|p1a: Tangrowth|move: Taunt
|
|-damage|p1a: Tangrowth|41/100 tox|[from] psn
|upkeep
|turn|102
|
|t:|1641799774
|switch|p1a: Toxapex|Toxapex, M|100/100 brn
|-damage|p1a: Toxapex|88/100 brn|[from] Stealth Rock
|move|p2a: Corviknight|Brave Bird|p1a: Toxapex
|-damage|p1a: Toxapex|66/100 brn
|-damage|p2a: Corviknight|68/100|[from] item: Rocky Helmet|[of] p1a: Toxapex
|-damage|p2a: Corviknight|62/100|[from] Recoil
|
|-damage|p1a: Toxapex|60/100 brn|[from] brn
|upkeep
|turn|103
|
|t:|1641799783
|switch|p1a: Corviknight|Corviknight, F|90/100
|-damage|p1a: Corviknight|77/100|[from] Stealth Rock
|-ability|p1a: Corviknight|Pressure
|move|p2a: Corviknight|Defog|p1a: Corviknight
|-unboost|p1a: Corviknight|evasion|1
|-sideend|p1: TheFalinksArmy|Stealth Rock|[from] move: Defog|[of] p2a: Corviknight
|-sideend|p2: Rocket_Grunt_Pwn|Toxic Spikes|[from] move: Defog|[of] p2a: Corviknight
|-sideend|p2: Rocket_Grunt_Pwn|Stealth Rock|[from] move: Defog|[of] p2a: Corviknight
|
|-heal|p1a: Corviknight|83/100|[from] item: Leftovers
|upkeep
|turn|104
|
|t:|1641799789
|move|p1a: Corviknight|U-turn|p2a: Corviknight
|-resisted|p2a: Corviknight
|-damage|p2a: Corviknight|60/100
|
|t:|1641799793
|switch|p1a: Clefable|Clefable, M|88/100|[from]move: U-turn
|move|p2a: Corviknight|Roost|p2a: Corviknight
|-heal|p2a: Corviknight|100/100
|-singleturn|p2a: Corviknight|move: Roost
|
|upkeep
|turn|105
|
|t:|1641799798
|move|p2a: Corviknight|Taunt|p1a: Clefable
|-start|p1a: Clefable|move: Taunt
|move|p1a: Clefable|Moonblast|p2a: Corviknight
|-resisted|p2a: Corviknight
|-damage|p2a: Corviknight|85/100
|-unboost|p2a: Corviknight|spa|1
|
|upkeep
|turn|106
|
|t:|1641799803
|switch|p1a: Corviknight|Corviknight, F|83/100
|-ability|p1a: Corviknight|Pressure
|move|p2a: Corviknight|Brave Bird|p1a: Corviknight
|-resisted|p1a: Corviknight
|-damage|p1a: Corviknight|71/100
|-damage|p2a: Corviknight|81/100|[from] Recoil
|
|-heal|p1a: Corviknight|78/100|[from] item: Leftovers
|upkeep
|turn|107
|
|t:|1641799808
|switch|p2a: Hippowdon|Hippowdon, M|77/100
|-weather|Sandstorm|[from] ability: Sand Stream|[of] p2a: Hippowdon
|move|p1a: Corviknight|U-turn|p2a: Hippowdon
|-damage|p2a: Hippowdon|69/100
|
|t:|1641799813
|switch|p1a: Tangrowth|Tangrowth, F|75/100 tox|[from]move: U-turn
|
|-weather|Sandstorm|[upkeep]
|-damage|p1a: Tangrowth|68/100 tox|[from] Sandstorm
|-damage|p1a: Tangrowth|62/100 tox|[from] psn
|upkeep
|turn|108
|
|t:|1641799821
|switch|p2a: Corviknight|Corviknight, M|81/100
|-ability|p2a: Corviknight|Pressure
|move|p1a: Tangrowth|Sleep Powder|p2a: Corviknight
|-status|p2a: Corviknight|slp|[from] move: Sleep Powder
|
|-weather|Sandstorm|[upkeep]
|-damage|p1a: Tangrowth|56/100 tox|[from] Sandstorm
|-damage|p1a: Tangrowth|44/100 tox|[from] psn
|upkeep
|turn|109
|
|t:|1641799830
|switch|p1a: Blissey|Blissey, F|82/100
|cant|p2a: Corviknight|slp
|
|-weather|Sandstorm|[upkeep]
|-damage|p1a: Blissey|76/100|[from] Sandstorm
|upkeep
|turn|110
|
|t:|1641799833
|cant|p2a: Corviknight|slp
|move|p1a: Blissey|Seismic Toss|p2a: Corviknight
|-damage|p2a: Corviknight|57/100 slp
|
|-weather|Sandstorm|[upkeep]
|-damage|p1a: Blissey|70/100|[from] Sandstorm
|upkeep
|turn|111
|
|t:|1641799838
|-curestatus|p2a: Corviknight|slp|[msg]
|move|p2a: Corviknight|Roost|p2a: Corviknight
|-heal|p2a: Corviknight|100/100
|-singleturn|p2a: Corviknight|move: Roost
|move|p1a: Blissey|Seismic Toss|p2a: Corviknight
|-damage|p2a: Corviknight|75/100
|
|-weather|none
|upkeep
|turn|112
|
|t:|1641799847
|switch|p1a: Toxapex|Toxapex, M|93/100 brn
|move|p2a: Corviknight|Brave Bird|p1a: Toxapex
|-damage|p1a: Toxapex|70/100 brn
|-damage|p2a: Corviknight|59/100|[from] item: Rocky Helmet|[of] p1a: Toxapex
|-damage|p2a: Corviknight|53/100|[from] Recoil
|
|-damage|p1a: Toxapex|63/100 brn|[from] brn
|upkeep
|turn|113
|
|t:|1641799852
|move|p2a: Corviknight|Roost|p2a: Corviknight
|-heal|p2a: Corviknight|100/100
|-singleturn|p2a: Corviknight|move: Roost
|move|p1a: Toxapex|Recover|p1a: Toxapex
|-heal|p1a: Toxapex|100/100 brn
|
|-damage|p1a: Toxapex|94/100 brn|[from] brn
|upkeep
|turn|114
|
|t:|1641799862
|switch|p1a: Corviknight|Corviknight, F|78/100
|-ability|p1a: Corviknight|Pressure
|move|p2a: Corviknight|Taunt|p1a: Corviknight
|-start|p1a: Corviknight|move: Taunt
|
|-heal|p1a: Corviknight|84/100|[from] item: Leftovers
|upkeep
|turn|115
|c|☆TheFalinksArmy|Remember when we thought this battle is going to be fun
|c|☆Rocket_Grunt_Pwn|I'm having a blast
|
|t:|1641799892
|switch|p1a: Toxapex|Toxapex, M|100/100 brn
|move|p2a: Corviknight|Brave Bird|p1a: Toxapex
|-damage|p1a: Toxapex|78/100 brn
|-damage|p2a: Corviknight|84/100|[from] item: Rocky Helmet|[of] p1a: Toxapex
|-damage|p2a: Corviknight|78/100|[from] Recoil
|
|-damage|p1a: Toxapex|72/100 brn|[from] brn
|upkeep
|turn|116
|inactive|TheFalinksArmy has 120 seconds left.
|c|☆TheFalinksArmy|I'm not smart enough for this shit lol
|
|t:|1641799922
|move|p2a: Corviknight|Taunt|p1a: Toxapex
|-start|p1a: Toxapex|move: Taunt
|move|p1a: Toxapex|Knock Off|p2a: Corviknight
|-damage|p2a: Corviknight|76/100
|
|-damage|p1a: Toxapex|65/100 brn|[from] brn
|upkeep
|turn|117
|
|t:|1641799928
|switch|p2a: Hippowdon|Hippowdon, M|69/100
|-weather|Sandstorm|[from] ability: Sand Stream|[of] p2a: Hippowdon
|switch|p1a: Corviknight|Corviknight, F|84/100
|-ability|p1a: Corviknight|Pressure
|
|-weather|Sandstorm|[upkeep]
|-heal|p1a: Corviknight|90/100|[from] item: Leftovers
|upkeep
|turn|118
|
|t:|1641799936
|move|p1a: Corviknight|Body Press|p2a: Hippowdon
|-damage|p2a: Hippowdon|53/100
|move|p2a: Hippowdon|Stealth Rock|p1a: Corviknight
|-sidestart|p1: TheFalinksArmy|move: Stealth Rock
|
|-weather|Sandstorm|[upkeep]
|-heal|p1a: Corviknight|96/100|[from] item: Leftovers
|upkeep
|turn|119
|
|t:|1641799941
|move|p1a: Corviknight|Defog|p2a: Hippowdon
|-unboost|p2a: Hippowdon|evasion|1
|-sideend|p1: TheFalinksArmy|Stealth Rock|[from] move: Defog|[of] p1a: Corviknight
|move|p2a: Hippowdon|Slack Off|p2a: Hippowdon
|-heal|p2a: Hippowdon|100/100
|
|-weather|Sandstorm|[upkeep]
|-heal|p1a: Corviknight|100/100|[from] item: Leftovers
|upkeep
|turn|120
|
|t:|1641799949
|move|p1a: Corviknight|U-turn|p2a: Hippowdon
|-damage|p2a: Hippowdon|92/100
|
|t:|1641799953
|switch|p1a: Clefable|Clefable, M|88/100|[from]move: U-turn
|move|p2a: Hippowdon|Stealth Rock|p1a: Clefable
|-sidestart|p1: TheFalinksArmy|move: Stealth Rock
|
|-weather|Sandstorm|[upkeep]
|upkeep
|turn|121
|
|t:|1641799959
|move|p1a: Clefable|Stealth Rock|p2a: Hippowdon
|-sidestart|p2: Rocket_Grunt_Pwn|move: Stealth Rock
|move|p2a: Hippowdon|Whirlwind|p1a: Clefable
|drag|p1a: Blissey|Blissey, F|70/100
|
|-weather|none
|upkeep
|turn|122
|
|t:|1641799967
|move|p1a: Blissey|Seismic Toss|p2a: Hippowdon
|-damage|p2a: Hippowdon|69/100
|move|p2a: Hippowdon|Earthquake|p1a: Blissey
|-damage|p1a: Blissey|34/100
|
|upkeep
|turn|123
|
|t:|1641799972
|move|p1a: Blissey|Soft-Boiled|p1a: Blissey
|-heal|p1a: Blissey|84/100
|move|p2a: Hippowdon|Earthquake|p1a: Blissey
|-damage|p1a: Blissey|52/100
|
|upkeep
|turn|124
|inactive|TheFalinksArmy has 120 seconds left.
|
|t:|1641799984
|switch|p1a: Corviknight|Corviknight, F|100/100
|-damage|p1a: Corviknight|88/100|[from] Stealth Rock
|-ability|p1a: Corviknight|Pressure
|move|p2a: Hippowdon|Whirlwind|p1a: Corviknight
|drag|p1a: Toxapex|Toxapex, M|99/100 brn
|-damage|p1a: Toxapex|86/100 brn|[from] Stealth Rock
|
|-damage|p1a: Toxapex|80/100 brn|[from] brn
|upkeep
|turn|125
|inactive|TheFalinksArmy has 120 seconds left.
|
|t:|1641799993
|switch|p1a: Corviknight|Corviknight, F|88/100
|-damage|p1a: Corviknight|75/100|[from] Stealth Rock
|-ability|p1a: Corviknight|Pressure
|move|p2a: Hippowdon|Earthquake|p1a: Corviknight
|-immune|p1a: Corviknight
|
|-heal|p1a: Corviknight|82/100|[from] item: Leftovers
|upkeep
|turn|126
|
|t:|1641799998
|move|p1a: Corviknight|Defog|p2a: Hippowdon
|-unboost|p2a: Hippowdon|evasion|1
|-sideend|p2: Rocket_Grunt_Pwn|Stealth Rock|[from] move: Defog|[of] p1a: Corviknight
|-sideend|p1: TheFalinksArmy|Stealth Rock|[from] move: Defog|[of] p1a: Corviknight
|move|p2a: Hippowdon|Whirlwind|p1a: Corviknight
|drag|p1a: Clefable|Clefable, M|88/100
|
|upkeep
|turn|127
|
|t:|1641800002
|move|p1a: Clefable|Moonblast|p2a: Hippowdon
|-damage|p2a: Hippowdon|43/100
|-unboost|p2a: Hippowdon|spa|1
|move|p2a: Hippowdon|Stealth Rock|p1a: Clefable
|-sidestart|p1: TheFalinksArmy|move: Stealth Rock
|
|upkeep
|turn|128
|
|t:|1641800008
|move|p1a: Clefable|Moonblast|p2a: Hippowdon
|-damage|p2a: Hippowdon|14/100
|move|p2a: Hippowdon|Slack Off|p2a: Hippowdon
|-heal|p2a: Hippowdon|64/100
|
|upkeep
|turn|129
|
|t:|1641800013
|move|p1a: Clefable|Moonblast|p2a: Hippowdon
|-damage|p2a: Hippowdon|39/100
|-unboost|p2a: Hippowdon|spa|1
|move|p2a: Hippowdon|Whirlwind|p1a: Clefable
|drag|p1a: Tangrowth|Tangrowth, F|77/100 tox
|-damage|p1a: Tangrowth|64/100 tox|[from] Stealth Rock
|
|-damage|p1a: Tangrowth|58/100 tox|[from] psn
|upkeep
|turn|130
|
|t:|1641800024
|switch|p2a: Ferrothorn|Ferrothorn, M|18/100
|move|p1a: Tangrowth|Giga Drain|p2a: Ferrothorn
|-resisted|p2a: Ferrothorn
|-damage|p2a: Ferrothorn|13/100
|-heal|p1a: Tangrowth|60/100 tox|[from] drain|[of] p2a: Ferrothorn
|
|-damage|p1a: Tangrowth|48/100 tox|[from] psn
|upkeep
|turn|131
|
|t:|1641800034
|move|p1a: Tangrowth|Focus Blast|p2a: Ferrothorn|[miss]
|-miss|p1a: Tangrowth|p2a: Ferrothorn
|move|p2a: Ferrothorn|Leech Seed|p1a: Tangrowth
|-immune|p1a: Tangrowth
|
|-damage|p1a: Tangrowth|29/100 tox|[from] psn
|upkeep
|turn|132
|
|t:|1641800038
|move|p2a: Ferrothorn|Protect|p2a: Ferrothorn
|-singleturn|p2a: Ferrothorn|Protect
|move|p1a: Tangrowth|Focus Blast|p2a: Ferrothorn
|-activate|p2a: Ferrothorn|move: Protect
|
|-damage|p1a: Tangrowth|5/100 tox|[from] psn
|upkeep
|turn|133
|
|t:|1641800046
|switch|p1a: Clefable|Clefable, M|88/100
|move|p2a: Ferrothorn|Leech Seed|p1a: Clefable
|-start|p1a: Clefable|move: Leech Seed
|
|upkeep
|turn|134
|
|t:|1641800059
|move|p2a: Ferrothorn|Protect|p2a: Ferrothorn
|-singleturn|p2a: Ferrothorn|Protect
|move|p1a: Clefable|Moonblast|p2a: Ferrothorn
|-activate|p2a: Ferrothorn|move: Protect
|
|upkeep
|turn|135
|inactive|Rocket_Grunt_Pwn has 120 seconds left.
|
|t:|1641800084
|switch|p2a: Clefable|Clefable, M|84/100
|move|p1a: Clefable|Moonblast|p2a: Clefable
|-damage|p2a: Clefable|56/100
|
|upkeep
|turn|136
|
|t:|1641800096
|switch|p1a: Blissey|Blissey, F|52/100
|move|p2a: Clefable|Wish|p2a: Clefable
|
|upkeep
|turn|137
|
|t:|1641800100
|switch|p2a: Ferrothorn|Ferrothorn, M|13/100
|move|p1a: Blissey|Soft-Boiled|p1a: Blissey
|-heal|p1a: Blissey|100/100
|
|-heal|p2a: Ferrothorn|69/100|[from] move: Wish|[wisher] Clefable
|upkeep
|turn|138
|inactive|Rocket_Grunt_Pwn has 120 seconds left.
|
|t:|1641800116
|switch|p1a: Tangrowth|Tangrowth, F|38/100 tox
|-damage|p1a: Tangrowth|25/100 tox|[from] Stealth Rock
|move|p2a: Ferrothorn|Leech Seed|p1a: Tangrowth
|-immune|p1a: Tangrowth
|
|-damage|p1a: Tangrowth|19/100 tox|[from] psn
|upkeep
|turn|139
|inactive|Rocket_Grunt_Pwn has 120 seconds left.
|
|t:|1641800125
|switch|p1a: Corviknight|Corviknight, F|82/100
|-damage|p1a: Corviknight|69/100|[from] Stealth Rock
|-ability|p1a: Corviknight|Pressure
|move|p2a: Ferrothorn|Protect||[still]
|-fail|p2a: Ferrothorn
|
|-heal|p1a: Corviknight|75/100|[from] item: Leftovers
|upkeep
|turn|140
|
|t:|1641800129
|switch|p2a: Clefable|Clefable, M|56/100
|move|p1a: Corviknight|Defog|p2a: Clefable
|-unboost|p2a: Clefable|evasion|1
|-sideend|p1: TheFalinksArmy|Stealth Rock|[from] move: Defog|[of] p1a: Corviknight
|
|-heal|p1a: Corviknight|82/100|[from] item: Leftovers
|upkeep
|turn|141
|
|t:|1641800133
|move|p1a: Corviknight|U-turn|p2a: Clefable
|-resisted|p2a: Clefable
|-damage|p2a: Clefable|50/100
|
|t:|1641800137
|switch|p1a: Blissey|Blissey, F|100/100|[from]move: U-turn
|move|p2a: Clefable|Wish|p2a: Clefable
|
|upkeep
|turn|142
|
|t:|1641800141
|move|p2a: Clefable|Calm Mind|p2a: Clefable
|-boost|p2a: Clefable|spa|1
|-boost|p2a: Clefable|spd|1
|move|p1a: Blissey|Seismic Toss|p2a: Clefable
|-damage|p2a: Clefable|25/100
|
|-heal|p2a: Clefable|75/100|[from] move: Wish|[wisher] Clefable
|upkeep
|turn|143
|
|t:|1641800149
|move|p2a: Clefable|Calm Mind|p2a: Clefable
|-boost|p2a: Clefable|spa|1
|-boost|p2a: Clefable|spd|1
|move|p1a: Blissey|Seismic Toss|p2a: Clefable
|-damage|p2a: Clefable|50/100
|
|upkeep
|turn|144
|
|t:|1641800152
|move|p2a: Clefable|Wish|p2a: Clefable
|move|p1a: Blissey|Seismic Toss|p2a: Clefable
|-damage|p2a: Clefable|24/100
|
|upkeep
|turn|145
|
|t:|1641800160
|move|p2a: Clefable|Protect|p2a: Clefable
|-singleturn|p2a: Clefable|Protect
|move|p1a: Blissey|Seismic Toss|p2a: Clefable
|-activate|p2a: Clefable|move: Protect
|
|-heal|p2a: Clefable|74/100|[from] move: Wish|[wisher] Clefable
|upkeep
|turn|146
|
|t:|1641800163
|move|p2a: Clefable|Moonblast|p1a: Blissey
|-damage|p1a: Blissey|76/100
|-unboost|p1a: Blissey|spa|1
|move|p1a: Blissey|Thunder Wave|p2a: Clefable
|-status|p2a: Clefable|par
|
|upkeep
|turn|147
|
|t:|1641800172
|switch|p2a: Blissey|Blissey, F|84/100
|move|p1a: Blissey|Seismic Toss|p2a: Blissey
|-damage|p2a: Blissey|70/100
|
|-heal|p2a: Blissey|76/100|[from] item: Leftovers
|upkeep
|turn|148
|
|t:|1641800178
|switch|p1a: Toxapex|Toxapex, M|100/100 brn
|move|p2a: Blissey|Heal Bell|p2a: Blissey
|-activate|p2a: Blissey|move: Heal Bell
|-curestatus|p2: Clefable|par|[msg]
|
|-heal|p2a: Blissey|82/100|[from] item: Leftovers
|-damage|p1a: Toxapex|94/100 brn|[from] brn
|upkeep
|turn|149
|
|t:|1641800189
|switch|p2a: Hippowdon|Hippowdon, M|39/100
|-weather|Sandstorm|[from] ability: Sand Stream|[of] p2a: Hippowdon
|move|p1a: Toxapex|Toxic Spikes|p2a: Hippowdon
|-sidestart|p2: Rocket_Grunt_Pwn|move: Toxic Spikes
|
|-weather|Sandstorm|[upkeep]
|-damage|p1a: Toxapex|88/100 brn|[from] Sandstorm
|-damage|p1a: Toxapex|82/100 brn|[from] brn
|upkeep
|turn|150
|
|t:|1641800194
|switch|p1a: Corviknight|Corviknight, F|82/100
|-ability|p1a: Corviknight|Pressure
|move|p2a: Hippowdon|Slack Off|p2a: Hippowdon
|-heal|p2a: Hippowdon|89/100
|
|-weather|Sandstorm|[upkeep]
|-heal|p1a: Corviknight|88/100|[from] item: Leftovers
|upkeep
|turn|151
|
|t:|1641800202
|switch|p1a: Tangrowth|Tangrowth, F|52/100 tox
|switch|p2a: Toxapex|Toxapex, M|100/100
|-sideend|p2: Rocket_Grunt_Pwn|move: Toxic Spikes|[of] p2a: Toxapex
|
|-weather|Sandstorm|[upkeep]
|-damage|p1a: Tangrowth|46/100 tox|[from] Sandstorm
|-damage|p2a: Toxapex|94/100|[from] Sandstorm
|-damage|p1a: Tangrowth|40/100 tox|[from] psn
|upkeep
|turn|152
|
|t:|1641800216
|switch|p1a: Toxapex|Toxapex, M|100/100 brn
|switch|p2a: Corviknight|Corviknight, M|76/100
|-ability|p2a: Corviknight|Pressure
|
|-weather|Sandstorm|[upkeep]
|-damage|p1a: Toxapex|94/100 brn|[from] Sandstorm
|-damage|p1a: Toxapex|88/100 brn|[from] brn
|upkeep
|turn|153
|
|t:|1641800223
|move|p2a: Corviknight|Taunt|p1a: Toxapex
|-start|p1a: Toxapex|move: Taunt
|move|p1a: Toxapex|Knock Off|p2a: Corviknight
|-damage|p2a: Corviknight|73/100
|
|-weather|none
|-damage|p1a: Toxapex|82/100 brn|[from] brn
|upkeep
|turn|154
|
|t:|1641800239
|switch|p1a: Corviknight|Corviknight, F|88/100
|-ability|p1a: Corviknight|Pressure
|move|p2a: Corviknight|Brave Bird|p1a: Corviknight
|-resisted|p1a: Corviknight
|-damage|p1a: Corviknight|77/100
|-damage|p2a: Corviknight|69/100|[from] Recoil
|
|-heal|p1a: Corviknight|83/100|[from] item: Leftovers
|upkeep
|turn|155
|
|t:|1641800249
|switch|p1a: Toxapex|Toxapex, M|100/100 brn
|move|p2a: Corviknight|Taunt|p1a: Toxapex
|-start|p1a: Toxapex|move: Taunt
|
|-damage|p1a: Toxapex|94/100 brn|[from] brn
|upkeep
|turn|156
|
|t:|1641800254
|switch|p2a: Ferrothorn|Ferrothorn, M|69/100
|switch|p1a: Corviknight|Corviknight, F|83/100
|-ability|p1a: Corviknight|Pressure
|
|-heal|p1a: Corviknight|89/100|[from] item: Leftovers
|upkeep
|turn|157
|
|t:|1641800262
|switch|p1a: Clefable|Clefable, M|88/100
|move|p2a: Ferrothorn|Knock Off|p1a: Clefable
|-resisted|p1a: Clefable
|-damage|p1a: Clefable|80/100
|
|upkeep
|turn|158
|
|t:|1641800268
|move|p2a: Ferrothorn|Spikes|p1a: Clefable
|-sidestart|p1: TheFalinksArmy|Spikes
|move|p1a: Clefable|Teleport|p1a: Clefable
|
|t:|1641800272
|switch|p1a: Corviknight|Corviknight, F|89/100|[from]move: Teleport
|-ability|p1a: Corviknight|Pressure
|
|-heal|p1a: Corviknight|95/100|[from] item: Leftovers
|upkeep
|turn|159
|
|t:|1641800276
|move|p1a: Corviknight|Body Press|p2a: Ferrothorn
|-supereffective|p2a: Ferrothorn
|-damage|p2a: Ferrothorn|39/100
|-damage|p1a: Corviknight|83/100|[from] ability: Iron Barbs|[of] p2a: Ferrothorn
|move|p2a: Ferrothorn|Knock Off|p1a: Corviknight
|-damage|p1a: Corviknight|70/100
|-enditem|p1a: Corviknight|Leftovers|[from] move: Knock Off|[of] p2a: Ferrothorn
|
|upkeep
|turn|160
|
|t:|1641800298
|move|p1a: Corviknight|Defog|p2a: Ferrothorn
|-unboost|p2a: Ferrothorn|evasion|1
|-sideend|p1: TheFalinksArmy|Spikes|[from] move: Defog|[of] p1a: Corviknight
|move|p2a: Ferrothorn|Knock Off|p1a: Corviknight
|-damage|p1a: Corviknight|60/100
|
|upkeep
|turn|161
|inactive|Rocket_Grunt_Pwn has 120 seconds left.
|
|t:|1641800318
|move|p1a: Corviknight|Roost|p1a: Corviknight
|-heal|p1a: Corviknight|100/100
|-singleturn|p1a: Corviknight|move: Roost
|move|p2a: Ferrothorn|Knock Off|p1a: Corviknight
|-damage|p1a: Corviknight|91/100
|
|upkeep
|turn|162
|
|t:|1641800323
|move|p1a: Corviknight|U-turn|p2a: Ferrothorn
|-damage|p2a: Ferrothorn|29/100
|-damage|p1a: Corviknight|79/100|[from] ability: Iron Barbs|[of] p2a: Ferrothorn
|
|t:|1641800327
|switch|p1a: Tangrowth|Tangrowth, F|73/100 tox|[from]move: U-turn
|move|p2a: Ferrothorn|Leech Seed|p1a: Tangrowth
|-immune|p1a: Tangrowth
|
|-damage|p1a: Tangrowth|67/100 tox|[from] psn
|upkeep
|turn|163
|
|t:|1641800336
|switch|p1a: Corviknight|Corviknight, F|79/100
|-ability|p1a: Corviknight|Pressure
|move|p2a: Ferrothorn|Protect||[still]
|-fail|p2a: Ferrothorn
|
|upkeep
|turn|164
|
|t:|1641800355
|switch|p1a: Tangrowth|Tangrowth, F|99/100 tox
|switch|p2a: Toxapex|Toxapex, M|100/100
|
|-damage|p1a: Tangrowth|94/100 tox|[from] psn
|upkeep
|turn|165
|inactive|Rocket_Grunt_Pwn has 120 seconds left.
|
|t:|1641800378
|switch|p2a: Blissey|Blissey, F|82/100
|move|p1a: Tangrowth|Giga Drain|p2a: Blissey
|-damage|p2a: Blissey|74/100
|-heal|p1a: Tangrowth|100/100 tox|[from] drain|[of] p2a: Blissey
|
|-heal|p2a: Blissey|80/100|[from] item: Leftovers
|-damage|p1a: Tangrowth|88/100 tox|[from] psn
|upkeep
|turn|166
|
|t:|1641800385
|switch|p1a: Toxapex|Toxapex, M|100/100 brn
|move|p2a: Blissey|Seismic Toss|p1a: Toxapex
|-damage|p1a: Toxapex|68/100 brn
|-damage|p2a: Blissey|63/100|[from] item: Rocky Helmet|[of] p1a: Toxapex
|
|-heal|p2a: Blissey|69/100|[from] item: Leftovers
|-damage|p1a: Toxapex|61/100 brn|[from] brn
|upkeep
|turn|167
|
|t:|1641800392
|move|p2a: Blissey|Seismic Toss|p1a: Toxapex
|-damage|p1a: Toxapex|28/100 brn
|-damage|p2a: Blissey|53/100|[from] item: Rocky Helmet|[of] p1a: Toxapex
|move|p1a: Toxapex|Toxic Spikes|p2a: Blissey
|-sidestart|p2: Rocket_Grunt_Pwn|move: Toxic Spikes
|
|-heal|p2a: Blissey|59/100|[from] item: Leftovers
|-damage|p1a: Toxapex|22/100 brn|[from] brn
|upkeep
|turn|168
|inactive|Rocket_Grunt_Pwn has 120 seconds left.
|
|t:|1641800398
|switch|p1a: Corviknight|Corviknight, F|79/100
|-ability|p1a: Corviknight|Pressure
|move|p2a: Blissey|Seismic Toss|p1a: Corviknight
|-damage|p1a: Corviknight|54/100
|
|-heal|p2a: Blissey|65/100|[from] item: Leftovers
|upkeep
|turn|169
|inactive|Rocket_Grunt_Pwn has 120 seconds left.
|
|t:|1641800407
|move|p1a: Corviknight|Roost|p1a: Corviknight
|-heal|p1a: Corviknight|100/100
|-singleturn|p1a: Corviknight|move: Roost
|move|p2a: Blissey|Seismic Toss|p1a: Corviknight
|-damage|p1a: Corviknight|75/100
|
|-heal|p2a: Blissey|71/100|[from] item: Leftovers
|upkeep
|turn|170
|
|t:|1641800417
|move|p1a: Corviknight|U-turn|p2a: Blissey
|-damage|p2a: Blissey|41/100
|
|t:|1641800422
|switch|p1a: Toxapex|Toxapex, M|55/100 brn|[from]move: U-turn
|move|p2a: Blissey|Seismic Toss|p1a: Toxapex
|-damage|p1a: Toxapex|23/100 brn
|-damage|p2a: Blissey|25/100|[from] item: Rocky Helmet|[of] p1a: Toxapex
|
|-heal|p2a: Blissey|31/100|[from] item: Leftovers
|-damage|p1a: Toxapex|16/100 brn|[from] brn
|upkeep
|turn|171
|
|t:|1641800437
|switch|p1a: Corviknight|Corviknight, F|75/100
|-ability|p1a: Corviknight|Pressure
|move|p2a: Blissey|Seismic Toss|p1a: Corviknight
|-damage|p1a: Corviknight|50/100
|
|-heal|p2a: Blissey|37/100|[from] item: Leftovers
|upkeep
|turn|172
|
|t:|1641800448
|move|p1a: Corviknight|Roost|p1a: Corviknight
|-heal|p1a: Corviknight|100/100
|-singleturn|p1a: Corviknight|move: Roost
|move|p2a: Blissey|Seismic Toss|p1a: Corviknight
|-damage|p1a: Corviknight|75/100
|
|-heal|p2a: Blissey|43/100|[from] item: Leftovers
|upkeep
|turn|173
|
|t:|1641800457
|move|p1a: Corviknight|U-turn|p2a: Blissey
|-damage|p2a: Blissey|13/100
|
|t:|1641800460
|switch|p1a: Toxapex|Toxapex, M|50/100 brn|[from]move: U-turn
|move|p2a: Blissey|Seismic Toss|p1a: Toxapex
|-damage|p1a: Toxapex|17/100 brn
|-damage|p2a: Blissey|0 fnt|[from] item: Rocky Helmet|[of] p1a: Toxapex
|faint|p2a: Blissey
|
|-damage|p1a: Toxapex|10/100 brn|[from] brn
|upkeep
|inactive|Rocket_Grunt_Pwn has 120 seconds left.
|
|t:|1641800477
|switch|p2a: Ferrothorn|Ferrothorn, M|29/100
|turn|174
|inactive|Rocket_Grunt_Pwn has 120 seconds left.
|c|☆TheFalinksArmy|173 turns with only 2 KO'S
|
|t:|1641800499
|switch|p1a: Corviknight|Corviknight, F|75/100
|-ability|p1a: Corviknight|Pressure
|move|p2a: Ferrothorn|Leech Seed|p1a: Corviknight
|-start|p1a: Corviknight|move: Leech Seed
|
|-damage|p1a: Corviknight|63/100|[from] Leech Seed|[of] p2a: Ferrothorn
|-heal|p2a: Ferrothorn|43/100|[silent]
|upkeep
|turn|175
|
|t:|1641800511
|switch|p1a: Tangrowth|Tangrowth, F|100/100 tox
|move|p2a: Ferrothorn|Protect||[still]
|-fail|p2a: Ferrothorn
|
|-damage|p1a: Tangrowth|94/100 tox|[from] psn
|upkeep
|turn|176
|
|t:|1641800522
|switch|p1a: Toxapex|Toxapex, M|44/100 brn
|move|p2a: Ferrothorn|Protect||[still]
|-fail|p2a: Ferrothorn
|
|-damage|p1a: Toxapex|37/100 brn|[from] brn
|upkeep
|turn|177
|
|t:|1641800532
|switch|p1a: Tangrowth|Tangrowth, F|100/100 tox
|move|p2a: Ferrothorn|Leech Seed|p1a: Tangrowth
|-immune|p1a: Tangrowth
|
|-damage|p1a: Tangrowth|94/100 tox|[from] psn
|upkeep
|turn|178
|
|t:|1641800543
|switch|p1a: Clefable|Clefable, M|80/100
|move|p2a: Ferrothorn|Knock Off|p1a: Clefable
|-resisted|p1a: Clefable
|-damage|p1a: Clefable|71/100
|
|upkeep
|turn|179
|
|t:|1641800552
|switch|p2a: Toxapex|Toxapex, M|100/100
|-sideend|p2: Rocket_Grunt_Pwn|move: Toxic Spikes|[of] p2a: Toxapex
|move|p1a: Clefable|Stealth Rock|p2a: Toxapex
|-sidestart|p2: Rocket_Grunt_Pwn|move: Stealth Rock
|
|upkeep
|turn|180
|
|t:|1641800567
|move|p1a: Clefable|Moonblast|p2a: Toxapex
|-resisted|p2a: Toxapex
|-damage|p2a: Toxapex|88/100
|move|p2a: Toxapex|Scald|p1a: Clefable
|-damage|p1a: Clefable|59/100
|
|upkeep
|turn|181
|
|t:|1641800574
|move|p2a: Toxapex|Scald|p1a: Clefable
|-damage|p1a: Clefable|48/100
|move|p1a: Clefable|Teleport|p1a: Clefable
|
|t:|1641800577
|switch|p1a: Corviknight|Corviknight, F|63/100|[from]move: Teleport
|-ability|p1a: Corviknight|Pressure
|
|upkeep
|turn|182
|
|t:|1641800584
|move|p1a: Corviknight|U-turn|p2a: Toxapex
|-resisted|p2a: Toxapex
|-damage|p2a: Toxapex|83/100
|
|t:|1641800588
|switch|p1a: Clefable|Clefable, M|48/100|[from]move: U-turn
|move|p2a: Toxapex|Scald|p1a: Clefable
|-damage|p1a: Clefable|37/100
|
|upkeep
|turn|183
|
|t:|1641800592
|move|p1a: Clefable|Moonlight|p1a: Clefable
|-heal|p1a: Clefable|87/100
|move|p2a: Toxapex|Scald|p1a: Clefable
|-damage|p1a: Clefable|75/100
|
|upkeep
|turn|184
|
|t:|1641800598
|move|p1a: Clefable|Moonblast|p2a: Toxapex
|-resisted|p2a: Toxapex
|-damage|p2a: Toxapex|69/100
|move|p2a: Toxapex|Scald|p1a: Clefable
|-damage|p1a: Clefable|63/100
|-status|p1a: Clefable|brn
|
|upkeep
|turn|185
|
|t:|1641800605
|move|p2a: Toxapex|Scald|p1a: Clefable
|-damage|p1a: Clefable|52/100 brn
|move|p1a: Clefable|Teleport|p1a: Clefable
|
|t:|1641800608
|switch|p1a: Tangrowth|Tangrowth, F|100/100 tox|[from]move: Teleport
|
|-damage|p1a: Tangrowth|94/100 tox|[from] psn
|upkeep
|turn|186
|inactive|Rocket_Grunt_Pwn has 120 seconds left.
|
|t:|1641800619
|move|p1a: Tangrowth|Knock Off|p2a: Toxapex
|-damage|p2a: Toxapex|59/100
|move|p2a: Toxapex|Scald|p1a: Tangrowth
|-resisted|p1a: Tangrowth
|-damage|p1a: Tangrowth|82/100 tox
|
|-damage|p1a: Tangrowth|70/100 tox|[from] psn
|upkeep
|turn|187
|
|t:|1641800625
|switch|p1a: Toxapex|Toxapex, M|71/100 brn
|move|p2a: Toxapex|Recover|p2a: Toxapex
|-heal|p2a: Toxapex|100/100
|
|-damage|p1a: Toxapex|64/100 brn|[from] brn
|upkeep
|turn|188
|
|t:|1641800633
|switch|p2a: Corviknight|Corviknight, M|69/100
|-damage|p2a: Corviknight|57/100|[from] Stealth Rock
|-ability|p2a: Corviknight|Pressure
|move|p1a: Toxapex|Toxic Spikes|p2a: Corviknight
|-sidestart|p2: Rocket_Grunt_Pwn|move: Toxic Spikes
|
|-damage|p1a: Toxapex|58/100 brn|[from] brn
|upkeep
|turn|189
|
|t:|1641800645
|switch|p1a: Corviknight|Corviknight, F|63/100
|-ability|p1a: Corviknight|Pressure
|move|p2a: Corviknight|Defog|p1a: Corviknight
|-unboost|p1a: Corviknight|evasion|1
|-sideend|p2: Rocket_Grunt_Pwn|Toxic Spikes|[from] move: Defog|[of] p2a: Corviknight
|-sideend|p2: Rocket_Grunt_Pwn|Stealth Rock|[from] move: Defog|[of] p2a: Corviknight
|
|upkeep
|turn|190
|
|t:|1641800652
|switch|p1a: Toxapex|Toxapex, M|91/100 brn
|move|p2a: Corviknight|Roost|p2a: Corviknight
|-heal|p2a: Corviknight|100/100
|-singleturn|p2a: Corviknight|move: Roost
|
|-damage|p1a: Toxapex|85/100 brn|[from] brn
|upkeep
|turn|191
|
|t:|1641800660
|switch|p2a: Hippowdon|Hippowdon, M|89/100
|-weather|Sandstorm|[from] ability: Sand Stream|[of] p2a: Hippowdon
|move|p1a: Toxapex|Toxic Spikes|p2a: Hippowdon
|-sidestart|p2: Rocket_Grunt_Pwn|move: Toxic Spikes
|
|-weather|Sandstorm|[upkeep]
|-damage|p1a: Toxapex|79/100 brn|[from] Sandstorm
|-damage|p1a: Toxapex|73/100 brn|[from] brn
|upkeep
|turn|192
|
|t:|1641800674
|switch|p1a: Corviknight|Corviknight, F|63/100
|-ability|p1a: Corviknight|Pressure
|move|p2a: Hippowdon|Stealth Rock|p1a: Corviknight
|-sidestart|p1: TheFalinksArmy|move: Stealth Rock
|
|-weather|Sandstorm|[upkeep]
|upkeep
|turn|193
|
|t:|1641800679
|move|p1a: Corviknight|Roost|p1a: Corviknight
|-heal|p1a: Corviknight|100/100
|-singleturn|p1a: Corviknight|move: Roost
|move|p2a: Hippowdon|Stealth Rock||[still]
|-fail|p2a: Hippowdon
|
|-weather|Sandstorm|[upkeep]
|upkeep
|turn|194
|
|t:|1641800684
|move|p1a: Corviknight|Defog|p2a: Hippowdon
|-unboost|p2a: Hippowdon|evasion|1
|-sideend|p2: Rocket_Grunt_Pwn|Toxic Spikes|[from] move: Defog|[of] p1a: Corviknight
|-sideend|p1: TheFalinksArmy|Stealth Rock|[from] move: Defog|[of] p1a: Corviknight
|move|p2a: Hippowdon|Whirlwind|p1a: Corviknight
|drag|p1a: Tangrowth|Tangrowth, F|100/100 tox
|
|-weather|Sandstorm|[upkeep]
|-damage|p1a: Tangrowth|94/100 tox|[from] Sandstorm
|-damage|p1a: Tangrowth|88/100 tox|[from] psn
|upkeep
|turn|195
|
|t:|1641800695
|switch|p2a: Corviknight|Corviknight, M|100/100
|-ability|p2a: Corviknight|Pressure
|move|p1a: Tangrowth|Sleep Powder|p2a: Corviknight|[miss]
|-miss|p1a: Tangrowth|p2a: Corviknight
|
|-weather|none
|-damage|p1a: Tangrowth|76/100 tox|[from] psn
|upkeep
|turn|196
|
|t:|1641800704
|switch|p1a: Toxapex|Toxapex, M|100/100 brn
|move|p2a: Corviknight|Taunt|p1a: Toxapex
|-start|p1a: Toxapex|move: Taunt
|
|-damage|p1a: Toxapex|94/100 brn|[from] brn
|upkeep
|turn|197
|
|t:|1641800712
|switch|p2a: Hippowdon|Hippowdon, M|89/100
|-weather|Sandstorm|[from] ability: Sand Stream|[of] p2a: Hippowdon
|switch|p1a: Corviknight|Corviknight, F|100/100
|-ability|p1a: Corviknight|Pressure
|
|-weather|Sandstorm|[upkeep]
|upkeep
|turn|198
|
|t:|1641800717
|switch|p1a: Tangrowth|Tangrowth, F|100/100 tox
|move|p2a: Hippowdon|Stealth Rock|p1a: Tangrowth
|-sidestart|p1: TheFalinksArmy|move: Stealth Rock
|
|-weather|Sandstorm|[upkeep]
|-damage|p1a: Tangrowth|94/100 tox|[from] Sandstorm
|-damage|p1a: Tangrowth|88/100 tox|[from] psn
|upkeep
|turn|199
|
|t:|1641800728
|switch|p2a: Ferrothorn|Ferrothorn, M|43/100
|move|p1a: Tangrowth|Giga Drain|p2a: Ferrothorn
|-resisted|p2a: Ferrothorn
|-damage|p2a: Ferrothorn|38/100
|-heal|p1a: Tangrowth|91/100 tox|[from] drain|[of] p2a: Ferrothorn
|
|-weather|Sandstorm|[upkeep]
|-damage|p1a: Tangrowth|84/100 tox|[from] Sandstorm
|-damage|p1a: Tangrowth|72/100 tox|[from] psn
|upkeep
|turn|200
|inactive|TheFalinksArmy has 120 seconds left.
|inactive|Rocket_Grunt_Pwn has 90 seconds left.
|
|t:|1641800735
|switch|p2a: Corviknight|Corviknight, M|100/100
|-ability|p2a: Corviknight|Pressure
|move|p1a: Tangrowth|Focus Blast|p2a: Corviknight|[miss]
|-miss|p1a: Tangrowth|p2a: Corviknight
|
|-weather|Sandstorm|[upkeep]
|-damage|p1a: Tangrowth|66/100 tox|[from] Sandstorm
|-damage|p1a: Tangrowth|47/100 tox|[from] psn
|upkeep
|turn|201
|inactive|TheFalinksArmy has 120 seconds left.
|inactive|Rocket_Grunt_Pwn has 90 seconds left.
|
|t:|1641800745
|switch|p1a: Corviknight|Corviknight, F|100/100
|-damage|p1a: Corviknight|88/100|[from] Stealth Rock
|-ability|p1a: Corviknight|Pressure
|move|p2a: Corviknight|Taunt|p1a: Corviknight
|-start|p1a: Corviknight|move: Taunt
|
|-weather|none
|upkeep
|turn|202
|
|t:|1641800758
|move|p1a: Corviknight|U-turn|p2a: Corviknight
|-resisted|p2a: Corviknight
|-damage|p2a: Corviknight|98/100
|
|t:|1641800764
|switch|p1a: Toxapex|Toxapex, M|100/100 brn|[from]move: U-turn
|-damage|p1a: Toxapex|88/100 brn|[from] Stealth Rock
|move|p2a: Corviknight|Taunt|p1a: Toxapex
|-start|p1a: Toxapex|move: Taunt
|
|-damage|p1a: Toxapex|82/100 brn|[from] brn
|upkeep
|turn|203
|
|t:|1641800773
|switch|p2a: Hippowdon|Hippowdon, M|89/100
|-weather|Sandstorm|[from] ability: Sand Stream|[of] p2a: Hippowdon
|switch|p1a: Corviknight|Corviknight, F|88/100
|-damage|p1a: Corviknight|75/100|[from] Stealth Rock
|-ability|p1a: Corviknight|Pressure
|
|-weather|Sandstorm|[upkeep]
|upkeep
|turn|204
|
|t:|1641800778
|move|p1a: Corviknight|Defog|p2a: Hippowdon
|-unboost|p2a: Hippowdon|evasion|1
|-sideend|p1: TheFalinksArmy|Stealth Rock|[from] move: Defog|[of] p1a: Corviknight
|move|p2a: Hippowdon|Whirlwind|p1a: Corviknight
|drag|p1a: Tangrowth|Tangrowth, F|80/100 tox
|
|-weather|Sandstorm|[upkeep]
|-damage|p1a: Tangrowth|74/100 tox|[from] Sandstorm
|-damage|p1a: Tangrowth|68/100 tox|[from] psn
|upkeep
|turn|205
|
|t:|1641800789
|switch|p1a: Clefable|Clefable, M|52/100 brn
|switch|p2a: Corviknight|Corviknight, M|98/100
|-ability|p2a: Corviknight|Pressure
|
|-weather|Sandstorm|[upkeep]
|upkeep
|turn|206
|
|t:|1641800797
|switch|p1a: Corviknight|Corviknight, F|75/100
|-ability|p1a: Corviknight|Pressure
|move|p2a: Corviknight|Brave Bird|p1a: Corviknight
|-resisted|p1a: Corviknight
|-damage|p1a: Corviknight|64/100
|-damage|p2a: Corviknight|95/100|[from] Recoil
|
|-weather|Sandstorm|[upkeep]
|upkeep
|turn|207
|
|t:|1641800801
|switch|p1a: Toxapex|Toxapex, M|100/100 brn
|move|p2a: Corviknight|Taunt|p1a: Toxapex
|-start|p1a: Toxapex|move: Taunt
|
|-weather|none
|-damage|p1a: Toxapex|94/100 brn|[from] brn
|upkeep
|turn|208
|
|t:|1641800809
|switch|p2a: Hippowdon|Hippowdon, M|89/100
|-weather|Sandstorm|[from] ability: Sand Stream|[of] p2a: Hippowdon
|switch|p1a: Corviknight|Corviknight, F|64/100
|-ability|p1a: Corviknight|Pressure
|
|-weather|Sandstorm|[upkeep]
|upkeep
|turn|209
|
|t:|1641800824
|move|p1a: Corviknight|Roost|p1a: Corviknight
|-heal|p1a: Corviknight|100/100
|-singleturn|p1a: Corviknight|move: Roost
|move|p2a: Hippowdon|Earthquake|p1a: Corviknight
|-supereffective|p1a: Corviknight
|-damage|p1a: Corviknight|47/100
|
|-weather|Sandstorm|[upkeep]
|upkeep
|turn|210
|
|t:|1641800832
|switch|p1a: Tangrowth|Tangrowth, F|100/100 tox
|move|p2a: Hippowdon|Stealth Rock|p1a: Tangrowth
|-sidestart|p1: TheFalinksArmy|move: Stealth Rock
|
|-weather|Sandstorm|[upkeep]
|-damage|p1a: Tangrowth|94/100 tox|[from] Sandstorm
|-damage|p1a: Tangrowth|88/100 tox|[from] psn
|upkeep
|turn|211
|inactive|Rocket_Grunt_Pwn has 60 seconds left.
|
|t:|1641800845
|switch|p1a: Corviknight|Corviknight, F|47/100
|-damage|p1a: Corviknight|35/100|[from] Stealth Rock
|-ability|p1a: Corviknight|Pressure
|switch|p2a: Ferrothorn|Ferrothorn, M|38/100
|
|-weather|Sandstorm|[upkeep]
|upkeep
|turn|212
|
|t:|1641800854
|move|p1a: Corviknight|Roost|p1a: Corviknight
|-heal|p1a: Corviknight|85/100
|-singleturn|p1a: Corviknight|move: Roost
|move|p2a: Ferrothorn|Leech Seed|p1a: Corviknight
|-start|p1a: Corviknight|move: Leech Seed
|
|-weather|none
|-damage|p1a: Corviknight|72/100|[from] Leech Seed|[of] p2a: Ferrothorn
|-heal|p2a: Ferrothorn|52/100|[silent]
|upkeep
|turn|213
|
|t:|1641800863
|switch|p1a: Clefable|Clefable, M|52/100 brn
|move|p2a: Ferrothorn|Protect||[still]
|-fail|p2a: Ferrothorn
|
|upkeep
|turn|214
|
|t:|1641800878
|move|p1a: Clefable|Moonlight|p1a: Clefable
|-heal|p1a: Clefable|100/100 brn
|move|p2a: Ferrothorn|Spikes|p1a: Clefable
|-sidestart|p1: TheFalinksArmy|Spikes
|
|upkeep
|turn|215
|
|t:|1641800881
|switch|p1a: Corviknight|Corviknight, F|72/100
|-damage|p1a: Corviknight|60/100|[from] Stealth Rock
|-ability|p1a: Corviknight|Pressure
|switch|p2a: Corviknight|Corviknight, M|95/100
|-ability|p2a: Corviknight|Pressure
|
|upkeep
|turn|216
|
|t:|1641800890
|move|p2a: Corviknight|Taunt|p1a: Corviknight
|-start|p1a: Corviknight|move: Taunt
|cant|p1a: Corviknight|move: Taunt|Roost
|
|upkeep
|turn|217
|
|t:|1641800900
|switch|p1a: Toxapex|Toxapex, M|100/100 brn
|-damage|p1a: Toxapex|88/100 brn|[from] Spikes
|-damage|p1a: Toxapex|75/100 brn|[from] Stealth Rock
|switch|p2a: Hippowdon|Hippowdon, M|89/100
|-weather|Sandstorm|[from] ability: Sand Stream|[of] p2a: Hippowdon
|
|-weather|Sandstorm|[upkeep]
|-damage|p1a: Toxapex|69/100 brn|[from] Sandstorm
|-damage|p1a: Toxapex|63/100 brn|[from] brn
|upkeep
|turn|218
|inactive|Rocket_Grunt_Pwn has 30 seconds left.
|
|t:|1641800925
|switch|p1a: Tangrowth|Tangrowth, F|100/100 tox
|-damage|p1a: Tangrowth|88/100 tox|[from] Spikes
|-damage|p1a: Tangrowth|76/100 tox|[from] Stealth Rock
|move|p2a: Hippowdon|Whirlwind|p1a: Tangrowth
|drag|p1a: Blissey|Blissey, F|76/100
|
|-weather|Sandstorm|[upkeep]
|-damage|p1a: Blissey|69/100|[from] Sandstorm
|upkeep
|turn|219
|inactive|Rocket_Grunt_Pwn has 25 seconds left this turn.
|inactive|Rocket_Grunt_Pwn has 20 seconds left.
|inactive|TheFalinksArmy has 90 seconds left.
|inactive|Rocket_Grunt_Pwn has 15 seconds left.
|
|t:|1641800937
|move|p1a: Blissey|Seismic Toss|p2a: Hippowdon
|-damage|p2a: Hippowdon|65/100
|move|p2a: Hippowdon|Whirlwind|p1a: Blissey
|drag|p1a: Tangrowth|Tangrowth, F|100/100 tox
|-damage|p1a: Tangrowth|88/100 tox|[from] Spikes
|-damage|p1a: Tangrowth|76/100 tox|[from] Stealth Rock
|
|-weather|Sandstorm|[upkeep]
|-damage|p1a: Tangrowth|70/100 tox|[from] Sandstorm
|-damage|p1a: Tangrowth|63/100 tox|[from] psn
|upkeep
|turn|220
|inactive|Rocket_Grunt_Pwn has 20 seconds left this turn.
|inactive|TheFalinksArmy has 90 seconds left.
|inactive|Rocket_Grunt_Pwn has 15 seconds left.
|
|t:|1641800948
|switch|p1a: Corviknight|Corviknight, F|60/100
|-damage|p1a: Corviknight|47/100|[from] Stealth Rock
|-ability|p1a: Corviknight|Pressure
|switch|p2a: Ferrothorn|Ferrothorn, M|52/100
|
|-weather|Sandstorm|[upkeep]
|upkeep
|turn|221
|inactive|Rocket_Grunt_Pwn has 15 seconds left this turn.
|inactive|Rocket_Grunt_Pwn has 10 seconds left.
|
|t:|1641800955
|move|p1a: Corviknight|Defog|p2a: Ferrothorn
|-unboost|p2a: Ferrothorn|evasion|1
|-sideend|p1: TheFalinksArmy|Spikes|[from] move: Defog|[of] p1a: Corviknight
|-sideend|p1: TheFalinksArmy|Stealth Rock|[from] move: Defog|[of] p1a: Corviknight
|move|p2a: Ferrothorn|Leech Seed|p1a: Corviknight
|-start|p1a: Corviknight|move: Leech Seed
|
|-weather|none
|-damage|p1a: Corviknight|35/100|[from] Leech Seed|[of] p2a: Ferrothorn
|-heal|p2a: Ferrothorn|66/100|[silent]
|upkeep
|turn|222
|inactive|Rocket_Grunt_Pwn has 15 seconds left this turn.
|
|t:|1641800958
|switch|p2a: Toxapex|Toxapex, M|100/100
|move|p1a: Corviknight|Roost|p1a: Corviknight
|-heal|p1a: Corviknight|85/100
|-singleturn|p1a: Corviknight|move: Roost
|
|-damage|p1a: Corviknight|72/100|[from] Leech Seed|[of] p2a: Toxapex
|upkeep
|turn|223
|inactive|Rocket_Grunt_Pwn has 15 seconds left this turn.
|
|t:|1641800962
|switch|p1a: Toxapex|Toxapex, M|96/100 brn
|move|p2a: Toxapex|Scald|p1a: Toxapex
|-resisted|p1a: Toxapex
|-damage|p1a: Toxapex|89/100 brn
|
|-damage|p1a: Toxapex|83/100 brn|[from] brn
|upkeep
|turn|224
|inactive|Rocket_Grunt_Pwn has 20 seconds left this turn.
|inactive|TheFalinksArmy has 90 seconds left.
|
|t:|1641800970
|switch|p2a: Corviknight|Corviknight, M|95/100
|-ability|p2a: Corviknight|Pressure
|move|p1a: Toxapex|Knock Off|p2a: Corviknight
|-damage|p2a: Corviknight|92/100
|
|-damage|p1a: Toxapex|76/100 brn|[from] brn
|upkeep
|turn|225
|inactive|Rocket_Grunt_Pwn has 20 seconds left this turn.
|inactive|Rocket_Grunt_Pwn has 15 seconds left.
|
|t:|1641800975
|move|p2a: Corviknight|Taunt|p1a: Toxapex
|-start|p1a: Toxapex|move: Taunt
|move|p1a: Toxapex|Knock Off|p2a: Corviknight
|-damage|p2a: Corviknight|89/100
|
|-damage|p1a: Toxapex|70/100 brn|[from] brn
|upkeep
|turn|226
|inactive|Rocket_Grunt_Pwn has 20 seconds left this turn.
|
|t:|1641800979
|switch|p2a: Hippowdon|Hippowdon, M|65/100
|-weather|Sandstorm|[from] ability: Sand Stream|[of] p2a: Hippowdon
|move|p1a: Toxapex|Knock Off|p2a: Hippowdon
|-damage|p2a: Hippowdon|63/100
|
|-weather|Sandstorm|[upkeep]
|-damage|p1a: Toxapex|64/100 brn|[from] Sandstorm
|-damage|p1a: Toxapex|58/100 brn|[from] brn
|upkeep
|turn|227
|inactive|Rocket_Grunt_Pwn has 20 seconds left this turn.
|inactive|TheFalinksArmy has 90 seconds left.
|inactive|Rocket_Grunt_Pwn has 15 seconds left.
|
|t:|1641800987
|switch|p1a: Tangrowth|Tangrowth, F|97/100 tox
|move|p2a: Hippowdon|Stealth Rock|p1a: Tangrowth
|-sidestart|p1: TheFalinksArmy|move: Stealth Rock
|
|-weather|Sandstorm|[upkeep]
|-damage|p1a: Tangrowth|90/100 tox|[from] Sandstorm
|-damage|p1a: Tangrowth|84/100 tox|[from] psn
|upkeep
|turn|228
|inactive|Rocket_Grunt_Pwn has 20 seconds left this turn.
|inactive|TheFalinksArmy has 90 seconds left.
|
|t:|1641800994
|switch|p2a: Ferrothorn|Ferrothorn, M|66/100
|move|p1a: Tangrowth|Sleep Powder|p2a: Ferrothorn
|-immune|p2a: Ferrothorn
|
|-weather|Sandstorm|[upkeep]
|-damage|p1a: Tangrowth|78/100 tox|[from] Sandstorm
|-damage|p1a: Tangrowth|66/100 tox|[from] psn
|upkeep
|turn|229
|inactive|Rocket_Grunt_Pwn has 20 seconds left this turn.
|inactive|Rocket_Grunt_Pwn has 15 seconds left.
|
|t:|1641801003
|switch|p1a: Clefable|Clefable, M|100/100 brn
|move|p2a: Ferrothorn|Spikes|p1a: Clefable
|-sidestart|p1: TheFalinksArmy|Spikes
|
|-weather|Sandstorm|[upkeep]
|upkeep
|turn|230
|inactive|Rocket_Grunt_Pwn has 20 seconds left this turn.
|inactive|Rocket_Grunt_Pwn has 15 seconds left.
|
|t:|1641801009
|switch|p1a: Corviknight|Corviknight, F|72/100
|-damage|p1a: Corviknight|60/100|[from] Stealth Rock
|-ability|p1a: Corviknight|Pressure
|move|p2a: Ferrothorn|Spikes|p1a: Corviknight
|-sidestart|p1: TheFalinksArmy|Spikes
|
|-weather|none
|upkeep
|turn|231
|inactive|Rocket_Grunt_Pwn has 15 seconds left this turn.
|inactive|TheFalinksArmy has 90 seconds left.
|
|t:|1641801015
|switch|p2a: Corviknight|Corviknight, M|89/100
|-ability|p2a: Corviknight|Pressure
|move|p1a: Corviknight|Defog|p2a: Corviknight
|-unboost|p2a: Corviknight|evasion|1
|-sideend|p1: TheFalinksArmy|Spikes|[from] move: Defog|[of] p1a: Corviknight
|-sideend|p1: TheFalinksArmy|Stealth Rock|[from] move: Defog|[of] p1a: Corviknight
|
|upkeep
|turn|232
|inactive|Rocket_Grunt_Pwn has 20 seconds left this turn.
|
|t:|1641801020
|move|p1a: Corviknight|U-turn|p2a: Corviknight
|-resisted|p2a: Corviknight
|-damage|p2a: Corviknight|87/100
|inactive|Rocket_Grunt_Pwn has 20 seconds left this turn.
|
|t:|1641801023
|switch|p1a: Toxapex|Toxapex, M|91/100 brn|[from]move: U-turn
|move|p2a: Corviknight|Taunt|p1a: Toxapex
|-start|p1a: Toxapex|move: Taunt
|
|-damage|p1a: Toxapex|85/100 brn|[from] brn
|upkeep
|turn|233
|inactive|Rocket_Grunt_Pwn has 25 seconds left this turn.
|inactive|Rocket_Grunt_Pwn has 20 seconds left.
|
|t:|1641801032
|switch|p2a: Hippowdon|Hippowdon, M|63/100
|-weather|Sandstorm|[from] ability: Sand Stream|[of] p2a: Hippowdon
|switch|p1a: Corviknight|Corviknight, F|60/100
|-ability|p1a: Corviknight|Pressure
|
|-weather|Sandstorm|[upkeep]
|upkeep
|turn|234
|inactive|Rocket_Grunt_Pwn has 20 seconds left this turn.
|inactive|TheFalinksArmy has 90 seconds left.
|
|t:|1641801042
|move|p1a: Corviknight|U-turn|p2a: Hippowdon
|-crit|p2a: Hippowdon
|-damage|p2a: Hippowdon|50/100
|inactive|Rocket_Grunt_Pwn has 25 seconds left this turn.
|
|t:|1641801044
|switch|p1a: Toxapex|Toxapex, M|100/100 brn|[from]move: U-turn
|move|p2a: Hippowdon|Stealth Rock|p1a: Toxapex
|-sidestart|p1: TheFalinksArmy|move: Stealth Rock
|
|-weather|Sandstorm|[upkeep]
|-damage|p1a: Toxapex|94/100 brn|[from] Sandstorm
|-damage|p1a: Toxapex|88/100 brn|[from] brn
|upkeep
|turn|235
|inactive|Rocket_Grunt_Pwn has 25 seconds left this turn.
|
|t:|1641801049
|switch|p1a: Corviknight|Corviknight, F|60/100
|-damage|p1a: Corviknight|47/100|[from] Stealth Rock
|-ability|p1a: Corviknight|Pressure
|move|p2a: Hippowdon|Slack Off|p2a: Hippowdon
|-heal|p2a: Hippowdon|99/100
|
|-weather|Sandstorm|[upkeep]
|upkeep
|turn|236
|inactive|Rocket_Grunt_Pwn has 30 seconds left this turn.
|j| calcullus124
|
|t:|1641801052
|move|p1a: Corviknight|Defog|p2a: Hippowdon
|-unboost|p2a: Hippowdon|evasion|1
|-sideend|p1: TheFalinksArmy|Stealth Rock|[from] move: Defog|[of] p1a: Corviknight
|move|p2a: Hippowdon|Whirlwind|p1a: Corviknight
|drag|p1a: Tangrowth|Tangrowth, F|99/100 tox
|
|-weather|Sandstorm|[upkeep]
|-damage|p1a: Tangrowth|93/100 tox|[from] Sandstorm
|-damage|p1a: Tangrowth|86/100 tox|[from] psn
|upkeep
|turn|237
|inactive|Rocket_Grunt_Pwn has 30 seconds left this turn.
|inactive|TheFalinksArmy has 90 seconds left.
|
|t:|1641801058
|switch|p2a: Ferrothorn|Ferrothorn, M|66/100
|move|p1a: Tangrowth|Giga Drain|p2a: Ferrothorn
|-resisted|p2a: Ferrothorn
|-damage|p2a: Ferrothorn|61/100
|-heal|p1a: Tangrowth|89/100 tox|[from] drain|[of] p2a: Ferrothorn
|
|-weather|none
|-damage|p1a: Tangrowth|76/100 tox|[from] psn
|upkeep
|turn|238
|inactive|Rocket_Grunt_Pwn has 30 seconds left.
|
|t:|1641801064
|switch|p1a: Corviknight|Corviknight, F|47/100
|-ability|p1a: Corviknight|Pressure
|move|p2a: Ferrothorn|Spikes|p1a: Corviknight
|-sidestart|p1: TheFalinksArmy|Spikes
|
|upkeep
|turn|239
|inactive|Rocket_Grunt_Pwn has 30 seconds left this turn.
|
|t:|1641801067
|switch|p2a: Hippowdon|Hippowdon, M|99/100
|-weather|Sandstorm|[from] ability: Sand Stream|[of] p2a: Hippowdon
|move|p1a: Corviknight|Roost|p1a: Corviknight
|-heal|p1a: Corviknight|97/100
|-singleturn|p1a: Corviknight|move: Roost
|
|-weather|Sandstorm|[upkeep]
|upkeep
|turn|240
|
|t:|1641801072
|move|p1a: Corviknight|Defog|p2a: Hippowdon
|-unboost|p2a: Hippowdon|evasion|1
|-sideend|p1: TheFalinksArmy|Spikes|[from] move: Defog|[of] p1a: Corviknight
|move|p2a: Hippowdon|Stealth Rock|p1a: Corviknight
|-sidestart|p1: TheFalinksArmy|move: Stealth Rock
|
|-weather|Sandstorm|[upkeep]
|upkeep
|turn|241
|
|t:|1641801076
|move|p1a: Corviknight|Defog|p2a: Hippowdon
|-unboost|p2a: Hippowdon|evasion|1
|-sideend|p1: TheFalinksArmy|Stealth Rock|[from] move: Defog|[of] p1a: Corviknight
|move|p2a: Hippowdon|Whirlwind|p1a: Corviknight
|drag|p1a: Clefable|Clefable, M|100/100 brn
|
|-weather|Sandstorm|[upkeep]
|upkeep
|turn|242
|
|t:|1641801079
|move|p1a: Clefable|Moonblast|p2a: Hippowdon
|-damage|p2a: Hippowdon|75/100
|move|p2a: Hippowdon|Stealth Rock|p1a: Clefable
|-sidestart|p1: TheFalinksArmy|move: Stealth Rock
|
|-weather|Sandstorm|[upkeep]
|upkeep
|turn|243
|
|t:|1641801084
|move|p1a: Clefable|Moonblast|p2a: Hippowdon
|-damage|p2a: Hippowdon|46/100
|-unboost|p2a: Hippowdon|spa|1
|move|p2a: Hippowdon|Earthquake|p1a: Clefable
|-damage|p1a: Clefable|57/100 brn
|
|-weather|none
|upkeep
|turn|244
|
|t:|1641801091
|move|p1a: Clefable|Moonblast|p2a: Hippowdon
|-damage|p2a: Hippowdon|17/100
|move|p2a: Hippowdon|Slack Off|p2a: Hippowdon
|-heal|p2a: Hippowdon|67/100
|
|upkeep
|turn|245
|
|t:|1641801095
|move|p1a: Clefable|Moonblast|p2a: Hippowdon
|-damage|p2a: Hippowdon|40/100
|-unboost|p2a: Hippowdon|spa|1
|move|p2a: Hippowdon|Whirlwind|p1a: Clefable
|drag|p1a: Tangrowth|Tangrowth, F|100/100 tox
|-damage|p1a: Tangrowth|88/100 tox|[from] Stealth Rock
|
|-damage|p1a: Tangrowth|82/100 tox|[from] psn
|upkeep
|turn|246
|
|t:|1641801103
|switch|p2a: Ferrothorn|Ferrothorn, M|61/100
|move|p1a: Tangrowth|Knock Off|p2a: Ferrothorn
|-damage|p2a: Ferrothorn|51/100
|-damage|p1a: Tangrowth|70/100 tox|[from] ability: Iron Barbs|[of] p2a: Ferrothorn
|
|-damage|p1a: Tangrowth|57/100 tox|[from] psn
|upkeep
|turn|247
|
|t:|1641801109
|switch|p1a: Corviknight|Corviknight, F|97/100
|-damage|p1a: Corviknight|85/100|[from] Stealth Rock
|-ability|p1a: Corviknight|Pressure
|move|p2a: Ferrothorn|Spikes|p1a: Corviknight
|-sidestart|p1: TheFalinksArmy|Spikes
|
|upkeep
|turn|248
|
|t:|1641801115
|move|p1a: Corviknight|Defog|p2a: Ferrothorn
|-unboost|p2a: Ferrothorn|evasion|1
|-sideend|p1: TheFalinksArmy|Spikes|[from] move: Defog|[of] p1a: Corviknight
|-sideend|p1: TheFalinksArmy|Stealth Rock|[from] move: Defog|[of] p1a: Corviknight
|move|p2a: Ferrothorn|Spikes|p1a: Corviknight
|-sidestart|p1: TheFalinksArmy|Spikes
|
|upkeep
|turn|249
|
|t:|1641801121
|switch|p1a: Toxapex|Toxapex, M|100/100 brn
|-damage|p1a: Toxapex|88/100 brn|[from] Spikes
|switch|p2a: Hippowdon|Hippowdon, M|40/100
|-weather|Sandstorm|[from] ability: Sand Stream|[of] p2a: Hippowdon
|
|-weather|Sandstorm|[upkeep]
|-damage|p1a: Toxapex|82/100 brn|[from] Sandstorm
|-damage|p1a: Toxapex|75/100 brn|[from] brn
|upkeep
|turn|250
|
|t:|1641801125
|switch|p1a: Corviknight|Corviknight, F|85/100
|-ability|p1a: Corviknight|Pressure
|move|p2a: Hippowdon|Earthquake|p1a: Corviknight
|-immune|p1a: Corviknight
|
|-weather|Sandstorm|[upkeep]
|upkeep
|turn|251
|
|t:|1641801131
|move|p1a: Corviknight|U-turn|p2a: Hippowdon
|-damage|p2a: Hippowdon|32/100
|
|t:|1641801134
|switch|p1a: Clefable|Clefable, M|57/100 brn|[from]move: U-turn
|move|p2a: Hippowdon|Slack Off|p2a: Hippowdon
|-heal|p2a: Hippowdon|82/100
|
|-weather|Sandstorm|[upkeep]
|upkeep
|turn|252
|l| calcullus124
|
|t:|1641801137
|move|p1a: Clefable|Moonblast|p2a: Hippowdon
|-damage|p2a: Hippowdon|54/100
|move|p2a: Hippowdon|Stealth Rock|p1a: Clefable
|-sidestart|p1: TheFalinksArmy|move: Stealth Rock
|
|-weather|Sandstorm|[upkeep]
|upkeep
|turn|253
|
|t:|1641801143
|move|p1a: Clefable|Moonblast|p2a: Hippowdon
|-damage|p2a: Hippowdon|25/100
|move|p2a: Hippowdon|Slack Off|p2a: Hippowdon
|-heal|p2a: Hippowdon|75/100
|
|-weather|none
|upkeep
|turn|254
|
|t:|1641801147
|switch|p1a: Corviknight|Corviknight, F|85/100
|-damage|p1a: Corviknight|72/100|[from] Stealth Rock
|-ability|p1a: Corviknight|Pressure
|move|p2a: Hippowdon|Whirlwind|p1a: Corviknight
|drag|p1a: Clefable|Clefable, M|57/100 brn
|
|upkeep
|turn|255
|inactive|Rocket_Grunt_Pwn has 60 seconds left.
|
|t:|1641801153
|switch|p1a: Corviknight|Corviknight, F|72/100
|-damage|p1a: Corviknight|60/100|[from] Stealth Rock
|-ability|p1a: Corviknight|Pressure
|move|p2a: Hippowdon|Earthquake|p1a: Corviknight
|-immune|p1a: Corviknight
|
|upkeep
|turn|256
|
|t:|1641801160
|move|p1a: Corviknight|Defog|p2a: Hippowdon
|-unboost|p2a: Hippowdon|evasion|1
|-sideend|p1: TheFalinksArmy|Spikes|[from] move: Defog|[of] p1a: Corviknight
|-sideend|p1: TheFalinksArmy|Stealth Rock|[from] move: Defog|[of] p1a: Corviknight
|move|p2a: Hippowdon|Stealth Rock|p1a: Corviknight
|-sidestart|p1: TheFalinksArmy|move: Stealth Rock
|
|upkeep
|turn|257
|
|t:|1641801168
|move|p1a: Corviknight|U-turn|p2a: Hippowdon
|-damage|p2a: Hippowdon|67/100
|
|t:|1641801171
|switch|p1a: Clefable|Clefable, M|57/100 brn|[from]move: U-turn
|move|p2a: Hippowdon|Stealth Rock||[still]
|-fail|p2a: Hippowdon
|
|upkeep
|turn|258
|
|t:|1641801174
|move|p1a: Clefable|Moonblast|p2a: Hippowdon
|-damage|p2a: Hippowdon|42/100
|move|p2a: Hippowdon|Earthquake|p1a: Clefable
|-damage|p1a: Clefable|13/100 brn
|
|upkeep
|turn|259
|
|t:|1641801183
|move|p1a: Clefable|Moonlight|p1a: Clefable
|-heal|p1a: Clefable|63/100 brn
|move|p2a: Hippowdon|Slack Off|p2a: Hippowdon
|-heal|p2a: Hippowdon|92/100
|
|upkeep
|turn|260
|
|t:|1641801189
|switch|p1a: Corviknight|Corviknight, F|60/100
|-damage|p1a: Corviknight|47/100|[from] Stealth Rock
|-ability|p1a: Corviknight|Pressure
|switch|p2a: Corviknight|Corviknight, M|87/100
|-ability|p2a: Corviknight|Pressure
|
|upkeep
|turn|261
|
|t:|1641801198
|switch|p1a: Toxapex|Toxapex, M|100/100 brn
|-damage|p1a: Toxapex|88/100 brn|[from] Stealth Rock
|move|p2a: Corviknight|Taunt|p1a: Toxapex
|-start|p1a: Toxapex|move: Taunt
|
|-damage|p1a: Toxapex|82/100 brn|[from] brn
|upkeep
|turn|262
|
|t:|1641801201
|move|p2a: Corviknight|Brave Bird|p1a: Toxapex
|-damage|p1a: Toxapex|60/100 brn
|-damage|p2a: Corviknight|70/100|[from] item: Rocky Helmet|[of] p1a: Toxapex
|-damage|p2a: Corviknight|65/100|[from] Recoil
|move|p1a: Toxapex|Knock Off|p2a: Corviknight
|-damage|p2a: Corviknight|62/100
|
|-damage|p1a: Toxapex|53/100 brn|[from] brn
|upkeep
|turn|263
|
|t:|1641801209
|switch|p1a: Corviknight|Corviknight, F|47/100
|-damage|p1a: Corviknight|35/100|[from] Stealth Rock
|-ability|p1a: Corviknight|Pressure
|move|p2a: Corviknight|Roost|p2a: Corviknight
|-heal|p2a: Corviknight|100/100
|-singleturn|p2a: Corviknight|move: Roost
|
|upkeep
|turn|264
|
|t:|1641801218
|switch|p2a: Ferrothorn|Ferrothorn, M|51/100
|switch|p1a: Toxapex|Toxapex, M|87/100 brn
|-damage|p1a: Toxapex|74/100 brn|[from] Stealth Rock
|
|-damage|p1a: Toxapex|68/100 brn|[from] brn
|upkeep
|turn|265
|
|t:|1641801223
|move|p1a: Toxapex|Toxic Spikes|p2a: Ferrothorn
|-sidestart|p2: Rocket_Grunt_Pwn|move: Toxic Spikes
|move|p2a: Ferrothorn|Spikes|p1a: Toxapex
|-sidestart|p1: TheFalinksArmy|Spikes
|
|-damage|p1a: Toxapex|62/100 brn|[from] brn
|upkeep
|turn|266
|
|t:|1641801228
|move|p1a: Toxapex|Toxic Spikes|p2a: Ferrothorn
|-sidestart|p2: Rocket_Grunt_Pwn|move: Toxic Spikes
|move|p2a: Ferrothorn|Knock Off|p1a: Toxapex
|-damage|p1a: Toxapex|48/100 brn
|-damage|p2a: Ferrothorn|34/100|[from] item: Rocky Helmet|[of] p1a: Toxapex
|-enditem|p1a: Toxapex|Rocky Helmet|[from] move: Knock Off|[of] p2a: Ferrothorn
|
|-damage|p1a: Toxapex|42/100 brn|[from] brn
|upkeep
|turn|267
|
|t:|1641801232
|move|p1a: Toxapex|Recover|p1a: Toxapex
|-heal|p1a: Toxapex|92/100 brn
|move|p2a: Ferrothorn|Spikes|p1a: Toxapex
|-sidestart|p1: TheFalinksArmy|Spikes
|
|-damage|p1a: Toxapex|85/100 brn|[from] brn
|upkeep
|turn|268
|
|t:|1641801235
|switch|p1a: Corviknight|Corviknight, F|35/100
|-damage|p1a: Corviknight|22/100|[from] Stealth Rock
|-ability|p1a: Corviknight|Pressure
|switch|p2a: Toxapex|Toxapex, M|100/100
|-sideend|p2: Rocket_Grunt_Pwn|move: Toxic Spikes|[of] p2a: Toxapex
|
|upkeep
|turn|269
|
|t:|1641801241
|move|p1a: Corviknight|Roost|p1a: Corviknight
|-heal|p1a: Corviknight|72/100
|-singleturn|p1a: Corviknight|move: Roost
|move|p2a: Toxapex|Scald|p1a: Corviknight
|-damage|p1a: Corviknight|59/100
|-status|p1a: Corviknight|brn
|
|-damage|p1a: Corviknight|52/100 brn|[from] brn
|upkeep
|turn|270
|
|t:|1641801245
|move|p1a: Corviknight|Defog|p2a: Toxapex
|-unboost|p2a: Toxapex|evasion|1
|-sideend|p1: TheFalinksArmy|Spikes|[from] move: Defog|[of] p1a: Corviknight
|-sideend|p1: TheFalinksArmy|Stealth Rock|[from] move: Defog|[of] p1a: Corviknight
|move|p2a: Toxapex|Scald|p1a: Corviknight
|-damage|p1a: Corviknight|37/100 brn
|
|-damage|p1a: Corviknight|30/100 brn|[from] brn
|upkeep
|turn|271
|
|t:|1641801251
|switch|p2a: Hippowdon|Hippowdon, M|92/100
|-weather|Sandstorm|[from] ability: Sand Stream|[of] p2a: Hippowdon
|move|p1a: Corviknight|Roost|p1a: Corviknight
|-heal|p1a: Corviknight|80/100 brn
|-singleturn|p1a: Corviknight|move: Roost
|
|-weather|Sandstorm|[upkeep]
|-damage|p1a: Corviknight|74/100 brn|[from] brn
|upkeep
|turn|272
|
|t:|1641801257
|move|p1a: Corviknight|U-turn|p2a: Hippowdon
|-damage|p2a: Hippowdon|88/100
|
|t:|1641801261
|switch|p1a: Tangrowth|Tangrowth, F|90/100 tox|[from]move: U-turn
|move|p2a: Hippowdon|Stealth Rock|p1a: Tangrowth
|-sidestart|p1: TheFalinksArmy|move: Stealth Rock
|
|-weather|Sandstorm|[upkeep]
|-damage|p1a: Tangrowth|84/100 tox|[from] Sandstorm
|-damage|p1a: Tangrowth|78/100 tox|[from] psn
|upkeep
|turn|273
|
|t:|1641801265
|switch|p2a: Corviknight|Corviknight, M|100/100
|-ability|p2a: Corviknight|Pressure
|move|p1a: Tangrowth|Sleep Powder|p2a: Corviknight
|-status|p2a: Corviknight|slp|[from] move: Sleep Powder
|
|-weather|Sandstorm|[upkeep]
|-damage|p1a: Tangrowth|72/100 tox|[from] Sandstorm
|-damage|p1a: Tangrowth|59/100 tox|[from] psn
|upkeep
|turn|274
|
|t:|1641801273
|switch|p1a: Toxapex|Toxapex, M|100/100 brn
|-damage|p1a: Toxapex|88/100 brn|[from] Stealth Rock
|cant|p2a: Corviknight|slp
|
|-weather|Sandstorm|[upkeep]
|-damage|p1a: Toxapex|82/100 brn|[from] Sandstorm
|-damage|p1a: Toxapex|75/100 brn|[from] brn
|upkeep
|turn|275
|
|t:|1641801277
|cant|p2a: Corviknight|slp
|move|p1a: Toxapex|Knock Off|p2a: Corviknight
|-damage|p2a: Corviknight|98/100 slp
|
|-weather|none
|-damage|p1a: Toxapex|69/100 brn|[from] brn
|upkeep
|turn|276
|
|t:|1641801281
|cant|p2a: Corviknight|slp
|move|p1a: Toxapex|Knock Off|p2a: Corviknight
|-damage|p2a: Corviknight|95/100 slp
|
|-damage|p1a: Toxapex|63/100 brn|[from] brn
|upkeep
|turn|277
|
|t:|1641801284
|-curestatus|p2a: Corviknight|slp|[msg]
|move|p2a: Corviknight|Brave Bird|p1a: Toxapex
|-damage|p1a: Toxapex|40/100 brn
|-damage|p2a: Corviknight|89/100|[from] Recoil
|move|p1a: Toxapex|Knock Off|p2a: Corviknight
|-damage|p2a: Corviknight|86/100
|
|-damage|p1a: Toxapex|34/100 brn|[from] brn
|upkeep
|turn|278
|inactive|TheFalinksArmy has 120 seconds left.
|
|t:|1641801291
|switch|p2a: Hippowdon|Hippowdon, M|88/100
|-weather|Sandstorm|[from] ability: Sand Stream|[of] p2a: Hippowdon
|switch|p1a: Corviknight|Corviknight, F|74/100 brn
|-damage|p1a: Corviknight|62/100 brn|[from] Stealth Rock
|-ability|p1a: Corviknight|Pressure
|
|-weather|Sandstorm|[upkeep]
|-damage|p1a: Corviknight|56/100 brn|[from] brn
|upkeep
|turn|279
|inactive|TheFalinksArmy has 120 seconds left.
|
|t:|1641801296
|move|p1a: Corviknight|Defog|p2a: Hippowdon
|-unboost|p2a: Hippowdon|evasion|1
|-sideend|p1: TheFalinksArmy|Stealth Rock|[from] move: Defog|[of] p1a: Corviknight
|move|p2a: Hippowdon|Stealth Rock|p1a: Corviknight
|-sidestart|p1: TheFalinksArmy|move: Stealth Rock
|
|-weather|Sandstorm|[upkeep]
|-damage|p1a: Corviknight|49/100 brn|[from] brn
|upkeep
|turn|280
|
|t:|1641801303
|move|p1a: Corviknight|Defog|p2a: Hippowdon
|-unboost|p2a: Hippowdon|evasion|1
|-sideend|p1: TheFalinksArmy|Stealth Rock|[from] move: Defog|[of] p1a: Corviknight
|move|p2a: Hippowdon|Whirlwind|p1a: Corviknight
|drag|p1a: Tangrowth|Tangrowth, F|93/100 tox
|
|-weather|Sandstorm|[upkeep]
|-damage|p1a: Tangrowth|86/100 tox|[from] Sandstorm
|-damage|p1a: Tangrowth|80/100 tox|[from] psn
|upkeep
|turn|281
|inactive|TheFalinksArmy has 120 seconds left.
|
|t:|1641801310
|switch|p2a: Corviknight|Corviknight, M|86/100
|-ability|p2a: Corviknight|Pressure
|move|p1a: Tangrowth|Knock Off|p2a: Corviknight
|-damage|p2a: Corviknight|77/100
|
|-weather|Sandstorm|[upkeep]
|-damage|p1a: Tangrowth|74/100 tox|[from] Sandstorm
|-damage|p1a: Tangrowth|62/100 tox|[from] psn
|upkeep
|turn|282
|
|t:|1641801316
|switch|p2a: Toxapex|Toxapex, M|100/100
|switch|p1a: Toxapex|Toxapex, M|67/100 brn
|
|-weather|none
|-damage|p1a: Toxapex|61/100 brn|[from] brn
|upkeep
|turn|283
|inactive|TheFalinksArmy has 120 seconds left.
|
|t:|1641801330
|switch|p1a: Corviknight|Corviknight, F|49/100 brn
|-ability|p1a: Corviknight|Pressure
|move|p2a: Toxapex|Scald|p1a: Corviknight
|-damage|p1a: Corviknight|35/100 brn
|
|-damage|p1a: Corviknight|29/100 brn|[from] brn
|upkeep
|turn|284
|
|t:|1641801333
|move|p1a: Corviknight|Roost|p1a: Corviknight
|-heal|p1a: Corviknight|78/100 brn
|-singleturn|p1a: Corviknight|move: Roost
|move|p2a: Toxapex|Scald|p1a: Corviknight
|-damage|p1a: Corviknight|65/100 brn
|
|-damage|p1a: Corviknight|58/100 brn|[from] brn
|upkeep
|turn|285
|inactive|TheFalinksArmy has 120 seconds left.
|
|t:|1641801340
|switch|p1a: Tangrowth|Tangrowth, F|95/100 tox
|switch|p2a: Corviknight|Corviknight, M|77/100
|-ability|p2a: Corviknight|Pressure
|
|-damage|p1a: Tangrowth|89/100 tox|[from] psn
|upkeep
|turn|286
|
|t:|1641801347
|switch|p1a: Toxapex|Toxapex, M|94/100 brn
|move|p2a: Corviknight|Brave Bird|p1a: Toxapex
|-damage|p1a: Toxapex|73/100 brn
|-damage|p2a: Corviknight|72/100|[from] Recoil
|
|-damage|p1a: Toxapex|66/100 brn|[from] brn
|upkeep
|turn|287
|inactive|TheFalinksArmy has 120 seconds left.
|
|t:|1641801358
|move|p2a: Corviknight|Defog|p1a: Toxapex
|-unboost|p1a: Toxapex|evasion|1
|move|p1a: Toxapex|Knock Off|p2a: Corviknight
|-damage|p2a: Corviknight|69/100
|
|-damage|p1a: Toxapex|60/100 brn|[from] brn
|upkeep
|turn|288
|inactive|Rocket_Grunt_Pwn has 60 seconds left.
|
|t:|1641801367
|switch|p1a: Tangrowth|Tangrowth, F|100/100 tox
|move|p2a: Corviknight|Defog|p1a: Tangrowth
|-unboost|p1a: Tangrowth|evasion|1
|
|-damage|p1a: Tangrowth|94/100 tox|[from] psn
|upkeep
|turn|289
|
|t:|1641801372
|switch|p1a: Corviknight|Corviknight, F|58/100 brn
|-ability|p1a: Corviknight|Pressure
|move|p2a: Corviknight|Defog|p1a: Corviknight
|-unboost|p1a: Corviknight|evasion|1
|
|-damage|p1a: Corviknight|52/100 brn|[from] brn
|upkeep
|turn|290
|inactive|Rocket_Grunt_Pwn has 60 seconds left.
|
|t:|1641801380
|switch|p1a: Toxapex|Toxapex, M|93/100 brn
|switch|p2a: Hippowdon|Hippowdon, M|88/100
|-weather|Sandstorm|[from] ability: Sand Stream|[of] p2a: Hippowdon
|
|-weather|Sandstorm|[upkeep]
|-damage|p1a: Toxapex|87/100 brn|[from] Sandstorm
|-damage|p1a: Toxapex|81/100 brn|[from] brn
|upkeep
|turn|291
|
|t:|1641801384
|switch|p1a: Corviknight|Corviknight, F|52/100 brn
|-ability|p1a: Corviknight|Pressure
|move|p2a: Hippowdon|Stealth Rock|p1a: Corviknight
|-sidestart|p1: TheFalinksArmy|move: Stealth Rock
|
|-weather|Sandstorm|[upkeep]
|-damage|p1a: Corviknight|46/100 brn|[from] brn
|upkeep
|turn|292
|
|t:|1641801389
|switch|p2a: Corviknight|Corviknight, M|69/100
|-ability|p2a: Corviknight|Pressure
|move|p1a: Corviknight|Defog|p2a: Corviknight
|-unboost|p2a: Corviknight|evasion|1
|-sideend|p1: TheFalinksArmy|Stealth Rock|[from] move: Defog|[of] p1a: Corviknight
|
|-weather|Sandstorm|[upkeep]
|-damage|p1a: Corviknight|40/100 brn|[from] brn
|upkeep
|turn|293
|
|t:|1641801396
|switch|p1a: Blissey|Blissey, F|69/100
|move|p2a: Corviknight|Defog|p1a: Blissey
|-unboost|p1a: Blissey|evasion|1
|
|-weather|Sandstorm|[upkeep]
|-damage|p1a: Blissey|63/100|[from] Sandstorm
|upkeep
|turn|294
|
|t:|1641801400
|switch|p2a: Hippowdon|Hippowdon, M|88/100
|move|p1a: Blissey|Soft-Boiled|p1a: Blissey
|-heal|p1a: Blissey|100/100
|
|-weather|none
|upkeep
|turn|295
|
|t:|1641801403
|switch|p1a: Tangrowth|Tangrowth, F|100/100 tox
|move|p2a: Hippowdon|Stealth Rock|p1a: Tangrowth
|-sidestart|p1: TheFalinksArmy|move: Stealth Rock
|
|-damage|p1a: Tangrowth|94/100 tox|[from] psn
|upkeep
|turn|296
|
|t:|1641801410
|switch|p2a: Corviknight|Corviknight, M|69/100
|-ability|p2a: Corviknight|Pressure
|move|p1a: Tangrowth|Sleep Powder|p2a: Corviknight|[miss]
|-miss|p1a: Tangrowth|p2a: Corviknight
|
|-damage|p1a: Tangrowth|82/100 tox|[from] psn
|upkeep
|turn|297
|
|t:|1641801418
|switch|p1a: Toxapex|Toxapex, M|100/100 brn
|-damage|p1a: Toxapex|88/100 brn|[from] Stealth Rock
|move|p2a: Corviknight|Brave Bird|p1a: Toxapex
|-damage|p1a: Toxapex|66/100 brn
|-damage|p2a: Corviknight|63/100|[from] Recoil
|
|-damage|p1a: Toxapex|60/100 brn|[from] brn
|upkeep
|turn|298
|
|t:|1641801432
|switch|p1a: Tangrowth|Tangrowth, F|100/100 tox
|-damage|p1a: Tangrowth|88/100 tox|[from] Stealth Rock
|move|p2a: Corviknight|Defog|p1a: Tangrowth
|-unboost|p1a: Tangrowth|evasion|1
|-sideend|p1: TheFalinksArmy|Stealth Rock|[from] move: Defog|[of] p2a: Corviknight
|
|-damage|p1a: Tangrowth|82/100 tox|[from] psn
|upkeep
|turn|299
|
|t:|1641801440
|switch|p1a: Toxapex|Toxapex, M|93/100 brn
|move|p2a: Corviknight|Brave Bird|p1a: Toxapex
|-damage|p1a: Toxapex|69/100 brn
|-damage|p2a: Corviknight|57/100|[from] Recoil
|
|-damage|p1a: Toxapex|63/100 brn|[from] brn
|upkeep
|turn|300
|inactive|TheFalinksArmy has 90 seconds left.
|
|t:|1641801458
|switch|p1a: Corviknight|Corviknight, F|40/100 brn
|-ability|p1a: Corviknight|Pressure
|move|p2a: Corviknight|Roost|p2a: Corviknight
|-heal|p2a: Corviknight|100/100
|-singleturn|p2a: Corviknight|move: Roost
|
|-damage|p1a: Corviknight|33/100 brn|[from] brn
|upkeep
|turn|301
|inactive|TheFalinksArmy has 90 seconds left.
|
|t:|1641801464
|switch|p1a: Clefable|Clefable, M|63/100 brn
|move|p2a: Corviknight|Defog|p1a: Clefable
|-unboost|p1a: Clefable|evasion|1
|
|upkeep
|turn|302
|
|t:|1641801469
|move|p2a: Corviknight|Defog|p1a: Clefable
|-unboost|p1a: Clefable|evasion|1
|move|p1a: Clefable|Teleport|p1a: Clefable
|
|t:|1641801472
|switch|p1a: Toxapex|Toxapex, M|96/100 brn|[from]move: Teleport
|
|-damage|p1a: Toxapex|90/100 brn|[from] brn
|upkeep
|turn|303
|
|t:|1641801478
|switch|p2a: Hippowdon|Hippowdon, M|88/100
|-weather|Sandstorm|[from] ability: Sand Stream|[of] p2a: Hippowdon
|switch|p1a: Tangrowth|Tangrowth, F|100/100 tox
|
|-weather|Sandstorm|[upkeep]
|-damage|p1a: Tangrowth|94/100 tox|[from] Sandstorm
|-damage|p1a: Tangrowth|88/100 tox|[from] psn
|upkeep
|turn|304
|inactive|TheFalinksArmy has 90 seconds left.
|
|t:|1641801492
|switch|p2a: Ferrothorn|Ferrothorn, M|34/100
|move|p1a: Tangrowth|Giga Drain|p2a: Ferrothorn
|-resisted|p2a: Ferrothorn
|-damage|p2a: Ferrothorn|29/100
|-heal|p1a: Tangrowth|90/100 tox|[from] drain|[of] p2a: Ferrothorn
|
|-weather|Sandstorm|[upkeep]
|-damage|p1a: Tangrowth|84/100 tox|[from] Sandstorm
|-damage|p1a: Tangrowth|72/100 tox|[from] psn
|upkeep
|turn|305
|
|t:|1641801504
|switch|p1a: Corviknight|Corviknight, F|33/100 brn
|-ability|p1a: Corviknight|Pressure
|move|p2a: Ferrothorn|Spikes|p1a: Corviknight
|-sidestart|p1: TheFalinksArmy|Spikes
|
|-weather|Sandstorm|[upkeep]
|-damage|p1a: Corviknight|27/100 brn|[from] brn
|upkeep
|turn|306
|
|t:|1641801508
|switch|p2a: Corviknight|Corviknight, M|100/100
|-ability|p2a: Corviknight|Pressure
|move|p1a: Corviknight|U-turn|p2a: Corviknight
|-resisted|p2a: Corviknight
|-damage|p2a: Corviknight|99/100
|
|t:|1641801512
|switch|p1a: Toxapex|Toxapex, M|100/100 brn|[from]move: U-turn
|-damage|p1a: Toxapex|88/100 brn|[from] Spikes
|
|-weather|Sandstorm|[upkeep]
|-damage|p1a: Toxapex|82/100 brn|[from] Sandstorm
|-damage|p1a: Toxapex|75/100 brn|[from] brn
|upkeep
|turn|307
|
|t:|1641801518
|switch|p2a: Hippowdon|Hippowdon, M|88/100
|move|p1a: Toxapex|Toxic Spikes|p2a: Hippowdon
|-sidestart|p2: Rocket_Grunt_Pwn|move: Toxic Spikes
|
|-weather|none
|-damage|p1a: Toxapex|69/100 brn|[from] brn
|upkeep
|turn|308
|
|t:|1641801524
|move|p1a: Toxapex|Toxic Spikes|p2a: Hippowdon
|-sidestart|p2: Rocket_Grunt_Pwn|move: Toxic Spikes
|move|p2a: Hippowdon|Stealth Rock|p1a: Toxapex
|-sidestart|p1: TheFalinksArmy|move: Stealth Rock
|
|-damage|p1a: Toxapex|63/100 brn|[from] brn
|upkeep
|turn|309
|
|t:|1641801533
|switch|p2a: Toxapex|Toxapex, M|100/100
|-sideend|p2: Rocket_Grunt_Pwn|move: Toxic Spikes|[of] p2a: Toxapex
|move|p1a: Toxapex|Haze|p1a: Toxapex
|-clearallboost
|
|-damage|p1a: Toxapex|57/100 brn|[from] brn
|upkeep
|turn|310
|
|t:|1641801538
|switch|p2a: Ferrothorn|Ferrothorn, M|29/100
|move|p1a: Toxapex|Recover|p1a: Toxapex
|-heal|p1a: Toxapex|100/100 brn
|
|-damage|p1a: Toxapex|94/100 brn|[from] brn
|upkeep
|turn|311
|
|t:|1641801544
|switch|p1a: Corviknight|Corviknight, F|27/100 brn
|-damage|p1a: Corviknight|15/100 brn|[from] Stealth Rock
|-ability|p1a: Corviknight|Pressure
|move|p2a: Ferrothorn|Spikes|p1a: Corviknight
|-sidestart|p1: TheFalinksArmy|Spikes
|
|-damage|p1a: Corviknight|8/100 brn|[from] brn
|upkeep
|turn|312
|
|t:|1641801548
|switch|p2a: Corviknight|Corviknight, M|99/100
|-ability|p2a: Corviknight|Pressure
|move|p1a: Corviknight|Roost|p1a: Corviknight
|-heal|p1a: Corviknight|58/100 brn
|-singleturn|p1a: Corviknight|move: Roost
|
|-damage|p1a: Corviknight|52/100 brn|[from] brn
|upkeep
|turn|313
|
|t:|1641801567
|switch|p1a: Toxapex|Toxapex, M|100/100 brn
|-damage|p1a: Toxapex|84/100 brn|[from] Spikes
|-damage|p1a: Toxapex|72/100 brn|[from] Stealth Rock
|move|p2a: Corviknight|Defog|p1a: Toxapex
|-unboost|p1a: Toxapex|evasion|1
|-sideend|p1: TheFalinksArmy|Spikes|[from] move: Defog|[of] p2a: Corviknight
|-sideend|p1: TheFalinksArmy|Stealth Rock|[from] move: Defog|[of] p2a: Corviknight
|
|-damage|p1a: Toxapex|65/100 brn|[from] brn
|upkeep
|turn|314
|
|t:|1641801578
|switch|p2a: Hippowdon|Hippowdon, M|88/100
|-weather|Sandstorm|[from] ability: Sand Stream|[of] p2a: Hippowdon
|switch|p1a: Tangrowth|Tangrowth, F|100/100 tox
|
|-weather|Sandstorm|[upkeep]
|-damage|p1a: Tangrowth|94/100 tox|[from] Sandstorm
|-damage|p1a: Tangrowth|88/100 tox|[from] psn
|upkeep
|turn|315
|
|t:|1641801583
|switch|p1a: Toxapex|Toxapex, M|99/100 brn
|switch|p2a: Ferrothorn|Ferrothorn, M|29/100
|
|-weather|Sandstorm|[upkeep]
|-damage|p1a: Toxapex|92/100 brn|[from] Sandstorm
|-damage|p1a: Toxapex|86/100 brn|[from] brn
|upkeep
|turn|316
|
|t:|1641801588
|move|p1a: Toxapex|Haze|p1a: Toxapex
|-clearallboost
|move|p2a: Ferrothorn|Spikes|p1a: Toxapex
|-sidestart|p1: TheFalinksArmy|Spikes
|
|-weather|Sandstorm|[upkeep]
|-damage|p1a: Toxapex|80/100 brn|[from] Sandstorm
|-damage|p1a: Toxapex|74/100 brn|[from] brn
|upkeep
|turn|317
|
|t:|1641801598
|switch|p1a: Tangrowth|Tangrowth, F|100/100 tox
|-damage|p1a: Tangrowth|88/100 tox|[from] Spikes
|move|p2a: Ferrothorn|Spikes|p1a: Tangrowth
|-sidestart|p1: TheFalinksArmy|Spikes
|
|-weather|Sandstorm|[upkeep]
|-damage|p1a: Tangrowth|82/100 tox|[from] Sandstorm
|-damage|p1a: Tangrowth|76/100 tox|[from] psn
|upkeep
|turn|318
|
|t:|1641801602
|move|p1a: Tangrowth|Knock Off|p2a: Ferrothorn
|-damage|p2a: Ferrothorn|19/100
|-damage|p1a: Tangrowth|63/100 tox|[from] ability: Iron Barbs|[of] p2a: Ferrothorn
|move|p2a: Ferrothorn|Spikes|p1a: Tangrowth
|-sidestart|p1: TheFalinksArmy|Spikes
|
|-weather|none
|-damage|p1a: Tangrowth|51/100 tox|[from] psn
|upkeep
|turn|319
|
|t:|1641801605
|move|p2a: Ferrothorn|Protect|p2a: Ferrothorn
|-singleturn|p2a: Ferrothorn|Protect
|move|p1a: Tangrowth|Knock Off|p2a: Ferrothorn
|-activate|p2a: Ferrothorn|move: Protect
|
|-damage|p1a: Tangrowth|32/100 tox|[from] psn
|upkeep
|turn|320
|
|t:|1641801612
|switch|p1a: Toxapex|Toxapex, M|100/100 brn
|-damage|p1a: Toxapex|75/100 brn|[from] Spikes
|switch|p2a: Corviknight|Corviknight, M|99/100
|-ability|p2a: Corviknight|Pressure
|
|-damage|p1a: Toxapex|69/100 brn|[from] brn
|upkeep
|turn|321
|
|t:|1641801621
|switch|p2a: Hippowdon|Hippowdon, M|88/100
|-weather|Sandstorm|[from] ability: Sand Stream|[of] p2a: Hippowdon
|move|p1a: Toxapex|Haze|p1a: Toxapex
|-clearallboost
|
|-weather|Sandstorm|[upkeep]
|-damage|p1a: Toxapex|63/100 brn|[from] Sandstorm
|-damage|p1a: Toxapex|57/100 brn|[from] brn
|upkeep
|turn|322
|
|t:|1641801624
|move|p1a: Toxapex|Toxic Spikes|p2a: Hippowdon
|-sidestart|p2: Rocket_Grunt_Pwn|move: Toxic Spikes
|move|p2a: Hippowdon|Stealth Rock|p1a: Toxapex
|-sidestart|p1: TheFalinksArmy|move: Stealth Rock
|
|-weather|Sandstorm|[upkeep]
|-damage|p1a: Toxapex|50/100 brn|[from] Sandstorm
|-damage|p1a: Toxapex|44/100 brn|[from] brn
|upkeep
|turn|323
|
|t:|1641801630
|switch|p2a: Toxapex|Toxapex, M|100/100
|-sideend|p2: Rocket_Grunt_Pwn|move: Toxic Spikes|[of] p2a: Toxapex
|move|p1a: Toxapex|Recover|p1a: Toxapex
|-heal|p1a: Toxapex|94/100 brn
|
|-weather|Sandstorm|[upkeep]
|-damage|p2a: Toxapex|94/100|[from] Sandstorm
|-damage|p1a: Toxapex|88/100 brn|[from] Sandstorm
|-damage|p1a: Toxapex|82/100 brn|[from] brn
|upkeep
|turn|324
|
|t:|1641801639
|switch|p1a: Corviknight|Corviknight, F|52/100 brn
|-damage|p1a: Corviknight|40/100 brn|[from] Stealth Rock
|-ability|p1a: Corviknight|Pressure
|move|p2a: Toxapex|Haze|p2a: Toxapex
|-clearallboost
|
|-weather|Sandstorm|[upkeep]
|-damage|p2a: Toxapex|88/100|[from] Sandstorm
|-damage|p1a: Corviknight|33/100 brn|[from] brn
|upkeep
|turn|325
|
|t:|1641801645
|switch|p2a: Corviknight|Corviknight, M|99/100
|-ability|p2a: Corviknight|Pressure
|move|p1a: Corviknight|U-turn|p2a: Corviknight
|-resisted|p2a: Corviknight
|-damage|p2a: Corviknight|98/100
|
|t:|1641801648
|switch|p1a: Toxapex|Toxapex, M|100/100 brn|[from]move: U-turn
|-damage|p1a: Toxapex|88/100 brn|[from] Stealth Rock
|-damage|p1a: Toxapex|63/100 brn|[from] Spikes
|
|-weather|none
|-damage|p1a: Toxapex|57/100 brn|[from] brn
|upkeep
|turn|326
|
|t:|1641801655
|switch|p2a: Hippowdon|Hippowdon, M|88/100
|-weather|Sandstorm|[from] ability: Sand Stream|[of] p2a: Hippowdon
|switch|p1a: Tangrowth|Tangrowth, F|66/100 tox
|-damage|p1a: Tangrowth|53/100 tox|[from] Stealth Rock
|-damage|p1a: Tangrowth|28/100 tox|[from] Spikes
|
|-weather|Sandstorm|[upkeep]
|-damage|p1a: Tangrowth|22/100 tox|[from] Sandstorm
|-damage|p1a: Tangrowth|16/100 tox|[from] psn
|upkeep
|turn|327
|
|t:|1641801664
|switch|p1a: Corviknight|Corviknight, F|33/100 brn
|-damage|p1a: Corviknight|21/100 brn|[from] Stealth Rock
|-ability|p1a: Corviknight|Pressure
|switch|p2a: Corviknight|Corviknight, M|98/100
|-ability|p2a: Corviknight|Pressure
|
|-weather|Sandstorm|[upkeep]
|-damage|p1a: Corviknight|15/100 brn|[from] brn
|upkeep
|turn|328
|
|t:|1641801670
|move|p1a: Corviknight|Roost|p1a: Corviknight
|-heal|p1a: Corviknight|65/100 brn
|-singleturn|p1a: Corviknight|move: Roost
|move|p2a: Corviknight|Roost|p2a: Corviknight
|-heal|p2a: Corviknight|100/100
|-singleturn|p2a: Corviknight|move: Roost
|
|-weather|Sandstorm|[upkeep]
|-damage|p1a: Corviknight|58/100 brn|[from] brn
|upkeep
|turn|329
|
|t:|1641801682
|switch|p1a: Clefable|Clefable, M|63/100 brn
|move|p2a: Corviknight|Brave Bird|p1a: Clefable
|-damage|p1a: Clefable|24/100 brn
|-damage|p2a: Corviknight|88/100|[from] Recoil
|
|-weather|Sandstorm|[upkeep]
|upkeep
|turn|330
|
|t:|1641801689
|switch|p1a: Toxapex|Toxapex, M|90/100 brn
|-damage|p1a: Toxapex|77/100 brn|[from] Stealth Rock
|-damage|p1a: Toxapex|52/100 brn|[from] Spikes
|move|p2a: Corviknight|Brave Bird|p1a: Toxapex
|-damage|p1a: Toxapex|30/100 brn
|-damage|p2a: Corviknight|82/100|[from] Recoil
|
|-weather|none
|-damage|p1a: Toxapex|24/100 brn|[from] brn
|upkeep
|turn|331
|inactive|Rocket_Grunt_Pwn has 60 seconds left.
|
|t:|1641801702
|switch|p2a: Hippowdon|Hippowdon, M|88/100
|-weather|Sandstorm|[from] ability: Sand Stream|[of] p2a: Hippowdon
|switch|p1a: Corviknight|Corviknight, F|58/100 brn
|-damage|p1a: Corviknight|46/100 brn|[from] Stealth Rock
|-ability|p1a: Corviknight|Pressure
|
|-weather|Sandstorm|[upkeep]
|-damage|p1a: Corviknight|40/100 brn|[from] brn
|upkeep
|turn|332
|
|t:|1641801707
|move|p1a: Corviknight|Defog|p2a: Hippowdon
|-unboost|p2a: Hippowdon|evasion|1
|-sideend|p1: TheFalinksArmy|Spikes|[from] move: Defog|[of] p1a: Corviknight
|-sideend|p1: TheFalinksArmy|Stealth Rock|[from] move: Defog|[of] p1a: Corviknight
|move|p2a: Hippowdon|Earthquake|p1a: Corviknight
|-immune|p1a: Corviknight
|
|-weather|Sandstorm|[upkeep]
|-damage|p1a: Corviknight|33/100 brn|[from] brn
|upkeep
|turn|333
|
|t:|1641801711
|move|p1a: Corviknight|Roost|p1a: Corviknight
|-heal|p1a: Corviknight|83/100 brn
|-singleturn|p1a: Corviknight|move: Roost
|move|p2a: Hippowdon|Stealth Rock|p1a: Corviknight
|-sidestart|p1: TheFalinksArmy|move: Stealth Rock
|
|-weather|Sandstorm|[upkeep]
|-damage|p1a: Corviknight|77/100 brn|[from] brn
|upkeep
|turn|334
|
|t:|1641801723
|switch|p2a: Corviknight|Corviknight, M|82/100
|-ability|p2a: Corviknight|Pressure
|move|p1a: Corviknight|Defog|p2a: Corviknight
|-unboost|p2a: Corviknight|evasion|1
|-sideend|p1: TheFalinksArmy|Stealth Rock|[from] move: Defog|[of] p1a: Corviknight
|
|-weather|Sandstorm|[upkeep]
|-damage|p1a: Corviknight|71/100 brn|[from] brn
|upkeep
|turn|335
|inactive|Rocket_Grunt_Pwn has 60 seconds left.
|
|t:|1641801736
|switch|p1a: Toxapex|Toxapex, M|57/100 brn
|move|p2a: Corviknight|Roost|p2a: Corviknight
|-heal|p2a: Corviknight|100/100
|-singleturn|p2a: Corviknight|move: Roost
|
|-weather|none
|-damage|p1a: Toxapex|51/100 brn|[from] brn
|upkeep
|turn|336
|inactive|TheFalinksArmy has 60 seconds left.
|
|t:|1641801752
|switch|p2a: Hippowdon|Hippowdon, M|88/100
|-weather|Sandstorm|[from] ability: Sand Stream|[of] p2a: Hippowdon
|move|p1a: Toxapex|Toxic Spikes|p2a: Hippowdon
|-sidestart|p2: Rocket_Grunt_Pwn|move: Toxic Spikes
|
|-weather|Sandstorm|[upkeep]
|-damage|p1a: Toxapex|45/100 brn|[from] Sandstorm
|-damage|p1a: Toxapex|39/100 brn|[from] brn
|upkeep
|turn|337
|
|t:|1641801762
|switch|p1a: Tangrowth|Tangrowth, F|49/100 tox
|switch|p2a: Toxapex|Toxapex, M|100/100
|-sideend|p2: Rocket_Grunt_Pwn|move: Toxic Spikes|[of] p2a: Toxapex
|
|-weather|Sandstorm|[upkeep]
|-damage|p1a: Tangrowth|43/100 tox|[from] Sandstorm
|-damage|p2a: Toxapex|94/100|[from] Sandstorm
|-damage|p1a: Tangrowth|37/100 tox|[from] psn
|upkeep
|turn|338
|
|t:|1641801769
|switch|p1a: Toxapex|Toxapex, M|72/100 brn
|move|p2a: Toxapex|Scald|p1a: Toxapex
|-resisted|p1a: Toxapex
|-damage|p1a: Toxapex|66/100 brn
|
|-weather|Sandstorm|[upkeep]
|-damage|p2a: Toxapex|88/100|[from] Sandstorm
|-damage|p1a: Toxapex|59/100 brn|[from] Sandstorm
|-damage|p1a: Toxapex|53/100 brn|[from] brn
|upkeep
|turn|339
|
|t:|1641801776
|switch|p2a: Ferrothorn|Ferrothorn, M|19/100
|switch|p1a: Tangrowth|Tangrowth, F|70/100 tox
|
|-weather|Sandstorm|[upkeep]
|-damage|p1a: Tangrowth|64/100 tox|[from] Sandstorm
|-damage|p1a: Tangrowth|57/100 tox|[from] psn
|upkeep
|turn|340
|
|t:|1641801782
|move|p1a: Tangrowth|Knock Off|p2a: Ferrothorn
|-damage|p2a: Ferrothorn|9/100
|-damage|p1a: Tangrowth|45/100 tox|[from] ability: Iron Barbs|[of] p2a: Ferrothorn
|move|p2a: Ferrothorn|Spikes|p1a: Tangrowth
|-sidestart|p1: TheFalinksArmy|Spikes
|
|-weather|none
|-damage|p1a: Tangrowth|33/100 tox|[from] psn
|upkeep
|turn|341
|
|t:|1641801786
|move|p2a: Ferrothorn|Protect|p2a: Ferrothorn
|-singleturn|p2a: Ferrothorn|Protect
|move|p1a: Tangrowth|Knock Off|p2a: Ferrothorn
|-activate|p2a: Ferrothorn|move: Protect
|
|-damage|p1a: Tangrowth|14/100 tox|[from] psn
|upkeep
|turn|342
|inactive|TheFalinksArmy has 60 seconds left.
|
|t:|1641801792
|switch|p1a: Toxapex|Toxapex, M|86/100 brn
|-damage|p1a: Toxapex|74/100 brn|[from] Spikes
|switch|p2a: Corviknight|Corviknight, M|100/100
|-ability|p2a: Corviknight|Pressure
|
|-damage|p1a: Toxapex|68/100 brn|[from] brn
|upkeep
|turn|343
|
|t:|1641801799
|switch|p2a: Hippowdon|Hippowdon, M|88/100
|-weather|Sandstorm|[from] ability: Sand Stream|[of] p2a: Hippowdon
|move|p1a: Toxapex|Toxic Spikes|p2a: Hippowdon
|-sidestart|p2: Rocket_Grunt_Pwn|move: Toxic Spikes
|
|-weather|Sandstorm|[upkeep]
|-damage|p1a: Toxapex|61/100 brn|[from] Sandstorm
|-damage|p1a: Toxapex|55/100 brn|[from] brn
|upkeep
|turn|344
|
|t:|1641801803
|switch|p1a: Tangrowth|Tangrowth, F|47/100 tox
|-damage|p1a: Tangrowth|35/100 tox|[from] Spikes
|move|p2a: Hippowdon|Earthquake|p1a: Tangrowth
|-resisted|p1a: Tangrowth
|-damage|p1a: Tangrowth|25/100 tox
|
|-weather|Sandstorm|[upkeep]
|-damage|p1a: Tangrowth|19/100 tox|[from] Sandstorm
|-damage|p1a: Tangrowth|13/100 tox|[from] psn
|upkeep
|turn|345
|
|t:|1641801818
|switch|p1a: Toxapex|Toxapex, M|88/100 brn
|-damage|p1a: Toxapex|76/100 brn|[from] Spikes
|switch|p2a: Toxapex|Toxapex, M|100/100
|-sideend|p2: Rocket_Grunt_Pwn|move: Toxic Spikes|[of] p2a: Toxapex
|
|-weather|Sandstorm|[upkeep]
|-damage|p2a: Toxapex|94/100|[from] Sandstorm
|-damage|p1a: Toxapex|70/100 brn|[from] Sandstorm
|-damage|p1a: Toxapex|63/100 brn|[from] brn
|upkeep
|turn|346
|
|t:|1641801827
|switch|p1a: Tangrowth|Tangrowth, F|46/100 tox
|-damage|p1a: Tangrowth|33/100 tox|[from] Spikes
|move|p2a: Toxapex|Haze|p2a: Toxapex
|-clearallboost
|
|-weather|Sandstorm|[upkeep]
|-damage|p1a: Tangrowth|27/100 tox|[from] Sandstorm
|-damage|p2a: Toxapex|88/100|[from] Sandstorm
|-damage|p1a: Tangrowth|21/100 tox|[from] psn
|upkeep
|turn|347
|
|t:|1641801834
|switch|p1a: Corviknight|Corviknight, F|71/100 brn
|-ability|p1a: Corviknight|Pressure
|switch|p2a: Corviknight|Corviknight, M|100/100
|-ability|p2a: Corviknight|Pressure
|
|-weather|none
|-damage|p1a: Corviknight|65/100 brn|[from] brn
|upkeep
|turn|348
|
|t:|1641801848
|switch|p1a: Toxapex|Toxapex, M|97/100 brn
|-damage|p1a: Toxapex|84/100 brn|[from] Spikes
|move|p2a: Corviknight|Defog|p1a: Toxapex
|-unboost|p1a: Toxapex|evasion|1
|-sideend|p1: TheFalinksArmy|Spikes|[from] move: Defog|[of] p2a: Corviknight
|
|-damage|p1a: Toxapex|78/100 brn|[from] brn
|upkeep
|turn|349
|inactive|Rocket_Grunt_Pwn has 30 seconds left.
|
|t:|1641801854
|switch|p2a: Hippowdon|Hippowdon, M|88/100
|-weather|Sandstorm|[from] ability: Sand Stream|[of] p2a: Hippowdon
|move|p1a: Toxapex|Toxic Spikes|p2a: Hippowdon
|-sidestart|p2: Rocket_Grunt_Pwn|move: Toxic Spikes
|
|-weather|Sandstorm|[upkeep]
|-damage|p1a: Toxapex|72/100 brn|[from] Sandstorm
|-damage|p1a: Toxapex|65/100 brn|[from] brn
|upkeep
|turn|350
|inactive|Rocket_Grunt_Pwn has 30 seconds left.
|
|t:|1641801860
|switch|p1a: Corviknight|Corviknight, F|65/100 brn
|-ability|p1a: Corviknight|Pressure
|switch|p2a: Toxapex|Toxapex, M|100/100
|-sideend|p2: Rocket_Grunt_Pwn|move: Toxic Spikes|[of] p2a: Toxapex
|
|-weather|Sandstorm|[upkeep]
|-damage|p2a: Toxapex|94/100|[from] Sandstorm
|-damage|p1a: Corviknight|58/100 brn|[from] brn
|upkeep
|turn|351
|inactive|Rocket_Grunt_Pwn has 30 seconds left this turn.
|
|t:|1641801867
|switch|p1a: Tangrowth|Tangrowth, F|54/100 tox
|move|p2a: Toxapex|Scald|p1a: Tangrowth
|-resisted|p1a: Tangrowth
|-damage|p1a: Tangrowth|41/100 tox
|
|-weather|Sandstorm|[upkeep]
|-damage|p1a: Tangrowth|35/100 tox|[from] Sandstorm
|-damage|p2a: Toxapex|88/100|[from] Sandstorm
|-damage|p1a: Tangrowth|28/100 tox|[from] psn
|upkeep
|turn|352
|inactive|Rocket_Grunt_Pwn has 30 seconds left this turn.
|
|t:|1641801871
|switch|p1a: Toxapex|Toxapex, M|99/100 brn
|switch|p2a: Corviknight|Corviknight, M|100/100
|-ability|p2a: Corviknight|Pressure
|
|-weather|Sandstorm|[upkeep]
|-damage|p1a: Toxapex|92/100 brn|[from] Sandstorm
|-damage|p1a: Toxapex|86/100 brn|[from] brn
|upkeep
|turn|353
|inactive|Rocket_Grunt_Pwn has 30 seconds left this turn.
|
|t:|1641801881
|switch|p2a: Ferrothorn|Ferrothorn, M|9/100
|move|p1a: Toxapex|Haze|p1a: Toxapex
|-clearallboost
|
|-weather|none
|-damage|p1a: Toxapex|80/100 brn|[from] brn
|upkeep
|turn|354
|
|t:|1641801887
|switch|p1a: Corviknight|Corviknight, F|58/100 brn
|-ability|p1a: Corviknight|Pressure
|move|p2a: Ferrothorn|Spikes|p1a: Corviknight
|-sidestart|p1: TheFalinksArmy|Spikes
|
|-damage|p1a: Corviknight|52/100 brn|[from] brn
|upkeep
|turn|355
|inactive|Rocket_Grunt_Pwn has 30 seconds left.
|
|t:|1641801898
|switch|p1a: Tangrowth|Tangrowth, F|62/100 tox
|-damage|p1a: Tangrowth|49/100 tox|[from] Spikes
|switch|p2a: Corviknight|Corviknight, M|100/100
|-ability|p2a: Corviknight|Pressure
|
|-damage|p1a: Tangrowth|43/100 tox|[from] psn
|upkeep
|turn|356
|inactive|Rocket_Grunt_Pwn has 30 seconds left.
|
|t:|1641801906
|switch|p1a: Toxapex|Toxapex, M|100/100 brn
|-damage|p1a: Toxapex|88/100 brn|[from] Spikes
|move|p2a: Corviknight|Brave Bird|p1a: Toxapex
|-damage|p1a: Toxapex|67/100 brn
|-damage|p2a: Corviknight|95/100|[from] Recoil
|
|-damage|p1a: Toxapex|61/100 brn|[from] brn
|upkeep
|turn|357
|inactive|Rocket_Grunt_Pwn has 30 seconds left this turn.
|
|t:|1641801917
|switch|p2a: Ferrothorn|Ferrothorn, M|9/100
|move|p1a: Toxapex|Recover|p1a: Toxapex
|-heal|p1a: Toxapex|100/100 brn
|
|-damage|p1a: Toxapex|94/100 brn|[from] brn
|upkeep
|turn|358
|inactive|Rocket_Grunt_Pwn has 30 seconds left this turn.
|
|t:|1641801921
|switch|p1a: Clefable|Clefable, M|24/100 brn
|move|p2a: Ferrothorn|Spikes|p1a: Clefable
|-sidestart|p1: TheFalinksArmy|Spikes
|
|upkeep
|turn|359
|inactive|Rocket_Grunt_Pwn has 30 seconds left this turn.
|inactive|Rocket_Grunt_Pwn has 20 seconds left.
|
|t:|1641801933
|switch|p2a: Clefable|Clefable, M|74/100
|move|p1a: Clefable|Moonlight|p1a: Clefable
|-heal|p1a: Clefable|74/100 brn
|
|upkeep
|turn|360
|inactive|Rocket_Grunt_Pwn has 25 seconds left this turn.
|
|t:|1641801940
|switch|p1a: Corviknight|Corviknight, F|52/100 brn
|-ability|p1a: Corviknight|Pressure
|move|p2a: Clefable|Wish|p2a: Clefable
|
|-damage|p1a: Corviknight|46/100 brn|[from] brn
|upkeep
|turn|361
|inactive|Rocket_Grunt_Pwn has 25 seconds left this turn.
|
|t:|1641801954
|move|p1a: Corviknight|U-turn|p2a: Clefable
|-resisted|p2a: Clefable
|-damage|p2a: Clefable|72/100
|inactive|Rocket_Grunt_Pwn has 30 seconds left this turn.
|
|t:|1641801957
|switch|p1a: Clefable|Clefable, M|74/100 brn|[from]move: U-turn
|move|p2a: Clefable|Calm Mind|p2a: Clefable
|-boost|p2a: Clefable|spa|1
|-boost|p2a: Clefable|spd|1
|
|-heal|p2a: Clefable|100/100|[from] move: Wish|[wisher] Clefable
|upkeep
|turn|362
|inactive|Rocket_Grunt_Pwn has 30 seconds left this turn.
|
|t:|1641801963
|move|p2a: Clefable|Calm Mind|p2a: Clefable
|-boost|p2a: Clefable|spa|1
|-boost|p2a: Clefable|spd|1
|move|p1a: Clefable|Stealth Rock|p2a: Clefable
|-sidestart|p2: Rocket_Grunt_Pwn|move: Stealth Rock
|
|upkeep
|turn|363
|inactive|Rocket_Grunt_Pwn has 30 seconds left this turn.
|
|t:|1641801965
|switch|p1a: Blissey|Blissey, F|100/100
|move|p2a: Clefable|Calm Mind|p2a: Clefable
|-boost|p2a: Clefable|spa|1
|-boost|p2a: Clefable|spd|1
|
|upkeep
|turn|364
|inactive|Rocket_Grunt_Pwn has 30 seconds left this turn.
|
|t:|1641801972
|move|p2a: Clefable|Calm Mind|p2a: Clefable
|-boost|p2a: Clefable|spa|1
|-boost|p2a: Clefable|spd|1
|move|p1a: Blissey|Thunder Wave|p2a: Clefable
|-status|p2a: Clefable|par
|
|upkeep
|turn|365
|inactive|Rocket_Grunt_Pwn has 30 seconds left this turn.
|
|t:|1641801978
|move|p1a: Blissey|Seismic Toss|p2a: Clefable
|-damage|p2a: Clefable|75/100 par
|cant|p2a: Clefable|par
|
|upkeep
|turn|366
|inactive|Rocket_Grunt_Pwn has 30 seconds left this turn.
|
|t:|1641801983
|move|p1a: Blissey|Seismic Toss|p2a: Clefable
|-damage|p2a: Clefable|50/100 par
|cant|p2a: Clefable|par
|
|upkeep
|turn|367
|inactive|Rocket_Grunt_Pwn has 30 seconds left.
|
|t:|1641801989
|move|p1a: Blissey|Seismic Toss|p2a: Clefable
|-damage|p2a: Clefable|24/100 par
|move|p2a: Clefable|Wish|p2a: Clefable
|
|upkeep
|turn|368
|inactive|Rocket_Grunt_Pwn has 30 seconds left this turn.
|
|t:|1641801996
|move|p2a: Clefable|Protect|p2a: Clefable
|-singleturn|p2a: Clefable|Protect
|move|p1a: Blissey|Seismic Toss|p2a: Clefable
|-activate|p2a: Clefable|move: Protect
|
|-heal|p2a: Clefable|74/100 par|[from] move: Wish|[wisher] Clefable
|upkeep
|turn|369
|inactive|Rocket_Grunt_Pwn has 30 seconds left this turn.
|
|t:|1641802002
|move|p1a: Blissey|Seismic Toss|p2a: Clefable
|-damage|p2a: Clefable|49/100 par
|move|p2a: Clefable|Moonblast|p1a: Blissey
|-damage|p1a: Blissey|68/100
|-unboost|p1a: Blissey|spa|1
|
|upkeep
|turn|370
|inactive|Rocket_Grunt_Pwn has 25 seconds left this turn.
|inactive|Rocket_Grunt_Pwn has 20 seconds left.
|
|t:|1641802009
|move|p1a: Blissey|Seismic Toss|p2a: Clefable
|-damage|p2a: Clefable|24/100 par
|move|p2a: Clefable|Moonblast|p1a: Blissey
|-damage|p1a: Blissey|33/100
|-unboost|p1a: Blissey|spa|1
|
|upkeep
|turn|371
|inactive|Rocket_Grunt_Pwn has 25 seconds left this turn.
|inactive|Rocket_Grunt_Pwn has 20 seconds left.
|
|t:|1641802014
|move|p1a: Blissey|Seismic Toss|p2a: Clefable
|-damage|p2a: Clefable|0 fnt
|faint|p2a: Clefable
|
|upkeep
|inactive|Rocket_Grunt_Pwn has 20 seconds left this turn.
|inactive|Rocket_Grunt_Pwn has 15 seconds left.
|
|t:|1641802020
|switch|p2a: Hippowdon|Hippowdon, M|88/100
|-damage|p2a: Hippowdon|81/100|[from] Stealth Rock
|-weather|Sandstorm|[from] ability: Sand Stream|[of] p2a: Hippowdon
|turn|372
|inactive|Rocket_Grunt_Pwn has 20 seconds left this turn.
|inactive|Rocket_Grunt_Pwn has 15 seconds left.
|
|t:|1641802026
|switch|p1a: Corviknight|Corviknight, F|46/100 brn
|-ability|p1a: Corviknight|Pressure
|move|p2a: Hippowdon|Earthquake|p1a: Corviknight
|-immune|p1a: Corviknight
|
|-weather|Sandstorm|[upkeep]
|-damage|p1a: Corviknight|40/100 brn|[from] brn
|upkeep
|turn|373
|inactive|Rocket_Grunt_Pwn has 15 seconds left this turn.
|
|t:|1641802030
|switch|p1a: Blissey|Blissey, F|33/100
|switch|p2a: Corviknight|Corviknight, M|95/100
|-damage|p2a: Corviknight|83/100|[from] Stealth Rock
|-ability|p2a: Corviknight|Pressure
|
|-weather|Sandstorm|[upkeep]
|-damage|p1a: Blissey|27/100|[from] Sandstorm
|upkeep
|turn|374
|inactive|Rocket_Grunt_Pwn has 20 seconds left this turn.
|
|t:|1641802034
|switch|p1a: Toxapex|Toxapex, M|100/100 brn
|-damage|p1a: Toxapex|84/100 brn|[from] Spikes
|move|p2a: Corviknight|Brave Bird|p1a: Toxapex
|-damage|p1a: Toxapex|61/100 brn
|-damage|p2a: Corviknight|77/100|[from] Recoil
|
|-weather|Sandstorm|[upkeep]
|-damage|p1a: Toxapex|55/100 brn|[from] Sandstorm
|-damage|p1a: Toxapex|49/100 brn|[from] brn
|upkeep
|turn|375
|inactive|Rocket_Grunt_Pwn has 20 seconds left this turn.
|inactive|Rocket_Grunt_Pwn has 15 seconds left.
|
|t:|1641802040
|switch|p2a: Toxapex|Toxapex, M|100/100
|-damage|p2a: Toxapex|88/100|[from] Stealth Rock
|move|p1a: Toxapex|Recover|p1a: Toxapex
|-heal|p1a: Toxapex|99/100 brn
|
|-weather|Sandstorm|[upkeep]
|-damage|p2a: Toxapex|82/100|[from] Sandstorm
|-damage|p1a: Toxapex|92/100 brn|[from] Sandstorm
|-damage|p1a: Toxapex|86/100 brn|[from] brn
|upkeep
|turn|376
|inactive|Rocket_Grunt_Pwn has 20 seconds left this turn.
|
|t:|1641802044
|switch|p1a: Tangrowth|Tangrowth, F|76/100 tox
|-damage|p1a: Tangrowth|60/100 tox|[from] Spikes
|move|p2a: Toxapex|Scald|p1a: Tangrowth
|-resisted|p1a: Tangrowth
|-damage|p1a: Tangrowth|48/100 tox
|
|-weather|none
|-damage|p1a: Tangrowth|41/100 tox|[from] psn
|upkeep
|turn|377
|inactive|Rocket_Grunt_Pwn has 20 seconds left this turn.
|inactive|Rocket_Grunt_Pwn has 15 seconds left.
|
|t:|1641802051
|switch|p1a: Toxapex|Toxapex, M|100/100 brn
|-damage|p1a: Toxapex|84/100 brn|[from] Spikes
|move|p2a: Toxapex|Recover|p2a: Toxapex
|-heal|p2a: Toxapex|100/100
|
|-damage|p1a: Toxapex|78/100 brn|[from] brn
|upkeep
|turn|378
|inactive|Rocket_Grunt_Pwn has 20 seconds left this turn.
|
|t:|1641802056
|switch|p1a: Blissey|Blissey, F|27/100
|move|p2a: Toxapex|Haze|p2a: Toxapex
|-clearallboost
|
|upkeep
|turn|379
|inactive|Rocket_Grunt_Pwn has 20 seconds left this turn.
|
|t:|1641802059
|move|p1a: Blissey|Soft-Boiled|p1a: Blissey
|-heal|p1a: Blissey|77/100
|move|p2a: Toxapex|Toxic|p1a: Blissey
|-status|p1a: Blissey|tox
|
|-damage|p1a: Blissey|71/100 tox|[from] psn
|upkeep
|turn|380
|inactive|Rocket_Grunt_Pwn has 25 seconds left this turn.
|inactive|Rocket_Grunt_Pwn has 20 seconds left.
|
|t:|1641802067
|-curestatus|p1a: Blissey|tox|[from] ability: Natural Cure
|switch|p1a: Corviknight|Corviknight, F|40/100 brn
|-ability|p1a: Corviknight|Pressure
|move|p2a: Toxapex|Haze|p2a: Toxapex
|-clearallboost
|
|-damage|p1a: Corviknight|33/100 brn|[from] brn
|upkeep
|turn|381
|inactive|Rocket_Grunt_Pwn has 20 seconds left this turn.
|inactive|TheFalinksArmy has 60 seconds left.
|
|t:|1641802080
|switch|p1a: Blissey|Blissey, F|71/100
|move|p2a: Toxapex|Haze|p2a: Toxapex
|-clearallboost
|
|upkeep
|turn|382
|inactive|Rocket_Grunt_Pwn has 25 seconds left this turn.
|
|t:|1641802083
|switch|p1a: Toxapex|Toxapex, M|100/100 brn
|-damage|p1a: Toxapex|84/100 brn|[from] Spikes
|move|p2a: Toxapex|Haze|p2a: Toxapex
|-clearallboost
|
|-damage|p1a: Toxapex|78/100 brn|[from] brn
|upkeep
|turn|383
|inactive|Rocket_Grunt_Pwn has 25 seconds left this turn.
|
|t:|1641802087
|switch|p1a: Blissey|Blissey, F|71/100
|move|p2a: Toxapex|Haze|p2a: Toxapex
|-clearallboost
|
|upkeep
|turn|384
|inactive|Rocket_Grunt_Pwn has 30 seconds left this turn.
|
|t:|1641802091
|switch|p1a: Tangrowth|Tangrowth, F|75/100 tox
|-damage|p1a: Tangrowth|58/100 tox|[from] Spikes
|move|p2a: Toxapex|Haze|p2a: Toxapex
|-clearallboost
|
|-damage|p1a: Tangrowth|52/100 tox|[from] psn
|upkeep
|turn|385
|inactive|Rocket_Grunt_Pwn has 30 seconds left this turn.
|
|t:|1641802094
|move|p1a: Tangrowth|Knock Off|p2a: Toxapex
|-damage|p2a: Toxapex|91/100
|move|p2a: Toxapex|Haze|p2a: Toxapex
|-clearallboost
|
|-damage|p1a: Tangrowth|39/100 tox|[from] psn
|upkeep
|turn|386
|
|t:|1641802098
|switch|p1a: Toxapex|Toxapex, M|100/100 brn
|-damage|p1a: Toxapex|84/100 brn|[from] Spikes
|move|p2a: Toxapex|Haze|p2a: Toxapex
|-clearallboost
|
|-damage|p1a: Toxapex|78/100 brn|[from] brn
|upkeep
|turn|387
|
|t:|1641802101
|switch|p1a: Tangrowth|Tangrowth, F|73/100 tox
|-damage|p1a: Tangrowth|56/100 tox|[from] Spikes
|move|p2a: Toxapex|Haze|p2a: Toxapex
|-clearallboost
|
|-damage|p1a: Tangrowth|50/100 tox|[from] psn
|upkeep
|turn|388
|
|t:|1641802111
|switch|p1a: Toxapex|Toxapex, M|100/100 brn
|-damage|p1a: Toxapex|84/100 brn|[from] Spikes
|move|p2a: Toxapex|Haze|p2a: Toxapex
|-clearallboost
|
|-damage|p1a: Toxapex|78/100 brn|[from] brn
|upkeep
|turn|389
|
|t:|1641802117
|switch|p1a: Corviknight|Corviknight, F|33/100 brn
|-ability|p1a: Corviknight|Pressure
|move|p2a: Toxapex|Haze|p2a: Toxapex
|-clearallboost
|
|-damage|p1a: Corviknight|27/100 brn|[from] brn
|upkeep
|turn|390
|
|t:|1641802123
|switch|p1a: Tangrowth|Tangrowth, F|83/100 tox
|-damage|p1a: Tangrowth|66/100 tox|[from] Spikes
|switch|p2a: Corviknight|Corviknight, M|77/100
|-damage|p2a: Corviknight|64/100|[from] Stealth Rock
|-ability|p2a: Corviknight|Pressure
|
|-damage|p1a: Tangrowth|60/100 tox|[from] psn
|upkeep
|turn|391
|
|t:|1641802133
|move|p2a: Corviknight|Roost|p2a: Corviknight
|-heal|p2a: Corviknight|100/100
|-singleturn|p2a: Corviknight|move: Roost
|move|p1a: Tangrowth|Knock Off|p2a: Corviknight
|-damage|p2a: Corviknight|91/100
|
|-damage|p1a: Tangrowth|48/100 tox|[from] psn
|upkeep
|turn|392
|inactive|Rocket_Grunt_Pwn has 30 seconds left.
|
|t:|1641802144
|switch|p2a: Toxapex|Toxapex, M|100/100
|-damage|p2a: Toxapex|88/100|[from] Stealth Rock
|switch|p1a: Toxapex|Toxapex, M|100/100 brn
|-damage|p1a: Toxapex|84/100 brn|[from] Spikes
|
|-damage|p1a: Toxapex|78/100 brn|[from] brn
|upkeep
|turn|393
|inactive|Rocket_Grunt_Pwn has 30 seconds left this turn.
|
|t:|1641802151
|switch|p1a: Blissey|Blissey, F|71/100
|move|p2a: Toxapex|Haze|p2a: Toxapex
|-clearallboost
|
|upkeep
|turn|394
|inactive|Rocket_Grunt_Pwn has 30 seconds left.
|
|t:|1641802158
|move|p1a: Blissey|Seismic Toss|p2a: Toxapex
|-damage|p2a: Toxapex|55/100
|move|p2a: Toxapex|Haze|p2a: Toxapex
|-clearallboost
|
|upkeep
|turn|395
|inactive|Rocket_Grunt_Pwn has 30 seconds left this turn.
|
|t:|1641802165
|switch|p1a: Tangrowth|Tangrowth, F|81/100 tox
|-damage|p1a: Tangrowth|64/100 tox|[from] Spikes
|move|p2a: Toxapex|Recover|p2a: Toxapex
|-heal|p2a: Toxapex|100/100
|
|-damage|p1a: Tangrowth|58/100 tox|[from] psn
|upkeep
|turn|396
|
|t:|1641802170
|move|p1a: Tangrowth|Knock Off|p2a: Toxapex
|-damage|p2a: Toxapex|92/100
|move|p2a: Toxapex|Haze|p2a: Toxapex
|-clearallboost
|
|-damage|p1a: Tangrowth|46/100 tox|[from] psn
|upkeep
|turn|397
|inactive|Rocket_Grunt_Pwn has 30 seconds left.
|
|t:|1641802176
|switch|p1a: Corviknight|Corviknight, F|27/100 brn
|-ability|p1a: Corviknight|Pressure
|move|p2a: Toxapex|Toxic||[still]
|-fail|p2a: Toxapex
|
|-damage|p1a: Corviknight|21/100 brn|[from] brn
|upkeep
|turn|398
|inactive|Rocket_Grunt_Pwn has 30 seconds left.
|
|t:|1641802186
|switch|p2a: Hippowdon|Hippowdon, M|81/100
|-damage|p2a: Hippowdon|75/100|[from] Stealth Rock
|-weather|Sandstorm|[from] ability: Sand Stream|[of] p2a: Hippowdon
|move|p1a: Corviknight|Roost|p1a: Corviknight
|-heal|p1a: Corviknight|71/100 brn
|-singleturn|p1a: Corviknight|move: Roost
|
|-weather|Sandstorm|[upkeep]
|-damage|p1a: Corviknight|65/100 brn|[from] brn
|upkeep
|turn|399
|inactive|Rocket_Grunt_Pwn has 30 seconds left this turn.
|inactive|TheFalinksArmy has 60 seconds left.
|
|t:|1641802194
|switch|p2a: Corviknight|Corviknight, M|91/100
|-damage|p2a: Corviknight|79/100|[from] Stealth Rock
|-ability|p2a: Corviknight|Pressure
|move|p1a: Corviknight|U-turn|p2a: Corviknight
|-resisted|p2a: Corviknight
|-damage|p2a: Corviknight|78/100
|inactive|Rocket_Grunt_Pwn has 30 seconds left this turn.
|inactive|TheFalinksArmy has 60 seconds left.
|
|t:|1641802205
|switch|p1a: Clefable|Clefable, M|74/100 brn|[from]move: U-turn
|
|-weather|Sandstorm|[upkeep]
|upkeep
|turn|400
|inactive|Rocket_Grunt_Pwn has 30 seconds left this turn.
|
|t:|1641802210
|switch|p2a: Toxapex|Toxapex, M|100/100
|-damage|p2a: Toxapex|88/100|[from] Stealth Rock
|move|p1a: Clefable|Teleport|p1a: Clefable
|inactive|Rocket_Grunt_Pwn has 30 seconds left this turn.
|
|t:|1641802214
|switch|p1a: Toxapex|Toxapex, M|100/100 brn|[from]move: Teleport
|-damage|p1a: Toxapex|84/100 brn|[from] Spikes
|
|-weather|Sandstorm|[upkeep]
|-damage|p1a: Toxapex|78/100 brn|[from] Sandstorm
|-damage|p2a: Toxapex|82/100|[from] Sandstorm
|-damage|p1a: Toxapex|72/100 brn|[from] brn
|upkeep
|turn|401
|inactive|Rocket_Grunt_Pwn has 30 seconds left this turn.
|
|t:|1641802217
|switch|p1a: Corviknight|Corviknight, F|65/100 brn
|-ability|p1a: Corviknight|Pressure
|move|p2a: Toxapex|Haze|p2a: Toxapex
|-clearallboost
|
|-weather|Sandstorm|[upkeep]
|-damage|p2a: Toxapex|75/100|[from] Sandstorm
|-damage|p1a: Corviknight|58/100 brn|[from] brn
|upkeep
|turn|402
|inactive|TheFalinksArmy has 60 seconds left.
|
|t:|1641802226
|switch|p1a: Tangrowth|Tangrowth, F|79/100 tox
|-damage|p1a: Tangrowth|62/100 tox|[from] Spikes
|move|p2a: Toxapex|Haze|p2a: Toxapex
|-clearallboost
|
|-weather|none
|-damage|p1a: Tangrowth|56/100 tox|[from] psn
|upkeep
|turn|403
|
|t:|1641802229
|move|p1a: Tangrowth|Giga Drain|p2a: Toxapex
|-damage|p2a: Toxapex|52/100
|-heal|p1a: Tangrowth|65/100 tox|[from] drain|[of] p2a: Toxapex
|move|p2a: Toxapex|Haze|p2a: Toxapex
|-clearallboost
|
|-damage|p1a: Tangrowth|52/100 tox|[from] psn
|upkeep
|turn|404
|
|t:|1641802233
|switch|p1a: Corviknight|Corviknight, F|58/100 brn
|-ability|p1a: Corviknight|Pressure
|move|p2a: Toxapex|Recover|p2a: Toxapex
|-heal|p2a: Toxapex|100/100
|
|-damage|p1a: Corviknight|52/100 brn|[from] brn
|upkeep
|turn|405
|
|t:|1641802237
|switch|p1a: Tangrowth|Tangrowth, F|86/100 tox
|-damage|p1a: Tangrowth|69/100 tox|[from] Spikes
|move|p2a: Toxapex|Haze|p2a: Toxapex
|-clearallboost
|
|-damage|p1a: Tangrowth|63/100 tox|[from] psn
|upkeep
|turn|406
|
|t:|1641802244
|move|p1a: Tangrowth|Sleep Powder|p2a: Toxapex
|-status|p2a: Toxapex|slp|[from] move: Sleep Powder
|cant|p2a: Toxapex|slp
|
|-damage|p1a: Tangrowth|50/100 tox|[from] psn
|upkeep
|turn|407
|
|t:|1641802246
|switch|p1a: Blissey|Blissey, F|71/100
|cant|p2a: Toxapex|slp
|
|upkeep
|turn|408
|
|t:|1641802249
|move|p1a: Blissey|Seismic Toss|p2a: Toxapex
|-damage|p2a: Toxapex|68/100 slp
|-curestatus|p2a: Toxapex|slp|[msg]
|move|p2a: Toxapex|Haze|p2a: Toxapex
|-clearallboost
|
|upkeep
|turn|409
|
|t:|1641802254
|move|p1a: Blissey|Seismic Toss|p2a: Toxapex
|-damage|p2a: Toxapex|35/100
|move|p2a: Toxapex|Haze|p2a: Toxapex
|-clearallboost
|
|upkeep
|turn|410
|
|t:|1641802261
|switch|p1a: Corviknight|Corviknight, F|52/100 brn
|-ability|p1a: Corviknight|Pressure
|switch|p2a: Hippowdon|Hippowdon, M|75/100
|-damage|p2a: Hippowdon|69/100|[from] Stealth Rock
|-weather|Sandstorm|[from] ability: Sand Stream|[of] p2a: Hippowdon
|
|-weather|Sandstorm|[upkeep]
|-damage|p1a: Corviknight|46/100 brn|[from] brn
|upkeep
|turn|411
|inactive|TheFalinksArmy has 60 seconds left.
|
|t:|1641802279
|move|p1a: Corviknight|Defog|p2a: Hippowdon
|-unboost|p2a: Hippowdon|evasion|1
|-sideend|p2: Rocket_Grunt_Pwn|Stealth Rock|[from] move: Defog|[of] p1a: Corviknight
|-sideend|p1: TheFalinksArmy|Spikes|[from] move: Defog|[of] p1a: Corviknight
|move|p2a: Hippowdon|Slack Off|p2a: Hippowdon
|-heal|p2a: Hippowdon|100/100
|
|-weather|Sandstorm|[upkeep]
|-damage|p1a: Corviknight|40/100 brn|[from] brn
|upkeep
|turn|412
|
|t:|1641802287
|switch|p1a: Blissey|Blissey, F|71/100
|switch|p2a: Corviknight|Corviknight, M|78/100
|-ability|p2a: Corviknight|Pressure
|
|-weather|Sandstorm|[upkeep]
|-damage|p1a: Blissey|65/100|[from] Sandstorm
|upkeep
|turn|413
|
|t:|1641802293
|move|p2a: Corviknight|Roost|p2a: Corviknight
|-heal|p2a: Corviknight|100/100
|-singleturn|p2a: Corviknight|move: Roost
|move|p1a: Blissey|Teleport|p1a: Blissey
|
|t:|1641802298
|switch|p1a: Corviknight|Corviknight, F|40/100 brn|[from]move: Teleport
|-ability|p1a: Corviknight|Pressure
|
|-weather|Sandstorm|[upkeep]
|-damage|p1a: Corviknight|33/100 brn|[from] brn
|upkeep
|turn|414
|
|t:|1641802305
|switch|p1a: Clefable|Clefable, M|74/100 brn
|move|p2a: Corviknight|Defog|p1a: Clefable
|-unboost|p1a: Clefable|evasion|1
|
|-weather|none
|upkeep
|turn|415
|
|t:|1641802309
|switch|p2a: Hippowdon|Hippowdon, M|100/100
|-weather|Sandstorm|[from] ability: Sand Stream|[of] p2a: Hippowdon
|move|p1a: Clefable|Teleport|p1a: Clefable
|
|t:|1641802311
|switch|p1a: Tangrowth|Tangrowth, F|84/100 tox|[from]move: Teleport
|
|-weather|Sandstorm|[upkeep]
|-damage|p1a: Tangrowth|77/100 tox|[from] Sandstorm
|-damage|p1a: Tangrowth|71/100 tox|[from] psn
|upkeep
|turn|416
|
|t:|1641802320
|switch|p2a: Corviknight|Corviknight, M|100/100
|-ability|p2a: Corviknight|Pressure
|move|p1a: Tangrowth|Knock Off|p2a: Corviknight
|-damage|p2a: Corviknight|91/100
|
|-weather|Sandstorm|[upkeep]
|-damage|p1a: Tangrowth|65/100 tox|[from] Sandstorm
|-damage|p1a: Tangrowth|53/100 tox|[from] psn
|upkeep
|turn|417
|
|t:|1641802324
|switch|p2a: Toxapex|Toxapex, M|68/100
|switch|p1a: Clefable|Clefable, M|74/100 brn
|
|-weather|Sandstorm|[upkeep]
|-damage|p2a: Toxapex|62/100|[from] Sandstorm
|upkeep
|turn|418
|
|t:|1641802330
|move|p1a: Clefable|Stealth Rock|p2a: Toxapex
|-sidestart|p2: Rocket_Grunt_Pwn|move: Stealth Rock
|move|p2a: Toxapex|Haze|p2a: Toxapex
|-clearallboost
|
|-weather|Sandstorm|[upkeep]
|-damage|p2a: Toxapex|55/100|[from] Sandstorm
|upkeep
|turn|419
|
|t:|1641802336
|switch|p1a: Corviknight|Corviknight, F|33/100 brn
|-ability|p1a: Corviknight|Pressure
|switch|p2a: Corviknight|Corviknight, M|91/100
|-damage|p2a: Corviknight|79/100|[from] Stealth Rock
|-ability|p2a: Corviknight|Pressure
|
|-weather|none
|-damage|p1a: Corviknight|27/100 brn|[from] brn
|upkeep
|turn|420
|inactive|TheFalinksArmy has 60 seconds left.
|
|t:|1641802347
|switch|p1a: Toxapex|Toxapex, M|100/100 brn
|move|p2a: Corviknight|Defog|p1a: Toxapex
|-unboost|p1a: Toxapex|evasion|1
|-sideend|p2: Rocket_Grunt_Pwn|Stealth Rock|[from] move: Defog|[of] p2a: Corviknight
|
|-damage|p1a: Toxapex|94/100 brn|[from] brn
|upkeep
|turn|421
|
|t:|1641802352
|switch|p2a: Toxapex|Toxapex, M|89/100
|move|p1a: Toxapex|Toxic Spikes|p2a: Toxapex
|-sidestart|p2: Rocket_Grunt_Pwn|move: Toxic Spikes
|
|-damage|p1a: Toxapex|88/100 brn|[from] brn
|upkeep
|turn|422
|
|t:|1641802356
|switch|p2a: Corviknight|Corviknight, M|79/100
|-ability|p2a: Corviknight|Pressure
|move|p1a: Toxapex|Toxic Spikes|p2a: Corviknight
|-sidestart|p2: Rocket_Grunt_Pwn|move: Toxic Spikes
|
|-damage|p1a: Toxapex|82/100 brn|[from] brn
|upkeep
|turn|423
|
|t:|1641802362
|switch|p2a: Toxapex|Toxapex, M|100/100
|-sideend|p2: Rocket_Grunt_Pwn|move: Toxic Spikes|[of] p2a: Toxapex
|switch|p1a: Blissey|Blissey, F|65/100
|
|upkeep
|turn|424
|
|t:|1641802370
|switch|p1a: Corviknight|Corviknight, F|27/100 brn
|-ability|p1a: Corviknight|Pressure
|move|p2a: Toxapex|Toxic||[still]
|-fail|p2a: Toxapex
|
|-damage|p1a: Corviknight|21/100 brn|[from] brn
|upkeep
|turn|425
|
|t:|1641802377
|switch|p1a: Blissey|Blissey, F|65/100
|move|p2a: Toxapex|Haze|p2a: Toxapex
|-clearallboost
|
|upkeep
|turn|426
|
|t:|1641802380
|switch|p1a: Tangrowth|Tangrowth, F|86/100 tox
|move|p2a: Toxapex|Toxic|p1a: Tangrowth
|-fail|p1a: Tangrowth|tox
|
|-damage|p1a: Tangrowth|80/100 tox|[from] psn
|upkeep
|turn|427
|
|t:|1641802384
|move|p1a: Tangrowth|Knock Off|p2a: Toxapex
|-damage|p2a: Toxapex|91/100
|move|p2a: Toxapex|Haze|p2a: Toxapex
|-clearallboost
|
|-damage|p1a: Tangrowth|67/100 tox|[from] psn
|upkeep
|turn|428
|inactive|TheFalinksArmy has 60 seconds left.
|
|t:|1641802393
|switch|p2a: Hippowdon|Hippowdon, M|100/100
|-weather|Sandstorm|[from] ability: Sand Stream|[of] p2a: Hippowdon
|move|p1a: Tangrowth|Knock Off|p2a: Hippowdon
|-damage|p2a: Hippowdon|91/100
|
|-weather|Sandstorm|[upkeep]
|-damage|p1a: Tangrowth|61/100 tox|[from] Sandstorm
|-damage|p1a: Tangrowth|43/100 tox|[from] psn
|upkeep
|turn|429
|
|t:|1641802404
|switch|p1a: Clefable|Clefable, M|74/100 brn
|switch|p2a: Toxapex|Toxapex, M|100/100
|
|-weather|Sandstorm|[upkeep]
|-damage|p2a: Toxapex|94/100|[from] Sandstorm
|upkeep
|turn|430
|
|t:|1641802410
|switch|p2a: Ferrothorn|Ferrothorn, M|9/100
|move|p1a: Clefable|Stealth Rock|p2a: Ferrothorn
|-sidestart|p2: Rocket_Grunt_Pwn|move: Stealth Rock
|
|-weather|Sandstorm|[upkeep]
|upkeep
|turn|431
|
|t:|1641802416
|move|p1a: Clefable|Moonblast|p2a: Ferrothorn
|-resisted|p2a: Ferrothorn
|-damage|p2a: Ferrothorn|0 fnt
|faint|p2a: Ferrothorn
|
|-weather|Sandstorm|[upkeep]
|upkeep
|
|t:|1641802421
|switch|p2a: Corviknight|Corviknight, M|79/100
|-damage|p2a: Corviknight|66/100|[from] Stealth Rock
|-ability|p2a: Corviknight|Pressure
|turn|432
|
|t:|1641802425
|move|p2a: Corviknight|Defog|p1a: Clefable
|-unboost|p1a: Clefable|evasion|1
|-sideend|p2: Rocket_Grunt_Pwn|Stealth Rock|[from] move: Defog|[of] p2a: Corviknight
|move|p1a: Clefable|Stealth Rock|p2a: Corviknight
|-sidestart|p2: Rocket_Grunt_Pwn|move: Stealth Rock
|
|-weather|none
|upkeep
|turn|433
|
|t:|1641802436
|switch|p2a: Hippowdon|Hippowdon, M|91/100
|-damage|p2a: Hippowdon|85/100|[from] Stealth Rock
|-weather|Sandstorm|[from] ability: Sand Stream|[of] p2a: Hippowdon
|move|p1a: Clefable|Stealth Rock||[still]
|-fail|p1a: Clefable
|
|-weather|Sandstorm|[upkeep]
|upkeep
|turn|434
|
|t:|1641802440
|switch|p2a: Toxapex|Toxapex, M|100/100
|-damage|p2a: Toxapex|88/100|[from] Stealth Rock
|move|p1a: Clefable|Moonblast|p2a: Toxapex
|-resisted|p2a: Toxapex
|-damage|p2a: Toxapex|76/100
|
|-weather|Sandstorm|[upkeep]
|-damage|p2a: Toxapex|70/100|[from] Sandstorm
|upkeep
|turn|435
|
|t:|1641802443
|move|p1a: Clefable|Moonblast|p2a: Toxapex
|-resisted|p2a: Toxapex
|-damage|p2a: Toxapex|57/100
|move|p2a: Toxapex|Haze|p2a: Toxapex
|-clearallboost
|
|-weather|Sandstorm|[upkeep]
|-damage|p2a: Toxapex|51/100|[from] Sandstorm
|upkeep
|turn|436
|
|t:|1641802450
|switch|p1a: Corviknight|Corviknight, F|21/100 brn
|-ability|p1a: Corviknight|Pressure
|move|p2a: Toxapex|Recover|p2a: Toxapex
|-heal|p2a: Toxapex|100/100
|
|-weather|Sandstorm|[upkeep]
|-damage|p2a: Toxapex|94/100|[from] Sandstorm
|-damage|p1a: Corviknight|15/100 brn|[from] brn
|upkeep
|turn|437
|
|t:|1641802454
|switch|p1a: Toxapex|Toxapex, M|100/100 brn
|move|p2a: Toxapex|Haze|p2a: Toxapex
|-clearallboost
|
|-weather|none
|-damage|p1a: Toxapex|94/100 brn|[from] brn
|upkeep
|turn|438
|
|t:|1641802461
|move|p2a: Toxapex|Haze|p2a: Toxapex
|-clearallboost
|move|p1a: Toxapex|Toxic Spikes|p2a: Toxapex
|-sidestart|p2: Rocket_Grunt_Pwn|move: Toxic Spikes
|
|-damage|p1a: Toxapex|88/100 brn|[from] brn
|upkeep
|turn|439
|
|t:|1641802468
|switch|p1a: Blissey|Blissey, F|65/100
|switch|p2a: Corviknight|Corviknight, M|66/100
|-damage|p2a: Corviknight|54/100|[from] Stealth Rock
|-ability|p2a: Corviknight|Pressure
|
|upkeep
|turn|440
|inactive|TheFalinksArmy has 60 seconds left.
|
|t:|1641802479
|switch|p1a: Corviknight|Corviknight, F|15/100 brn
|-ability|p1a: Corviknight|Pressure
|move|p2a: Corviknight|Defog|p1a: Corviknight
|-unboost|p1a: Corviknight|evasion|1
|-sideend|p2: Rocket_Grunt_Pwn|Toxic Spikes|[from] move: Defog|[of] p2a: Corviknight
|-sideend|p2: Rocket_Grunt_Pwn|Stealth Rock|[from] move: Defog|[of] p2a: Corviknight
|
|-damage|p1a: Corviknight|8/100 brn|[from] brn
|upkeep
|turn|441
|
|t:|1641802487
|switch|p2a: Hippowdon|Hippowdon, M|85/100
|-weather|Sandstorm|[from] ability: Sand Stream|[of] p2a: Hippowdon
|switch|p1a: Clefable|Clefable, M|74/100 brn
|
|-weather|Sandstorm|[upkeep]
|upkeep
|turn|442
|
|t:|1641802494
|switch|p2a: Toxapex|Toxapex, M|100/100
|move|p1a: Clefable|Stealth Rock|p2a: Toxapex
|-sidestart|p2: Rocket_Grunt_Pwn|move: Stealth Rock
|
|-weather|Sandstorm|[upkeep]
|-damage|p2a: Toxapex|94/100|[from] Sandstorm
|upkeep
|turn|443
|j| csj951
|inactive|TheFalinksArmy has 60 seconds left.
|
|t:|1641802506
|move|p2a: Toxapex|Haze|p2a: Toxapex
|-clearallboost
|move|p1a: Clefable|Teleport|p1a: Clefable
|
|t:|1641802510
|switch|p1a: Toxapex|Toxapex, M|100/100 brn|[from]move: Teleport
|
|-weather|Sandstorm|[upkeep]
|-damage|p2a: Toxapex|88/100|[from] Sandstorm
|-damage|p1a: Toxapex|94/100 brn|[from] Sandstorm
|-damage|p1a: Toxapex|88/100 brn|[from] brn
|upkeep
|turn|444
|
|t:|1641802515
|switch|p1a: Tangrowth|Tangrowth, F|76/100 tox
|move|p2a: Toxapex|Haze|p2a: Toxapex
|-clearallboost
|
|-weather|Sandstorm|[upkeep]
|-damage|p1a: Tangrowth|70/100 tox|[from] Sandstorm
|-damage|p2a: Toxapex|82/100|[from] Sandstorm
|-damage|p1a: Tangrowth|63/100 tox|[from] psn
|upkeep
|turn|445
|inactive|TheFalinksArmy has 60 seconds left.
|
|t:|1641802521
|move|p1a: Tangrowth|Knock Off|p2a: Toxapex
|-damage|p2a: Toxapex|73/100
|move|p2a: Toxapex|Haze|p2a: Toxapex
|-clearallboost
|
|-weather|none
|-damage|p1a: Tangrowth|51/100 tox|[from] psn
|upkeep
|turn|446
|inactive|TheFalinksArmy has 60 seconds left.
|
|t:|1641802528
|switch|p1a: Blissey|Blissey, F|65/100
|move|p2a: Toxapex|Haze|p2a: Toxapex
|-clearallboost
|
|upkeep
|turn|447
|
|t:|1641802532
|move|p1a: Blissey|Soft-Boiled|p1a: Blissey
|-heal|p1a: Blissey|100/100
|move|p2a: Toxapex|Toxic|p1a: Blissey
|-status|p1a: Blissey|tox
|
|-damage|p1a: Blissey|94/100 tox|[from] psn
|upkeep
|turn|448
|
|t:|1641802536
|-curestatus|p1a: Blissey|tox|[from] ability: Natural Cure
|switch|p1a: Clefable|Clefable, M|74/100 brn
|move|p2a: Toxapex|Haze|p2a: Toxapex
|-clearallboost
|
|upkeep
|turn|449
|l| csj951
|
|t:|1641802540
|switch|p1a: Toxapex|Toxapex, M|100/100 brn
|move|p2a: Toxapex|Haze|p2a: Toxapex
|-clearallboost
|
|-damage|p1a: Toxapex|94/100 brn|[from] brn
|upkeep
|turn|450
|
|t:|1641802547
|move|p2a: Toxapex|Haze|p2a: Toxapex
|-clearallboost
|move|p1a: Toxapex|Toxic Spikes|p2a: Toxapex
|-sidestart|p2: Rocket_Grunt_Pwn|move: Toxic Spikes
|
|-damage|p1a: Toxapex|88/100 brn|[from] brn
|upkeep
|turn|451
|inactive|TheFalinksArmy has 60 seconds left.
|
|t:|1641802558
|switch|p2a: Corviknight|Corviknight, M|54/100
|-damage|p2a: Corviknight|41/100|[from] Stealth Rock
|-ability|p2a: Corviknight|Pressure
|move|p1a: Toxapex|Toxic Spikes|p2a: Corviknight
|-sidestart|p2: Rocket_Grunt_Pwn|move: Toxic Spikes
|
|-damage|p1a: Toxapex|82/100 brn|[from] brn
|upkeep
|turn|452
|
|t:|1641802562
|switch|p1a: Corviknight|Corviknight, F|8/100 brn
|-ability|p1a: Corviknight|Pressure
|move|p2a: Corviknight|Defog|p1a: Corviknight
|-unboost|p1a: Corviknight|evasion|1
|-sideend|p2: Rocket_Grunt_Pwn|Toxic Spikes|[from] move: Defog|[of] p2a: Corviknight
|-sideend|p2: Rocket_Grunt_Pwn|Stealth Rock|[from] move: Defog|[of] p2a: Corviknight
|
|-damage|p1a: Corviknight|2/100 brn|[from] brn
|upkeep
|turn|453
|inactive|TheFalinksArmy has 60 seconds left.
|
|t:|1641802571
|switch|p1a: Clefable|Clefable, M|74/100 brn
|move|p2a: Corviknight|Roost|p2a: Corviknight
|-heal|p2a: Corviknight|91/100
|-singleturn|p2a: Corviknight|move: Roost
|
|upkeep
|turn|454
|inactive|Rocket_Grunt_Pwn has 60 seconds left.
|
|t:|1641802578
|switch|p2a: Toxapex|Toxapex, M|100/100
|move|p1a: Clefable|Stealth Rock|p2a: Toxapex
|-sidestart|p2: Rocket_Grunt_Pwn|move: Stealth Rock
|
|upkeep
|turn|455
|inactive|TheFalinksArmy has 60 seconds left.
|
|t:|1641802586
|switch|p1a: Toxapex|Toxapex, M|100/100 brn
|move|p2a: Toxapex|Haze|p2a: Toxapex
|-clearallboost
|
|-damage|p1a: Toxapex|94/100 brn|[from] brn
|upkeep
|turn|456
|
|t:|1641802589
|switch|p2a: Hippowdon|Hippowdon, M|85/100
|-damage|p2a: Hippowdon|78/100|[from] Stealth Rock
|-weather|Sandstorm|[from] ability: Sand Stream|[of] p2a: Hippowdon
|move|p1a: Toxapex|Toxic Spikes|p2a: Hippowdon
|-sidestart|p2: Rocket_Grunt_Pwn|move: Toxic Spikes
|
|-weather|Sandstorm|[upkeep]
|-damage|p1a: Toxapex|88/100 brn|[from] Sandstorm
|-damage|p1a: Toxapex|82/100 brn|[from] brn
|upkeep
|turn|457
|inactive|TheFalinksArmy has 60 seconds left.
|
|t:|1641802597
|switch|p2a: Toxapex|Toxapex, M|100/100
|-sideend|p2: Rocket_Grunt_Pwn|move: Toxic Spikes|[of] p2a: Toxapex
|-damage|p2a: Toxapex|88/100|[from] Stealth Rock
|move|p1a: Toxapex|Toxic Spikes|p2a: Toxapex
|-sidestart|p2: Rocket_Grunt_Pwn|move: Toxic Spikes
|
|-weather|Sandstorm|[upkeep]
|-damage|p2a: Toxapex|82/100|[from] Sandstorm
|-damage|p1a: Toxapex|75/100 brn|[from] Sandstorm
|-damage|p1a: Toxapex|69/100 brn|[from] brn
|upkeep
|turn|458
|inactive|TheFalinksArmy has 60 seconds left.
|
|t:|1641802603
|switch|p1a: Blissey|Blissey, F|94/100
|move|p2a: Toxapex|Haze|p2a: Toxapex
|-clearallboost
|
|-weather|Sandstorm|[upkeep]
|-damage|p1a: Blissey|88/100|[from] Sandstorm
|-damage|p2a: Toxapex|75/100|[from] Sandstorm
|upkeep
|turn|459
|
|t:|1641802609
|move|p2a: Toxapex|Toxic|p1a: Blissey
|-status|p1a: Blissey|tox
|move|p1a: Blissey|Teleport|p1a: Blissey
|
|t:|1641802611
|-curestatus|p1a: Blissey|tox|[from] ability: Natural Cure
|switch|p1a: Tangrowth|Tangrowth, F|84/100 tox|[from]move: Teleport
|
|-weather|Sandstorm|[upkeep]
|-damage|p1a: Tangrowth|78/100 tox|[from] Sandstorm
|-damage|p2a: Toxapex|69/100|[from] Sandstorm
|-damage|p1a: Tangrowth|72/100 tox|[from] psn
|upkeep
|turn|460
|
|t:|1641802617
|move|p1a: Tangrowth|Knock Off|p2a: Toxapex
|-damage|p2a: Toxapex|59/100
|move|p2a: Toxapex|Haze|p2a: Toxapex
|-clearallboost
|
|-weather|none
|-damage|p1a: Tangrowth|59/100 tox|[from] psn
|upkeep
|turn|461
|inactive|TheFalinksArmy has 60 seconds left.
|
|t:|1641802627
|switch|p1a: Toxapex|Toxapex, M|100/100 brn
|move|p2a: Toxapex|Haze|p2a: Toxapex
|-clearallboost
|
|-damage|p1a: Toxapex|94/100 brn|[from] brn
|upkeep
|turn|462
|
|t:|1641802630
|switch|p1a: Tangrowth|Tangrowth, F|93/100 tox
|move|p2a: Toxapex|Haze|p2a: Toxapex
|-clearallboost
|
|-damage|p1a: Tangrowth|86/100 tox|[from] psn
|upkeep
|turn|463
|
|t:|1641802633
|move|p1a: Tangrowth|Knock Off|p2a: Toxapex
|-damage|p2a: Toxapex|50/100
|move|p2a: Toxapex|Haze|p2a: Toxapex
|-clearallboost
|
|-damage|p1a: Tangrowth|74/100 tox|[from] psn
|upkeep
|turn|464
|
|t:|1641802641
|move|p1a: Tangrowth|Sleep Powder|p2a: Toxapex
|-status|p2a: Toxapex|slp|[from] move: Sleep Powder
|cant|p2a: Toxapex|slp
|
|-damage|p1a: Tangrowth|55/100 tox|[from] psn
|upkeep
|turn|465
|l|☆Rocket_Grunt_Pwn
|inactive|Rocket_Grunt_Pwn disconnected and has a minute to reconnect!
|player|p2|
|inactive|Rocket_Grunt_Pwn has 30 seconds to reconnect!
|c|☆TheFalinksArmy|Is it over?
|inactive|Rocket_Grunt_Pwn has 20 seconds to reconnect!
|inactive|Rocket_Grunt_Pwn has 15 seconds to reconnect!
|c|☆TheFalinksArmy|Is the pain gone?
|inactive|Rocket_Grunt_Pwn has 10 seconds to reconnect!
|inactive|Rocket_Grunt_Pwn has 5 seconds to reconnect!
|-message|Rocket_Grunt_Pwn lost due to inactivity.
|
|win|TheFalinksArmy
|inactive|Rocket_Grunt_Pwn has 20 seconds left this turn.
|raw|TheFalinksArmy's rating: 1403 &rarr; <strong>1425</strong><br />(+22 for winning)
|raw|Rocket_Grunt_Pwn's rating: 1443 &rarr; <strong>1421</strong><br />(-22 for losing)
|c|☆TheFalinksArmy|Oh my god in heaven
