|j|☆dolaka
|j|☆MetaBreak96
|t:|1641749631
|gametype|singles
|player|p1|dolaka|korrina|1092
|player|p2|MetaBreak96|102|1131
|teamsize|p1|6
|teamsize|p2|6
|gen|8
|tier|[Gen 8] OU
|rated|
|rule|Sleep Clause Mod: Limit one foe put to sleep
|rule|Species Clause: Limit one of each Pokémon
|rule|OHKO Clause: OHKO moves are banned
|rule|Evasion Moves Clause: Evasion moves are banned
|rule|Endless Battle Clause: Forcing endless battles is banned
|rule|HP Percentage Mod: HP is shown in percentages
|rule|Dynamax Clause: You cannot dynamax
|clearpoke
|poke|p1|Barraskewda, M|
|poke|p1|Kingdra, F|
|poke|p1|Toxapex, F|
|poke|p1|Pelipper, F|
|poke|p1|Quagsire, F|
|poke|p1|Thundurus-Therian, M|
|poke|p2|Galvantula, M|
|poke|p2|Tapu Koko|
|poke|p2|Zapdos|
|poke|p2|Rotom-Wash|
|poke|p2|Zeraora|
|poke|p2|Raikou|
|teampreview
|
|t:|1641749637
|start
|switch|p1a: Pelipper|Pelipper, F|100/100
|switch|p2a: Galvantula|Galvantula, M|100/100
|-weather|RainDance|[from] ability: Drizzle|[of] p1a: Pelipper
|turn|1
|
|t:|1641749645
|switch|p1a: Thundurus|Thundurus-Therian, M|100/100
|move|p2a: Galvantula|Sticky Web|p1a: Thundurus
|-sidestart|p1: dolaka|move: Sticky Web
|
|-weather|RainDance|[upkeep]
|upkeep
|turn|2
|
|t:|1641749653
|move|p2a: Galvantula|Volt Switch|p1a: Thundurus
|-immune|p1a: Thundurus|[from] ability: Volt Absorb
|move|p1a: Thundurus|Nasty Plot|p1a: Thundurus
|-boost|p1a: Thundurus|spa|2
|
|-weather|RainDance|[upkeep]
|upkeep
|turn|3
|
|t:|1641749675
|switch|p2a: Raikou|Raikou|100/100
|-ability|p2a: Raikou|Pressure
|move|p1a: Thundurus|Nasty Plot|p1a: Thundurus
|-boost|p1a: Thundurus|spa|2
|
|-weather|RainDance|[upkeep]
|upkeep
|turn|4
|
|t:|1641749686
|move|p1a: Thundurus|Thunder|p2a: Raikou
|-resisted|p2a: Raikou
|-crit|p2a: Raikou
|-damage|p2a: Raikou|25/100
|move|p2a: Raikou|Extrasensory|p1a: Thundurus
|-damage|p1a: Thundurus|68/100
|
|-weather|RainDance|[upkeep]
|upkeep
|turn|5
|
|t:|1641749696
|move|p1a: Thundurus|Grass Knot|p2a: Raikou
|-damage|p2a: Raikou|0 fnt
|faint|p2a: Raikou
|
|-weather|RainDance|[upkeep]
|upkeep
|
|t:|1641749701
|switch|p2a: Tapu Koko|Tapu Koko|100/100
|-fieldstart|move: Electric Terrain|[from] ability: Electric Surge|[of] p2a: Tapu Koko
|turn|6
|
|t:|1641749708
|move|p2a: Tapu Koko|Giga Impact|p1a: Thundurus
|-damage|p1a: Thundurus|0 fnt
|-mustrecharge|p2a: Tapu Koko
|faint|p1a: Thundurus
|
|-weather|RainDance|[upkeep]
|upkeep
|
|t:|1641749717
|switch|p1a: Quagsire|Quagsire, F|100/100
|-activate|p1a: Quagsire|move: Sticky Web
|-unboost|p1a: Quagsire|spe|1
|turn|7
|
|t:|1641749736
|cant|p2a: Tapu Koko|recharge
|move|p1a: Quagsire|Toxic|p2a: Tapu Koko|[miss]
|-miss|p1a: Quagsire|p2a: Tapu Koko
|
|-weather|RainDance|[upkeep]
|upkeep
|turn|8
|
|t:|1641749748
|switch|p2a: Galvantula|Galvantula, M|100/100
|move|p1a: Quagsire|Earthquake|p2a: Galvantula
|-damage|p2a: Galvantula|48/100
|
|-weather|none
|upkeep
|turn|9
|
|t:|1641749756
|switch|p1a: Toxapex|Toxapex, F|100/100
|-activate|p1a: Toxapex|move: Sticky Web
|-unboost|p1a: Toxapex|spe|1
|move|p2a: Galvantula|Energy Ball|p1a: Toxapex
|-damage|p1a: Toxapex|80/100
|
|-heal|p1a: Toxapex|86/100|[from] item: Black Sludge
|upkeep
|turn|10
|
|t:|1641749766
|move|p2a: Galvantula|Volt Switch|p1a: Toxapex
|-supereffective|p1a: Toxapex
|-damage|p1a: Toxapex|23/100
|
|t:|1641749773
|switch|p2a: Zapdos|Zapdos|100/100|[from]move: Volt Switch
|move|p1a: Toxapex|Recover|p1a: Toxapex
|-heal|p1a: Toxapex|73/100
|
|-heal|p1a: Toxapex|79/100|[from] item: Black Sludge
|-fieldend|move: Electric Terrain
|upkeep
|turn|11
|
|t:|1641749783
|switch|p1a: Quagsire|Quagsire, F|100/100
|-activate|p1a: Quagsire|move: Sticky Web
|-unboost|p1a: Quagsire|spe|1
|move|p2a: Zapdos|Thunderbolt|p1a: Quagsire
|-immune|p1a: Quagsire
|
|upkeep
|turn|12
|
|t:|1641749794
|switch|p2a: Rotom|Rotom-Wash|100/100
|move|p1a: Quagsire|Toxic|p2a: Rotom
|-status|p2a: Rotom|tox
|
|-damage|p2a: Rotom|94/100 tox|[from] psn
|upkeep
|turn|13
|
|t:|1641749810
|switch|p1a: Toxapex|Toxapex, F|100/100
|-activate|p1a: Toxapex|move: Sticky Web
|-unboost|p1a: Toxapex|spe|1
|move|p2a: Rotom|Will-O-Wisp|p1a: Toxapex
|-status|p1a: Toxapex|brn
|
|-heal|p2a: Rotom|100/100 tox|[from] item: Leftovers
|-damage|p2a: Rotom|88/100 tox|[from] psn
|-damage|p1a: Toxapex|94/100 brn|[from] brn
|upkeep
|turn|14
|
|t:|1641749825
|move|p2a: Rotom|Volt Switch|p1a: Toxapex
|-supereffective|p1a: Toxapex
|-damage|p1a: Toxapex|41/100 brn
|
|t:|1641749830
|switch|p2a: Galvantula|Galvantula, M|48/100|[from]move: Volt Switch
|move|p1a: Toxapex|Recover|p1a: Toxapex
|-heal|p1a: Toxapex|91/100 brn
|
|-heal|p1a: Toxapex|97/100 brn|[from] item: Black Sludge
|-damage|p1a: Toxapex|91/100 brn|[from] brn
|upkeep
|turn|15
|
|t:|1641749844
|move|p2a: Galvantula|Volt Switch|p1a: Toxapex
|-supereffective|p1a: Toxapex
|-damage|p1a: Toxapex|39/100 brn
|
|t:|1641749866
|switch|p2a: Tapu Koko|Tapu Koko|100/100|[from]move: Volt Switch
|-fieldstart|move: Electric Terrain|[from] ability: Electric Surge|[of] p2a: Tapu Koko
|move|p1a: Toxapex|Toxic Spikes|p2a: Tapu Koko
|-sidestart|p2: MetaBreak96|move: Toxic Spikes
|
|-heal|p1a: Toxapex|45/100 brn|[from] item: Black Sludge
|-damage|p1a: Toxapex|39/100 brn|[from] brn
|upkeep
|turn|16
|
|t:|1641749877
|move|p2a: Tapu Koko|Giga Impact|p1a: Toxapex
|-damage|p1a: Toxapex|0 fnt
|-mustrecharge|p2a: Tapu Koko
|faint|p1a: Toxapex
|
|upkeep
|
|t:|1641749884
|switch|p1a: Pelipper|Pelipper, F|100/100
|-weather|RainDance|[from] ability: Drizzle|[of] p1a: Pelipper
|turn|17
|
|t:|1641749889
|cant|p2a: Tapu Koko|recharge
|move|p1a: Pelipper|U-turn|p2a: Tapu Koko
|-resisted|p2a: Tapu Koko
|-damage|p2a: Tapu Koko|95/100
|
|t:|1641749898
|switch|p1a: Quagsire|Quagsire, F|100/100|[from]move: U-turn
|-activate|p1a: Quagsire|move: Sticky Web
|-unboost|p1a: Quagsire|spe|1
|
|-weather|RainDance|[upkeep]
|upkeep
|turn|18
|
|t:|1641749908
|move|p2a: Tapu Koko|Giga Impact|p1a: Quagsire
|-damage|p1a: Quagsire|48/100
|-mustrecharge|p2a: Tapu Koko
|move|p1a: Quagsire|Earthquake|p2a: Tapu Koko
|-supereffective|p2a: Tapu Koko
|-damage|p2a: Tapu Koko|13/100
|
|-weather|RainDance|[upkeep]
|-heal|p1a: Quagsire|54/100|[from] item: Leftovers
|upkeep
|turn|19
|
|t:|1641749919
|cant|p2a: Tapu Koko|recharge
|move|p1a: Quagsire|Earthquake|p2a: Tapu Koko
|-supereffective|p2a: Tapu Koko
|-damage|p2a: Tapu Koko|0 fnt
|faint|p2a: Tapu Koko
|
|-weather|RainDance|[upkeep]
|-heal|p1a: Quagsire|60/100|[from] item: Leftovers
|-fieldend|move: Electric Terrain
|upkeep
|
|t:|1641749930
|switch|p2a: Zapdos|Zapdos|100/100
|turn|20
|
|t:|1641749936
|move|p2a: Zapdos|Defog|p1a: Quagsire
|-unboost|p1a: Quagsire|evasion|1
|-sideend|p1: dolaka|Sticky Web|[from] move: Defog|[of] p2a: Zapdos
|-sideend|p2: MetaBreak96|Toxic Spikes|[from] move: Defog|[of] p2a: Zapdos
|move|p1a: Quagsire|Recover|p1a: Quagsire
|-heal|p1a: Quagsire|100/100
|
|-weather|RainDance|[upkeep]
|upkeep
|turn|21
|
|t:|1641749944
|move|p2a: Zapdos|Heat Wave|p1a: Quagsire
|-resisted|p1a: Quagsire
|-damage|p1a: Quagsire|90/100
|move|p1a: Quagsire|Toxic|p2a: Zapdos|[miss]
|-miss|p1a: Quagsire|p2a: Zapdos
|
|-weather|RainDance|[upkeep]
|-heal|p1a: Quagsire|96/100|[from] item: Leftovers
|upkeep
|turn|22
|
|t:|1641749955
|switch|p2a: Rotom|Rotom-Wash|88/100 tox
|move|p1a: Quagsire|Toxic|p2a: Rotom
|-fail|p2a: Rotom|tox
|
|-weather|RainDance|[upkeep]
|-heal|p2a: Rotom|94/100 tox|[from] item: Leftovers
|-heal|p1a: Quagsire|100/100|[from] item: Leftovers
|-damage|p2a: Rotom|88/100 tox|[from] psn
|upkeep
|turn|23
|
|t:|1641749966
|move|p2a: Rotom|Hydro Pump|p1a: Quagsire
|-damage|p1a: Quagsire|18/100
|move|p1a: Quagsire|Scald|p2a: Rotom
|-resisted|p2a: Rotom
|-damage|p2a: Rotom|71/100 tox
|
|-weather|RainDance|[upkeep]
|-heal|p2a: Rotom|77/100 tox|[from] item: Leftovers
|-heal|p1a: Quagsire|24/100|[from] item: Leftovers
|-damage|p2a: Rotom|65/100 tox|[from] psn
|upkeep
|turn|24
|
|t:|1641749977
|move|p2a: Rotom|Hydro Pump|p1a: Quagsire
|-damage|p1a: Quagsire|0 fnt
|faint|p1a: Quagsire
|
|-weather|none
|-heal|p2a: Rotom|71/100 tox|[from] item: Leftovers
|-damage|p2a: Rotom|52/100 tox|[from] psn
|upkeep
|
|t:|1641750013
|switch|p1a: Pelipper|Pelipper, F|100/100
|-weather|RainDance|[from] ability: Drizzle|[of] p1a: Pelipper
|turn|25
|
|t:|1641750019
|switch|p1a: Kingdra|Kingdra, F|100/100
|move|p2a: Rotom|Volt Switch|p1a: Kingdra
|-damage|p1a: Kingdra|66/100
|
|t:|1641750026
|switch|p2a: Galvantula|Galvantula, M|48/100|[from]move: Volt Switch
|
|-weather|RainDance|[upkeep]
|upkeep
|turn|26
|
|t:|1641750032
|move|p1a: Kingdra|Hydro Pump|p2a: Galvantula
|-damage|p2a: Galvantula|0 fnt
|faint|p2a: Galvantula
|-damage|p1a: Kingdra|56/100|[from] item: Life Orb
|
|-weather|RainDance|[upkeep]
|upkeep
|
|t:|1641750042
|switch|p2a: Zapdos|Zapdos|100/100
|turn|27
|
|t:|1641750046
|move|p1a: Kingdra|Draco Meteor|p2a: Zapdos
|-damage|p2a: Zapdos|19/100
|-unboost|p1a: Kingdra|spa|2
|-damage|p1a: Kingdra|46/100|[from] item: Life Orb
|move|p2a: Zapdos|Thunderbolt|p1a: Kingdra
|-damage|p1a: Kingdra|0 fnt
|faint|p1a: Kingdra
|
|-weather|RainDance|[upkeep]
|upkeep
|
|t:|1641750053
|switch|p1a: Barraskewda|Barraskewda, M|100/100
|turn|28
|
|t:|1641750061
|switch|p2a: Rotom|Rotom-Wash|52/100 tox
|move|p1a: Barraskewda|Liquidation|p2a: Rotom
|-resisted|p2a: Rotom
|-damage|p2a: Rotom|5/100 tox
|
|-weather|RainDance|[upkeep]
|-heal|p2a: Rotom|11/100 tox|[from] item: Leftovers
|-damage|p2a: Rotom|5/100 tox|[from] psn
|upkeep
|turn|29
|
|t:|1641750073
|move|p1a: Barraskewda|Liquidation|p2a: Rotom
|-resisted|p2a: Rotom
|-damage|p2a: Rotom|0 fnt
|faint|p2a: Rotom
|
|-weather|RainDance|[upkeep]
|upkeep
|
|t:|1641750079
|switch|p2a: Zeraora|Zeraora|100/100
|turn|30
|
|t:|1641750084
|move|p1a: Barraskewda|Liquidation|p2a: Zeraora
|-damage|p2a: Zeraora|0 fnt
|faint|p2a: Zeraora
|
|-weather|RainDance|[upkeep]
|upkeep
|-message|MetaBreak96 forfeited.
|
|win|dolaka
|raw|dolaka's rating: 1092 &rarr; <strong>1121</strong><br />(+29 for winning)
|raw|MetaBreak96's rating: 1131 &rarr; <strong>1103</strong><br />(-28 for losing)
|l|☆MetaBreak96
