|j|☆HobbitGaming86
|j|☆Tonopokemon
|t:|1641704695
|gametype|singles
|player|p1|HobbitGaming86|giovanni|1052
|player|p2|Tonopokemon|hugh|1045
|teamsize|p1|6
|teamsize|p2|6
|gen|8
|tier|[Gen 8] OU
|rated|
|rule|Sleep Clause Mod: Limit one foe put to sleep
|rule|Species Clause: Limit one of each Pokémon
|rule|OHKO Clause: OHKO moves are banned
|rule|Evasion Moves Clause: Evasion moves are banned
|rule|Endless Battle Clause: Forcing endless battles is banned
|rule|HP Percentage Mod: HP is shown in percentages
|rule|Dynamax Clause: You cannot dynamax
|clearpoke
|poke|p1|Azumarill, F|
|poke|p1|Raichu-Alola, F|
|poke|p1|Tapu Koko|
|poke|p1|Rillaboom, F|
|poke|p1|Blaziken, F|
|poke|p1|Flygon, F|
|poke|p2|Tapu Koko|
|poke|p2|Hawlucha, F|
|poke|p2|Garchomp, M|
|poke|p2|Rotom-Heat|
|poke|p2|Barraskewda, F|
|poke|p2|Kartana|
|teampreview
|
|t:|1641704703
|start
|switch|p1a: Flygon|Flygon, F|100/100
|switch|p2a: Rotom|Rotom-Heat|100/100
|turn|1
|
|t:|1641704714
|move|p1a: Flygon|First Impression|p2a: Rotom
|-resisted|p2a: Rotom
|-damage|p2a: Rotom|86/100
|move|p2a: Rotom|Will-O-Wisp|p1a: Flygon
|-status|p1a: Flygon|brn
|
|-heal|p2a: Rotom|92/100|[from] item: Leftovers
|-damage|p1a: Flygon|95/100 brn|[from] brn
|upkeep
|turn|2
|
|t:|1641704729
|move|p1a: Flygon|Boomburst|p2a: Rotom
|-damage|p2a: Rotom|61/100
|move|p2a: Rotom|Nasty Plot|p2a: Rotom
|-boost|p2a: Rotom|spa|2
|
|-heal|p2a: Rotom|68/100|[from] item: Leftovers
|-damage|p1a: Flygon|89/100 brn|[from] brn
|upkeep
|turn|3
|
|t:|1641704739
|move|p1a: Flygon|U-turn|p2a: Rotom
|-resisted|p2a: Rotom
|-damage|p2a: Rotom|61/100
|
|t:|1641704742
|switch|p1a: Azumarill|Azumarill, F|100/100|[from]move: U-turn
|move|p2a: Rotom|Shadow Ball|p1a: Azumarill
|-damage|p1a: Azumarill|42/100
|-unboost|p1a: Azumarill|spd|1
|-enditem|p1a: Azumarill|Sitrus Berry|[eat]
|-heal|p1a: Azumarill|67/100|[from] item: Sitrus Berry
|
|-heal|p2a: Rotom|68/100|[from] item: Leftovers
|upkeep
|turn|4
|
|t:|1641704756
|move|p1a: Azumarill|Aqua Jet|p2a: Rotom
|-supereffective|p2a: Rotom
|-damage|p2a: Rotom|8/100
|move|p2a: Rotom|Will-O-Wisp|p1a: Azumarill
|-status|p1a: Azumarill|brn
|
|-heal|p2a: Rotom|14/100|[from] item: Leftovers
|-damage|p1a: Azumarill|60/100 brn|[from] brn
|upkeep
|turn|5
|
|t:|1641704766
|move|p1a: Azumarill|Aqua Jet|p2a: Rotom
|-supereffective|p2a: Rotom
|-crit|p2a: Rotom
|-damage|p2a: Rotom|0 fnt
|faint|p2a: Rotom
|
|-damage|p1a: Azumarill|54/100 brn|[from] brn
|upkeep
|
|t:|1641704775
|switch|p2a: Tapu Koko|Tapu Koko, shiny|100/100
|-fieldstart|move: Electric Terrain|[from] ability: Electric Surge|[of] p2a: Tapu Koko
|turn|6
|
|t:|1641704796
|move|p2a: Tapu Koko|Calm Mind|p2a: Tapu Koko
|-boost|p2a: Tapu Koko|spa|1
|-boost|p2a: Tapu Koko|spd|1
|move|p1a: Azumarill|Play Rough|p2a: Tapu Koko
|-damage|p2a: Tapu Koko|68/100
|
|-heal|p2a: Tapu Koko|74/100|[from] item: Leftovers
|-damage|p1a: Azumarill|48/100 brn|[from] brn
|upkeep
|turn|7
|
|t:|1641704810
|move|p2a: Tapu Koko|Calm Mind|p2a: Tapu Koko
|-boost|p2a: Tapu Koko|spa|1
|-boost|p2a: Tapu Koko|spd|1
|move|p1a: Azumarill|Knock Off|p2a: Tapu Koko
|-resisted|p2a: Tapu Koko
|-damage|p2a: Tapu Koko|62/100
|-enditem|p2a: Tapu Koko|Leftovers|[from] move: Knock Off|[of] p1a: Azumarill
|
|-damage|p1a: Azumarill|42/100 brn|[from] brn
|upkeep
|turn|8
|
|t:|1641704824
|move|p1a: Azumarill|Aqua Jet|p2a: Tapu Koko
|-damage|p2a: Tapu Koko|45/100
|move|p2a: Tapu Koko|Dazzling Gleam|p1a: Azumarill
|-damage|p1a: Azumarill|0 fnt
|faint|p1a: Azumarill
|
|upkeep
|
|t:|1641704837
|switch|p1a: Flygon|Flygon, F|89/100 brn
|turn|9
|
|t:|1641704852
|move|p1a: Flygon|Boomburst|p2a: Tapu Koko
|-damage|p2a: Tapu Koko|29/100
|move|p2a: Tapu Koko|Dazzling Gleam|p1a: Flygon
|-supereffective|p1a: Flygon
|-damage|p1a: Flygon|0 fnt
|faint|p1a: Flygon
|
|upkeep
|
|t:|1641704869
|switch|p1a: Raichu|Raichu-Alola, F|100/100
|turn|10
|
|t:|1641704875
|move|p1a: Raichu|Calm Mind|p1a: Raichu
|-boost|p1a: Raichu|spa|1
|-boost|p1a: Raichu|spd|1
|move|p2a: Tapu Koko|Volt Switch|p1a: Raichu
|-resisted|p1a: Raichu
|-damage|p1a: Raichu|71/100
|
|t:|1641704882
|switch|p2a: Hawlucha|Hawlucha, F|100/100|[from]move: Volt Switch
|-enditem|p2a: Hawlucha|Electric Seed
|-boost|p2a: Hawlucha|def|1|[from] item: Electric Seed
|
|-heal|p1a: Raichu|77/100|[from] item: Leftovers
|-fieldend|move: Electric Terrain
|upkeep
|turn|11
|
|t:|1641704896
|move|p2a: Hawlucha|Acrobatics|p1a: Raichu
|-resisted|p1a: Raichu
|-damage|p1a: Raichu|47/100
|move|p1a: Raichu|Psychic|p2a: Hawlucha
|-supereffective|p2a: Hawlucha
|-damage|p2a: Hawlucha|0 fnt
|faint|p2a: Hawlucha
|
|-heal|p1a: Raichu|54/100|[from] item: Leftovers
|upkeep
|
|t:|1641704902
|switch|p2a: Garchomp|Garchomp, M|100/100
|turn|12
|
|t:|1641704913
|move|p2a: Garchomp|Earthquake|p1a: Raichu
|-supereffective|p1a: Raichu
|-damage|p1a: Raichu|0 fnt
|faint|p1a: Raichu
|-damage|p2a: Garchomp|91/100|[from] item: Life Orb
|
|upkeep
|inactive|Battle timer is ON: inactive players will automatically lose when time's up. (requested by Tonopokemon)
|inactive|HobbitGaming86 has 120 seconds left.
|
|t:|1641704950
|switch|p1a: Rillaboom|Rillaboom, F|100/100
|-fieldstart|move: Grassy Terrain|[from] ability: Grassy Surge|[of] p1a: Rillaboom
|turn|13
|
|t:|1641704960
|move|p2a: Garchomp|Fire Fang|p1a: Rillaboom
|-supereffective|p1a: Rillaboom
|-damage|p1a: Rillaboom|35/100
|-damage|p2a: Garchomp|81/100|[from] item: Life Orb
|move|p1a: Rillaboom|Swords Dance|p1a: Rillaboom
|-boost|p1a: Rillaboom|atk|2
|
|-heal|p2a: Garchomp|87/100|[from] Grassy Terrain
|-heal|p1a: Rillaboom|41/100|[from] Grassy Terrain
|upkeep
|turn|14
|
|t:|1641704973
|move|p1a: Rillaboom|Grassy Glide|p2a: Garchomp
|-damage|p2a: Garchomp|0 fnt
|-damage|p1a: Rillaboom|29/100|[from] ability: Rough Skin|[of] p2a: Garchomp
|faint|p2a: Garchomp
|-damage|p1a: Rillaboom|19/100|[from] item: Life Orb
|
|-heal|p1a: Rillaboom|25/100|[from] Grassy Terrain
|upkeep
|
|t:|1641704994
|switch|p2a: Kartana|Kartana, shiny|100/100
|turn|15
|
|t:|1641705003
|move|p2a: Kartana|Sacred Sword|p1a: Rillaboom
|-damage|p1a: Rillaboom|0 fnt
|faint|p1a: Rillaboom
|-ability|p2a: Kartana|Beast Boost|boost
|-boost|p2a: Kartana|atk|1
|
|upkeep
|
|t:|1641705013
|switch|p1a: Blaziken|Blaziken, F|100/100
|turn|16
|
|t:|1641705023
|move|p2a: Kartana|Leaf Blade|p1a: Blaziken
|-resisted|p1a: Blaziken
|-damage|p1a: Blaziken|18/100
|move|p1a: Blaziken|Blaze Kick|p2a: Kartana
|-supereffective|p2a: Kartana
|-enditem|p2a: Kartana|Focus Sash
|-damage|p2a: Kartana|1/100
|-damage|p1a: Blaziken|8/100|[from] item: Life Orb
|
|-heal|p2a: Kartana|7/100|[from] Grassy Terrain
|-heal|p1a: Blaziken|14/100|[from] Grassy Terrain
|-ability|p1a: Blaziken|Speed Boost|boost
|-boost|p1a: Blaziken|spe|1
|upkeep
|turn|17
|
|t:|1641705038
|move|p1a: Blaziken|Blaze Kick|p2a: Kartana
|-supereffective|p2a: Kartana
|-damage|p2a: Kartana|0 fnt
|faint|p2a: Kartana
|-damage|p1a: Blaziken|4/100|[from] item: Life Orb
|
|-heal|p1a: Blaziken|10/100|[from] Grassy Terrain
|-fieldend|move: Grassy Terrain
|-ability|p1a: Blaziken|Speed Boost|boost
|-boost|p1a: Blaziken|spe|1
|upkeep
|
|t:|1641705048
|switch|p2a: Barraskewda|Barraskewda, F|100/100
|turn|18
|
|t:|1641705056
|switch|p1a: Tapu Koko|Tapu Koko|100/100
|-fieldstart|move: Electric Terrain|[from] ability: Electric Surge|[of] p1a: Tapu Koko
|move|p2a: Barraskewda|Aqua Jet|p1a: Tapu Koko
|-damage|p1a: Tapu Koko|73/100
|
|upkeep
|turn|19
|
|t:|1641705067
|switch|p2a: Tapu Koko|Tapu Koko, shiny|29/100
|move|p1a: Tapu Koko|Thunderbolt|p2a: Tapu Koko
|-resisted|p2a: Tapu Koko
|-damage|p2a: Tapu Koko|0 fnt
|faint|p2a: Tapu Koko
|
|upkeep
|
|t:|1641705075
|switch|p2a: Barraskewda|Barraskewda, F|100/100
|turn|20
|
|t:|1641705081
|move|p1a: Tapu Koko|Thunderbolt|p2a: Barraskewda
|-supereffective|p2a: Barraskewda
|-damage|p2a: Barraskewda|0 fnt
|faint|p2a: Barraskewda
|
|win|HobbitGaming86
|raw|HobbitGaming86's rating: 1052 &rarr; <strong>1084</strong><br />(+32 for winning)
|raw|Tonopokemon's rating: 1045 &rarr; <strong>1029</strong><br />(-16 for losing)
|l|☆Tonopokemon
