|j|☆TheArnazingMirror
|j|☆SoleSurvivorVGC
|t:|1641744245
|gametype|singles
|player|p1|TheArnazingMirror|hilbert|
|player|p2|SoleSurvivorVGC|hilbert|
|teamsize|p1|6
|teamsize|p2|6
|gen|8
|tier|[Gen 8] OU
|rule|Sleep Clause Mod: Limit one foe put to sleep
|rule|Species Clause: Limit one of each Pokémon
|rule|OHKO Clause: OHKO moves are banned
|rule|Evasion Moves Clause: Evasion moves are banned
|rule|Endless Battle Clause: Forcing endless battles is banned
|rule|HP Percentage Mod: HP is shown in percentages
|rule|Dynamax Clause: You cannot dynamax
|clearpoke
|poke|p1|Tapu Lele|
|poke|p1|Victini|
|poke|p1|Landorus-Therian, M|
|poke|p1|Kartana|
|poke|p1|Melmetal|
|poke|p1|Dragapult, M|
|poke|p2|Volcarona, M|
|poke|p2|Landorus-Therian, M|
|poke|p2|Magnezone|
|poke|p2|Kartana|
|poke|p2|Weavile, M|
|poke|p2|Tapu Fini|
|teampreview
|inactive|Battle timer is ON: inactive players will automatically lose when time's up. (requested by TheArnazingMirror)
|c|☆SoleSurvivorVGC|glhf
|
|t:|1641744265
|start
|switch|p1a: Melmetal|Melmetal|100/100
|switch|p2a: Pangea|Landorus-Therian, M|100/100
|-ability|p2a: Pangea|Intimidate|boost
|-unboost|p1a: Melmetal|atk|1
|turn|1
|c|☆TheArnazingMirror|u2
|
|t:|1641744280
|move|p2a: Pangea|U-turn|p1a: Melmetal
|-resisted|p1a: Melmetal
|-damage|p1a: Melmetal|95/100
|c|☆SoleSurvivorVGC|ty
|
|t:|1641744285
|switch|p2a: Mothra|Volcarona, M, shiny|100/100|[from]move: U-turn
|move|p1a: Melmetal|Double Iron Bash|p2a: Mothra
|-resisted|p2a: Mothra
|-crit|p2a: Mothra
|-damage|p2a: Mothra|72/100
|-status|p1a: Melmetal|brn|[from] ability: Flame Body|[of] p2a: Mothra
|-resisted|p2a: Mothra
|-damage|p2a: Mothra|66/100
|-hitcount|p2a: Mothra|2
|
|-damage|p1a: Melmetal|89/100 brn|[from] brn
|upkeep
|turn|2
|
|t:|1641744299
|switch|p1a: Landorus|Landorus-Therian, M|100/100
|-ability|p1a: Landorus|Intimidate|boost
|-unboost|p2a: Mothra|atk|1
|move|p2a: Mothra|Quiver Dance|p2a: Mothra
|-boost|p2a: Mothra|spa|1
|-boost|p2a: Mothra|spd|1
|-boost|p2a: Mothra|spe|1
|
|upkeep
|turn|3
|
|t:|1641744307
|switch|p2a: Pangea|Landorus-Therian, M|100/100
|-ability|p2a: Pangea|Intimidate|boost
|-unboost|p1a: Landorus|atk|1
|move|p1a: Landorus|Smack Down|p2a: Pangea
|-damage|p2a: Pangea|91/100
|-start|p2a: Pangea|Smack Down
|
|upkeep
|turn|4
|
|t:|1641744313
|move|p2a: Pangea|Stealth Rock|p1a: Landorus
|-sidestart|p1: TheArnazingMirror|move: Stealth Rock
|move|p1a: Landorus|U-turn|p2a: Pangea
|-resisted|p2a: Pangea
|-damage|p2a: Pangea|84/100
|-damage|p1a: Landorus|84/100|[from] item: Rocky Helmet|[of] p2a: Pangea
|
|t:|1641744320
|switch|p1a: Tapu Lele|Tapu Lele|100/100|[from]move: U-turn
|-damage|p1a: Tapu Lele|88/100|[from] Stealth Rock
|-fieldstart|move: Psychic Terrain|[from] ability: Psychic Surge|[of] p1a: Tapu Lele
|
|upkeep
|turn|5
|
|t:|1641744332
|switch|p2a: Subzero|Weavile, M|100/100
|-ability|p2a: Subzero|Pressure
|move|p1a: Tapu Lele|Psyshock|p2a: Subzero
|-immune|p2a: Subzero
|
|upkeep
|turn|6
|
|t:|1641744343
|switch|p1a: Melmetal|Melmetal|89/100 brn
|-damage|p1a: Melmetal|83/100 brn|[from] Stealth Rock
|move|p2a: Subzero|Knock Off|p1a: Melmetal
|-damage|p1a: Melmetal|56/100 brn
|-enditem|p1a: Melmetal|Assault Vest|[from] move: Knock Off|[of] p2a: Subzero
|
|-damage|p1a: Melmetal|50/100 brn|[from] brn
|upkeep
|turn|7
|
|t:|1641744351
|switch|p2a: Mothra|Volcarona, M, shiny|66/100
|move|p1a: Melmetal|Superpower|p2a: Mothra
|-resisted|p2a: Mothra
|-damage|p2a: Mothra|55/100
|-unboost|p1a: Melmetal|atk|1
|-unboost|p1a: Melmetal|def|1
|
|-damage|p1a: Melmetal|44/100 brn|[from] brn
|upkeep
|turn|8
|
|t:|1641744356
|switch|p1a: Landorus|Landorus-Therian, M|84/100
|-damage|p1a: Landorus|72/100|[from] Stealth Rock
|-ability|p1a: Landorus|Intimidate|boost
|-unboost|p2a: Mothra|atk|1
|move|p2a: Mothra|Roost|p2a: Mothra
|-heal|p2a: Mothra|100/100
|-singleturn|p2a: Mothra|move: Roost
|
|-fieldend|move: Psychic Terrain
|upkeep
|turn|9
|
|t:|1641744365
|switch|p2a: Pangea|Landorus-Therian, M|84/100
|-ability|p2a: Pangea|Intimidate|boost
|-unboost|p1a: Landorus|atk|1
|move|p1a: Landorus|Smack Down|p2a: Pangea
|-crit|p2a: Pangea
|-damage|p2a: Pangea|62/100
|-start|p2a: Pangea|Smack Down
|
|upkeep
|turn|10
|
|t:|1641744368
|move|p2a: Pangea|Toxic|p1a: Landorus
|-status|p1a: Landorus|tox
|move|p1a: Landorus|Stealth Rock|p2a: Pangea
|-sidestart|p2: SoleSurvivorVGC|move: Stealth Rock
|
|-damage|p1a: Landorus|66/100 tox|[from] psn
|upkeep
|turn|11
|
|t:|1641744393
|move|p2a: Pangea|U-turn|p1a: Landorus
|-resisted|p1a: Landorus
|-damage|p1a: Landorus|55/100 tox
|
|t:|1641744402
|switch|p2a: Mothra|Volcarona, M, shiny|100/100|[from]move: U-turn
|move|p1a: Landorus|U-turn|p2a: Mothra
|-resisted|p2a: Mothra
|-damage|p2a: Mothra|92/100
|
|t:|1641744428
|switch|p1a: Victini|Victini|100/100|[from]move: U-turn
|
|upkeep
|turn|12
|
|t:|1641744433
|move|p1a: Victini|Scorching Sands|p2a: Mothra
|-damage|p2a: Mothra|74/100
|move|p2a: Mothra|Roost|p2a: Mothra
|-heal|p2a: Mothra|100/100
|-singleturn|p2a: Mothra|move: Roost
|
|upkeep
|turn|13
|
|t:|1641744445
|move|p1a: Victini|V-create|p2a: Mothra
|-damage|p2a: Mothra|40/100
|-unboost|p1a: Victini|spe|1
|-unboost|p1a: Victini|def|1
|-unboost|p1a: Victini|spd|1
|move|p2a: Mothra|Quiver Dance|p2a: Mothra
|-boost|p2a: Mothra|spa|1
|-boost|p2a: Mothra|spd|1
|-boost|p2a: Mothra|spe|1
|
|upkeep
|turn|14
|
|t:|1641744450
|move|p2a: Mothra|Roost|p2a: Mothra
|-heal|p2a: Mothra|90/100
|-singleturn|p2a: Mothra|move: Roost
|move|p1a: Victini|V-create|p2a: Mothra
|-damage|p2a: Mothra|33/100
|-unboost|p1a: Victini|spe|1
|-unboost|p1a: Victini|def|1
|-unboost|p1a: Victini|spd|1
|
|upkeep
|turn|15
|
|t:|1641744457
|move|p2a: Mothra|Roost|p2a: Mothra
|-heal|p2a: Mothra|83/100
|-singleturn|p2a: Mothra|move: Roost
|move|p1a: Victini|V-create|p2a: Mothra
|-damage|p2a: Mothra|21/100
|-unboost|p1a: Victini|spe|1
|-unboost|p1a: Victini|def|1
|-unboost|p1a: Victini|spd|1
|
|upkeep
|turn|16
|
|t:|1641744465
|move|p2a: Mothra|Flamethrower|p1a: Victini
|-resisted|p1a: Victini
|-damage|p1a: Victini|22/100
|move|p1a: Victini|V-create|p2a: Mothra
|-damage|p2a: Mothra|0 fnt
|-unboost|p1a: Victini|spe|1
|-unboost|p1a: Victini|def|1
|-unboost|p1a: Victini|spd|1
|faint|p2a: Mothra
|
|upkeep
|
|t:|1641744477
|switch|p2a: Papercut|Kartana, shiny|100/100
|-damage|p2a: Papercut|94/100|[from] Stealth Rock
|turn|17
|l|☆TheArnazingMirror
|inactive|TheArnazingMirror disconnected and has 300 seconds to reconnect!
|player|p1|
|inactive|TheArnazingMirror has 270 seconds to reconnect!
|j|☆TheArnazingMirror
|inactive|TheArnazingMirror reconnected and has 290 seconds left.
|player|p1|TheArnazingMirror|hilbert
|
|t:|1641744525
|move|p2a: Papercut|Knock Off|p1a: Victini
|-supereffective|p1a: Victini
|-damage|p1a: Victini|0 fnt
|-enditem|p1a: Victini|Heavy-Duty Boots|[from] move: Knock Off|[of] p2a: Papercut
|faint|p1a: Victini
|-ability|p2a: Papercut|Beast Boost|boost
|-boost|p2a: Papercut|spe|1
|-damage|p2a: Papercut|84/100|[from] item: Life Orb
|
|upkeep
|
|t:|1641744534
|switch|p1a: Dragapult|Dragapult, M|100/100
|-damage|p1a: Dragapult|88/100|[from] Stealth Rock
|turn|18
|
|t:|1641744541
|move|p2a: Papercut|Knock Off|p1a: Dragapult
|-supereffective|p1a: Dragapult
|-damage|p1a: Dragapult|0 fnt
|-enditem|p1a: Dragapult|Choice Specs|[from] move: Knock Off|[of] p2a: Papercut
|faint|p1a: Dragapult
|-ability|p2a: Papercut|Beast Boost|boost
|-boost|p2a: Papercut|spe|1
|-damage|p2a: Papercut|74/100|[from] item: Life Orb
|
|upkeep
|
|t:|1641744547
|switch|p1a: Kartana|Kartana|100/100
|-damage|p1a: Kartana|94/100|[from] Stealth Rock
|turn|19
|
|t:|1641744556
|switch|p2a: Pangea|Landorus-Therian, M|62/100
|-damage|p2a: Pangea|49/100|[from] Stealth Rock
|-ability|p2a: Pangea|Intimidate|boost
|-unboost|p1a: Kartana|atk|1
|move|p1a: Kartana|Sacred Sword|p2a: Pangea
|-resisted|p2a: Pangea
|-damage|p2a: Pangea|40/100
|-damage|p1a: Kartana|78/100|[from] item: Rocky Helmet|[of] p2a: Pangea
|
|upkeep
|turn|20
|
|t:|1641744567
|switch|p1a: Tapu Lele|Tapu Lele|88/100
|-damage|p1a: Tapu Lele|76/100|[from] Stealth Rock
|-fieldstart|move: Psychic Terrain|[from] ability: Psychic Surge|[of] p1a: Tapu Lele
|move|p2a: Pangea|U-turn|p1a: Tapu Lele
|-damage|p1a: Tapu Lele|39/100
|
|t:|1641744586
|switch|p2a: Not Choice Scarf|Magnezone|100/100|[from]move: U-turn
|-damage|p2a: Not Choice Scarf|94/100|[from] Stealth Rock
|
|upkeep
|turn|21
|
|t:|1641744592
|move|p1a: Tapu Lele|Focus Blast|p2a: Not Choice Scarf
|-supereffective|p2a: Not Choice Scarf
|-damage|p2a: Not Choice Scarf|1/100
|move|p2a: Not Choice Scarf|Flash Cannon|p1a: Tapu Lele
|-supereffective|p1a: Tapu Lele
|-damage|p1a: Tapu Lele|0 fnt
|faint|p1a: Tapu Lele
|
|upkeep
|
|t:|1641744596
|switch|p1a: Melmetal|Melmetal|44/100 brn
|-damage|p1a: Melmetal|38/100 brn|[from] Stealth Rock
|turn|22
|
|t:|1641744600
|move|p2a: Not Choice Scarf|Volt Switch|p1a: Melmetal
|-damage|p1a: Melmetal|0 fnt
|faint|p1a: Melmetal
|
|t:|1641744618
|switch|p2a: Subzero|Weavile, M|100/100|[from]move: Volt Switch
|-ability|p2a: Subzero|Pressure
|
|upkeep
|
|t:|1641744630
|switch|p1a: Landorus|Landorus-Therian, M|55/100 tox
|-damage|p1a: Landorus|42/100 tox|[from] Stealth Rock
|-ability|p1a: Landorus|Intimidate|boost
|-unboost|p2a: Subzero|atk|1
|turn|23
|
|t:|1641744636
|move|p2a: Subzero|Ice Shard|p1a: Landorus
|-hint|Psychic Terrain doesn't affect Pokémon immune to Ground.
|-supereffective|p1a: Landorus
|-damage|p1a: Landorus|0 fnt
|faint|p1a: Landorus
|
|upkeep
|
|t:|1641744639
|switch|p1a: Kartana|Kartana|78/100
|-damage|p1a: Kartana|72/100|[from] Stealth Rock
|turn|24
|
|t:|1641744649
|move|p1a: Kartana|Smart Strike|p2a: Subzero
|-supereffective|p2a: Subzero
|-damage|p2a: Subzero|0 fnt
|faint|p2a: Subzero
|-ability|p1a: Kartana|Beast Boost|boost
|-boost|p1a: Kartana|atk|1
|
|-fieldend|move: Psychic Terrain
|upkeep
|
|t:|1641744654
|switch|p2a: Pangea|Landorus-Therian, M|40/100
|-damage|p2a: Pangea|28/100|[from] Stealth Rock
|-ability|p2a: Pangea|Intimidate|boost
|-unboost|p1a: Kartana|atk|1
|turn|25
|
|t:|1641744663
|move|p1a: Kartana|Smart Strike|p2a: Pangea
|-damage|p2a: Pangea|0 fnt
|-damage|p1a: Kartana|55/100|[from] item: Rocky Helmet|[of] p2a: Pangea
|faint|p2a: Pangea
|-ability|p1a: Kartana|Beast Boost|boost
|-boost|p1a: Kartana|atk|1
|
|upkeep
|
|t:|1641744667
|switch|p2a: Papercut|Kartana, shiny|74/100
|-damage|p2a: Papercut|68/100|[from] Stealth Rock
|turn|26
|
|t:|1641744670
|move|p1a: Kartana|Smart Strike|p2a: Papercut
|-resisted|p2a: Papercut
|-damage|p2a: Papercut|37/100
|move|p2a: Papercut|Knock Off|p1a: Kartana
|-damage|p1a: Kartana|13/100
|-enditem|p1a: Kartana|Choice Scarf|[from] move: Knock Off|[of] p2a: Papercut
|-damage|p2a: Papercut|27/100|[from] item: Life Orb
|
|upkeep
|turn|27
|
|t:|1641744678
|move|p2a: Papercut|Synthesis|p2a: Papercut
|-heal|p2a: Papercut|77/100
|move|p1a: Kartana|Sacred Sword|p2a: Papercut
|-supereffective|p2a: Papercut
|-damage|p2a: Papercut|0 fnt
|faint|p2a: Papercut
|-ability|p1a: Kartana|Beast Boost|boost
|-boost|p1a: Kartana|atk|1
|
|upkeep
|
|t:|1641744691
|switch|p2a: Ariel|Tapu Fini, shiny|100/100
|-damage|p2a: Ariel|88/100|[from] Stealth Rock
|-fieldstart|move: Misty Terrain|[from] ability: Misty Surge|[of] p2a: Ariel
|turn|28
|
|t:|1641744695
|move|p1a: Kartana|Smart Strike|p2a: Ariel
|-damage|p2a: Ariel|1/100
|move|p2a: Ariel|Scald|p1a: Kartana
|-resisted|p1a: Kartana
|-damage|p1a: Kartana|0 fnt
|faint|p1a: Kartana
|
|win|SoleSurvivorVGC
|l|☆TheArnazingMirror
