|j|☆OUTH MO
|j|☆yaboiAshK.
|t:|1641826877
|gametype|singles
|player|p1|OUTH MO|crasherwake|1687
|player|p2|yaboiAshK.|ash|1584
|teamsize|p1|6
|teamsize|p2|6
|gen|8
|tier|[Gen 8] OU
|rated|
|rule|Sleep Clause Mod: Limit one foe put to sleep
|rule|Species Clause: Limit one of each Pokémon
|rule|OHKO Clause: OHKO moves are banned
|rule|Evasion Moves Clause: Evasion moves are banned
|rule|Endless Battle Clause: Forcing endless battles is banned
|rule|HP Percentage Mod: HP is shown in percentages
|rule|Dynamax Clause: You cannot dynamax
|clearpoke
|poke|p1|Melmetal|
|poke|p1|Pelipper, M|
|poke|p1|Volcanion|
|poke|p1|Barraskewda, M|
|poke|p1|Zapdos|
|poke|p1|Seismitoad, M|
|poke|p2|Pikachu, M|
|poke|p2|Dragonite, F|
|poke|p2|Melmetal|
|poke|p2|Gengar, M|
|poke|p2|Krookodile, M|
|poke|p2|Incineroar, M|
|teampreview
|inactive|Battle timer is ON: inactive players will automatically lose when time's up. (requested by yaboiAshK.)
|
|t:|1641826903
|start
|switch|p1a: Messenger|Pelipper, M, shiny|100/100
|switch|p2a: Krookodile|Krookodile, M|100/100
|-ability|p2a: Krookodile|Intimidate|boost
|-unboost|p1a: Messenger|atk|1
|-weather|RainDance|[from] ability: Drizzle|[of] p1a: Messenger
|turn|1
|
|t:|1641826907
|move|p2a: Krookodile|Stealth Rock|p1a: Messenger
|-sidestart|p1: OUTH MO|move: Stealth Rock
|move|p1a: Messenger|Scald|p2a: Krookodile
|-supereffective|p2a: Krookodile
|-crit|p2a: Krookodile
|-damage|p2a: Krookodile|0 fnt
|faint|p2a: Krookodile
|
|-weather|RainDance|[upkeep]
|upkeep
|
|t:|1641826910
|switch|p2a: Pikachu|Pikachu, M|100/100
|turn|2
|
|t:|1641826917
|switch|p1a: Globox|Seismitoad, M, shiny|100/100
|-damage|p1a: Globox|95/100|[from] Stealth Rock
|move|p2a: Pikachu|Grass Knot|p1a: Globox
|-supereffective|p1a: Globox
|-damage|p1a: Globox|0 fnt
|faint|p1a: Globox
|
|-weather|RainDance|[upkeep]
|upkeep
|
|t:|1641826931
|switch|p1a: Predator|Barraskewda, M, shiny|100/100
|-damage|p1a: Predator|88/100|[from] Stealth Rock
|turn|3
|
|t:|1641826934
|switch|p2a: Dragonite|Dragonite, F|100/100
|move|p1a: Predator|Flip Turn|p2a: Dragonite
|-resisted|p2a: Dragonite
|-damage|p2a: Dragonite|88/100
|
|t:|1641826936
|switch|p1a: Fate|Melmetal, shiny|100/100|[from]move: Flip Turn
|-damage|p1a: Fate|94/100|[from] Stealth Rock
|
|-weather|RainDance|[upkeep]
|upkeep
|turn|4
|
|t:|1641826940
|switch|p2a: Melmetal|Melmetal|100/100
|move|p1a: Fate|Ice Punch|p2a: Melmetal
|-resisted|p2a: Melmetal
|-damage|p2a: Melmetal|90/100
|
|-weather|RainDance|[upkeep]
|upkeep
|turn|5
|
|t:|1641826942
|move|p2a: Melmetal|Thunder Wave|p1a: Fate
|-status|p1a: Fate|par
|move|p1a: Fate|Earthquake|p2a: Melmetal
|-supereffective|p2a: Melmetal
|-damage|p2a: Melmetal|42/100
|
|-weather|RainDance|[upkeep]
|upkeep
|turn|6
|
|t:|1641826946
|move|p2a: Melmetal|Superpower|p1a: Fate
|-supereffective|p1a: Fate
|-damage|p1a: Fate|39/100 par
|-unboost|p2a: Melmetal|atk|1
|-unboost|p2a: Melmetal|def|1
|move|p1a: Fate|Earthquake|p2a: Melmetal
|-supereffective|p2a: Melmetal
|-damage|p2a: Melmetal|0 fnt
|faint|p2a: Melmetal
|
|-weather|RainDance|[upkeep]
|upkeep
|
|t:|1641826953
|switch|p2a: Pikachu|Pikachu, M|100/100
|turn|7
|
|t:|1641826960
|move|p2a: Pikachu|Volt Switch|p1a: Fate
|-damage|p1a: Fate|11/100 par
|
|t:|1641826964
|switch|p2a: Incineroar|Incineroar, M|100/100|[from]move: Volt Switch
|-ability|p2a: Incineroar|Intimidate|boost
|-unboost|p1a: Fate|atk|1
|move|p1a: Fate|Earthquake|p2a: Incineroar
|-supereffective|p2a: Incineroar
|-damage|p2a: Incineroar|47/100
|
|-weather|RainDance|[upkeep]
|upkeep
|turn|8
|
|t:|1641826972
|move|p2a: Incineroar|Knock Off|p1a: Fate
|-damage|p1a: Fate|0 fnt
|-enditem|p1a: Fate|Assault Vest|[from] move: Knock Off|[of] p2a: Incineroar
|faint|p1a: Fate
|
|-weather|none
|upkeep
|
|t:|1641826975
|switch|p1a: Messenger|Pelipper, M, shiny|100/100
|-damage|p1a: Messenger|76/100|[from] Stealth Rock
|-weather|RainDance|[from] ability: Drizzle|[of] p1a: Messenger
|turn|9
|
|t:|1641826978
|move|p1a: Messenger|U-turn|p2a: Incineroar
|-damage|p2a: Incineroar|39/100
|
|t:|1641826982
|switch|p1a: Zapdos|Zapdos|100/100|[from]move: U-turn
|move|p2a: Incineroar|Knock Off|p1a: Zapdos
|-damage|p1a: Zapdos|56/100
|-enditem|p1a: Zapdos|Heavy-Duty Boots|[from] move: Knock Off|[of] p2a: Incineroar
|
|-weather|RainDance|[upkeep]
|upkeep
|turn|10
|
|t:|1641826989
|move|p1a: Zapdos|Roost|p1a: Zapdos
|-heal|p1a: Zapdos|100/100
|-singleturn|p1a: Zapdos|move: Roost
|move|p2a: Incineroar|Parting Shot|p1a: Zapdos
|-unboost|p1a: Zapdos|atk|1
|-unboost|p1a: Zapdos|spa|1
|
|t:|1641826992
|switch|p2a: Dragonite|Dragonite, F|88/100|[from]move: Parting Shot
|
|-weather|RainDance|[upkeep]
|upkeep
|turn|11
|
|t:|1641826994
|move|p1a: Zapdos|Thunder|p2a: Dragonite
|-damage|p2a: Dragonite|55/100
|move|p2a: Dragonite|Roost|p2a: Dragonite
|-heal|p2a: Dragonite|100/100
|-singleturn|p2a: Dragonite|move: Roost
|
|-weather|RainDance|[upkeep]
|upkeep
|turn|12
|
|t:|1641827000
|move|p1a: Zapdos|Thunder|p2a: Dragonite
|-damage|p2a: Dragonite|85/100
|move|p2a: Dragonite|Ice Beam|p1a: Zapdos
|-supereffective|p1a: Zapdos
|-damage|p1a: Zapdos|54/100
|
|-weather|RainDance|[upkeep]
|upkeep
|turn|13
|
|t:|1641827004
|switch|p2a: Pikachu|Pikachu, M|100/100
|move|p1a: Zapdos|Thunder|p2a: Pikachu
|-ability|p2a: Pikachu|Lightning Rod|boost
|-boost|p2a: Pikachu|spa|1
|
|-weather|RainDance|[upkeep]
|upkeep
|turn|14
|
|t:|1641827016
|switch|p1a: King VIG|Volcanion|100/100
|-damage|p1a: King VIG|76/100|[from] Stealth Rock
|move|p2a: Pikachu|Volt Switch|p1a: King VIG
|-supereffective|p1a: King VIG
|-damage|p1a: King VIG|0 fnt
|faint|p1a: King VIG
|
|t:|1641827025
|switch|p2a: Dragonite|Dragonite, F|85/100|[from]move: Volt Switch
|
|-weather|RainDance|[upkeep]
|upkeep
|
|t:|1641827026
|switch|p1a: Zapdos|Zapdos|54/100
|-damage|p1a: Zapdos|29/100|[from] Stealth Rock
|turn|15
|
|t:|1641827030
|move|p1a: Zapdos|Roost|p1a: Zapdos
|-heal|p1a: Zapdos|79/100
|-singleturn|p1a: Zapdos|move: Roost
|move|p2a: Dragonite|Ice Beam|p1a: Zapdos
|-damage|p1a: Zapdos|57/100
|
|-weather|RainDance|[upkeep]
|upkeep
|turn|16
|
|t:|1641827035
|move|p1a: Zapdos|Thunder|p2a: Dragonite
|-damage|p2a: Dragonite|34/100
|-status|p2a: Dragonite|par
|move|p2a: Dragonite|Earthquake|p1a: Zapdos
|-immune|p1a: Zapdos
|
|-weather|none
|upkeep
|turn|17
|
|t:|1641827042
|move|p1a: Zapdos|Hurricane|p2a: Dragonite
|-damage|p2a: Dragonite|0 fnt
|faint|p2a: Dragonite
|
|upkeep
|
|t:|1641827050
|switch|p2a: Pikachu|Pikachu, M|100/100
|turn|18
|
|t:|1641827056
|switch|p1a: Messenger|Pelipper, M, shiny|76/100
|-damage|p1a: Messenger|51/100|[from] Stealth Rock
|-weather|RainDance|[from] ability: Drizzle|[of] p1a: Messenger
|move|p2a: Pikachu|Thunderbolt|p1a: Messenger
|-supereffective|p1a: Messenger
|-damage|p1a: Messenger|0 fnt
|faint|p1a: Messenger
|
|-weather|RainDance|[upkeep]
|upkeep
|
|t:|1641827058
|switch|p1a: Predator|Barraskewda, M, shiny|88/100
|-damage|p1a: Predator|75/100|[from] Stealth Rock
|turn|19
|
|t:|1641827062
|switch|p2a: Incineroar|Incineroar, M|39/100
|-ability|p2a: Incineroar|Intimidate|boost
|-unboost|p1a: Predator|atk|1
|move|p1a: Predator|Liquidation|p2a: Incineroar
|-supereffective|p2a: Incineroar
|-damage|p2a: Incineroar|0 fnt
|faint|p2a: Incineroar
|
|-weather|RainDance|[upkeep]
|upkeep
|
|t:|1641827065
|switch|p2a: Gengar|Gengar, M|100/100
|turn|20
|c|☆OUTH MO|Gg kid
|
|t:|1641827070
|move|p1a: Predator|Liquidation|p2a: Gengar
|-enditem|p2a: Gengar|Focus Sash
|-damage|p2a: Gengar|1/100
|move|p2a: Gengar|Sludge Wave|p1a: Predator
|-damage|p1a: Predator|0 fnt
|faint|p1a: Predator
|
|-weather|RainDance|[upkeep]
|upkeep
|
|t:|1641827072
|switch|p1a: Zapdos|Zapdos|57/100
|-damage|p1a: Zapdos|32/100|[from] Stealth Rock
|turn|21
|
|t:|1641827074
|move|p2a: Gengar|Sludge Wave|p1a: Zapdos
|-damage|p1a: Zapdos|0 fnt
|faint|p1a: Zapdos
|
|win|yaboiAshK.
|raw|OUTH MO's rating: 1687 &rarr; <strong>1661</strong><br />(-26 for losing)
|raw|yaboiAshK.'s rating: 1584 &rarr; <strong>1610</strong><br />(+26 for winning)
|c|☆yaboiAshK.|gg
||Ladder isn't responding, score probably updated but might not have (Request timeout).
