|j|☆ICrossI
|j|☆Lamegazelle
|t:|1641841614
|gametype|singles
|player|p1|ICrossI|266|1312
|player|p2|Lamegazelle|170|1302
|teamsize|p1|6
|teamsize|p2|6
|gen|8
|tier|[Gen 8] OU
|rated|
|rule|Sleep Clause Mod: Limit one foe put to sleep
|rule|Species Clause: Limit one of each Pokémon
|rule|OHKO Clause: OHKO moves are banned
|rule|Evasion Moves Clause: Evasion moves are banned
|rule|Endless Battle Clause: Forcing endless battles is banned
|rule|HP Percentage Mod: HP is shown in percentages
|rule|Dynamax Clause: You cannot dynamax
|clearpoke
|poke|p1|Heatran, F|
|poke|p1|Chansey, F|
|poke|p1|Vaporeon, F|
|poke|p1|Terrakion|
|poke|p1|Latios, M|
|poke|p1|Reuniclus, M|
|poke|p2|Landorus-Therian, M|
|poke|p2|Kartana|
|poke|p2|Melmetal|
|poke|p2|Dragapult, M|
|poke|p2|Tapu Fini|
|poke|p2|Toxapex, F|
|teampreview
|inactive|Battle timer is ON: inactive players will automatically lose when time's up. (requested by Lamegazelle)
|
|t:|1641841630
|start
|switch|p1a: Heatran|Heatran, F|100/100
|switch|p2a: Toxapex|Toxapex, F|100/100
|-item|p1a: Heatran|Air Balloon
|turn|1
|
|t:|1641841654
|switch|p1a: Latios|Latios, M|100/100
|switch|p2a: Tapu Fini|Tapu Fini|100/100
|-fieldstart|move: Misty Terrain|[from] ability: Misty Surge|[of] p2a: Tapu Fini
|
|upkeep
|turn|2
|inactive|ICrossI has 120 seconds left.
|
|t:|1641841680
|switch|p1a: Chansey|Chansey, F|100/100
|move|p2a: Tapu Fini|Calm Mind|p2a: Tapu Fini
|-boost|p2a: Tapu Fini|spa|1
|-boost|p2a: Tapu Fini|spd|1
|
|upkeep
|turn|3
|inactive|ICrossI has 120 seconds left.
|
|t:|1641841689
|move|p2a: Tapu Fini|Calm Mind|p2a: Tapu Fini
|-boost|p2a: Tapu Fini|spa|1
|-boost|p2a: Tapu Fini|spd|1
|move|p1a: Chansey|Seismic Toss|p2a: Tapu Fini
|-damage|p2a: Tapu Fini|65/100
|
|-heal|p2a: Tapu Fini|71/100|[from] item: Leftovers
|upkeep
|turn|4
|
|t:|1641841698
|move|p2a: Tapu Fini|Calm Mind|p2a: Tapu Fini
|-boost|p2a: Tapu Fini|spa|1
|-boost|p2a: Tapu Fini|spd|1
|move|p1a: Chansey|Seismic Toss|p2a: Tapu Fini
|-damage|p2a: Tapu Fini|35/100
|
|-heal|p2a: Tapu Fini|41/100|[from] item: Leftovers
|upkeep
|turn|5
|
|t:|1641841707
|move|p2a: Tapu Fini|Draining Kiss|p1a: Chansey
|-damage|p1a: Chansey|87/100
|-heal|p2a: Tapu Fini|64/100|[from] drain|[of] p1a: Chansey
|move|p1a: Chansey|Seismic Toss|p2a: Tapu Fini
|-damage|p2a: Tapu Fini|29/100
|
|-heal|p2a: Tapu Fini|35/100|[from] item: Leftovers
|-fieldend|Misty Terrain
|upkeep
|turn|6
|
|t:|1641841719
|move|p2a: Tapu Fini|Taunt|p1a: Chansey
|-start|p1a: Chansey|move: Taunt
|move|p1a: Chansey|Seismic Toss|p2a: Tapu Fini
|-damage|p2a: Tapu Fini|0 fnt
|faint|p2a: Tapu Fini
|
|upkeep
|
|t:|1641841729
|switch|p2a: Dragapult|Dragapult, M|100/100
|turn|7
|inactive|ICrossI has 120 seconds left.
|
|t:|1641841773
|switch|p1a: Reuniclus|Reuniclus, M|100/100
|move|p2a: Dragapult|Dragon Dance|p2a: Dragapult
|-boost|p2a: Dragapult|atk|1
|-boost|p2a: Dragapult|spe|1
|
|upkeep
|turn|8
|
|t:|1641841790
|move|p2a: Dragapult|Shadow Ball|p1a: Reuniclus
|-supereffective|p1a: Reuniclus
|-damage|p1a: Reuniclus|34/100
|-damage|p2a: Dragapult|91/100|[from] item: Life Orb
|move|p1a: Reuniclus|Reflect|p1a: Reuniclus
|-sidestart|p1: ICrossI|Reflect
|
|upkeep
|turn|9
|
|t:|1641841807
|switch|p1a: Vaporeon|Vaporeon, F|100/100
|move|p2a: Dragapult|Shadow Ball|p1a: Vaporeon
|-damage|p1a: Vaporeon|63/100
|-damage|p2a: Dragapult|81/100|[from] item: Life Orb
|
|-heal|p1a: Vaporeon|69/100|[from] item: Leftovers
|upkeep
|turn|10
|
|t:|1641841820
|move|p2a: Dragapult|Dragon Darts|p1a: Vaporeon
|-damage|p1a: Vaporeon|35/100
|-anim|p2a: Dragapult|Dragon Darts|p1a: Vaporeon
|-damage|p1a: Vaporeon|1/100
|-damage|p2a: Dragapult|71/100|[from] item: Life Orb
|move|p1a: Vaporeon|Roar|p2a: Dragapult
|drag|p2a: Landorus|Landorus-Therian, M|100/100
|-ability|p2a: Landorus|Intimidate|boost
|-unboost|p1a: Vaporeon|atk|1
|
|-heal|p1a: Vaporeon|7/100|[from] item: Leftovers
|upkeep
|turn|11
|
|t:|1641841834
|move|p1a: Vaporeon|Protect|p1a: Vaporeon
|-singleturn|p1a: Vaporeon|Protect
|move|p2a: Landorus|U-turn|p1a: Vaporeon
|-activate|p1a: Vaporeon|move: Protect
|
|-heal|p1a: Vaporeon|13/100|[from] item: Leftovers
|upkeep
|turn|12
|inactive|ICrossI has 90 seconds left.
|
|t:|1641841869
|switch|p1a: Chansey|Chansey, F|87/100
|move|p2a: Landorus|Earthquake|p1a: Chansey
|-damage|p1a: Chansey|68/100
|
|upkeep
|turn|13
|
|t:|1641841882
|switch|p2a: Toxapex|Toxapex, F|100/100
|move|p1a: Chansey|Seismic Toss|p2a: Toxapex
|-damage|p2a: Toxapex|68/100
|
|-heal|p2a: Toxapex|74/100|[from] item: Black Sludge
|upkeep
|turn|14
|
|t:|1641841890
|move|p1a: Chansey|Wish|p1a: Chansey
|move|p2a: Toxapex|Knock Off|p1a: Chansey
|-damage|p1a: Chansey|62/100
|-enditem|p1a: Chansey|Eviolite|[from] move: Knock Off|[of] p2a: Toxapex
|
|-heal|p2a: Toxapex|80/100|[from] item: Black Sludge
|upkeep
|turn|15
|inactive|ICrossI has 90 seconds left.
|
|t:|1641841902
|switch|p2a: Melmetal|Melmetal|100/100
|move|p1a: Chansey|Seismic Toss|p2a: Melmetal
|-damage|p2a: Melmetal|79/100
|
|-heal|p1a: Chansey|100/100|[from] move: Wish|[wisher] Chansey
|-sideend|p1: ICrossI|Reflect
|upkeep
|turn|16
|inactive|ICrossI has 90 seconds left.
|
|t:|1641841912
|move|p1a: Chansey|Wish|p1a: Chansey
|move|p2a: Melmetal|Earthquake|p1a: Chansey
|-damage|p1a: Chansey|55/100
|
|upkeep
|turn|17
|inactive|ICrossI has 90 seconds left.
|
|t:|1641841929
|move|p1a: Chansey|Seismic Toss|p2a: Melmetal
|-damage|p2a: Melmetal|58/100
|move|p2a: Melmetal|Thunder Punch|p1a: Chansey
|-damage|p1a: Chansey|13/100
|
|-heal|p1a: Chansey|63/100|[from] move: Wish|[wisher] Chansey
|upkeep
|turn|18
|inactive|ICrossI has 90 seconds left.
|
|t:|1641841938
|move|p1a: Chansey|Wish|p1a: Chansey
|move|p2a: Melmetal|Double Iron Bash|p1a: Chansey
|-damage|p1a: Chansey|11/100
|-damage|p1a: Chansey|0 fnt
|faint|p1a: Chansey
|-hitcount|p1: Chansey|2
|
|upkeep
|inactive|ICrossI has 90 seconds left.
|
|t:|1641841944
|switch|p1a: Vaporeon|Vaporeon, F|13/100
|turn|19
|
|t:|1641841950
|move|p1a: Vaporeon|Protect|p1a: Vaporeon
|-singleturn|p1a: Vaporeon|Protect
|move|p2a: Melmetal|Thunder Punch|p1a: Vaporeon
|-activate|p1a: Vaporeon|move: Protect
|
|-heal|p1a: Vaporeon|83/100|[from] move: Wish|[wisher] Chansey
|-heal|p1a: Vaporeon|89/100|[from] item: Leftovers
|upkeep
|turn|20
|
|t:|1641841969
|switch|p1a: Reuniclus|Reuniclus, M|68/100
|switch|p2a: Toxapex|Toxapex, F|100/100
|
|upkeep
|turn|21
|
|t:|1641841976
|move|p1a: Reuniclus|Reflect|p1a: Reuniclus
|-sidestart|p1: ICrossI|Reflect
|move|p2a: Toxapex|Knock Off|p1a: Reuniclus
|-supereffective|p1a: Reuniclus
|-damage|p1a: Reuniclus|50/100
|-enditem|p1a: Reuniclus|Light Clay|[from] move: Knock Off|[of] p2a: Toxapex
|
|upkeep
|turn|22
|
|t:|1641841983
|switch|p2a: Kartana|Kartana|100/100
|move|p1a: Reuniclus|Psyshock|p2a: Kartana
|-resisted|p2a: Kartana
|-damage|p2a: Kartana|81/100
|
|upkeep
|turn|23
|
|t:|1641842010
|switch|p2a: Landorus|Landorus-Therian, M|100/100
|-ability|p2a: Landorus|Intimidate|boost
|-unboost|p1a: Reuniclus|atk|1
|move|p1a: Reuniclus|Recover|p1a: Reuniclus
|-heal|p1a: Reuniclus|99/100
|
|upkeep
|turn|24
|inactive|ICrossI has 90 seconds left.
|l|☆Lamegazelle
|inactive|Lamegazelle disconnected and has a minute to reconnect!
|player|p2|
|j|☆Lamegazelle
|inactive|Lamegazelle reconnected and has 120 seconds left.
|player|p2|Lamegazelle|170
|
|t:|1641842057
|move|p2a: Landorus|Defog|p1a: Reuniclus
|-unboost|p1a: Reuniclus|evasion|1
|-sideend|p1: ICrossI|Reflect
|move|p1a: Reuniclus|Psyshock|p2a: Landorus
|-damage|p2a: Landorus|64/100
|
|upkeep
|turn|25
|inactive|ICrossI has 90 seconds left.
|
|t:|1641842067
|move|p2a: Landorus|U-turn|p1a: Reuniclus
|-supereffective|p1a: Reuniclus
|-damage|p1a: Reuniclus|50/100
|
|t:|1641842070
|switch|p2a: Dragapult|Dragapult, M|71/100|[from]move: U-turn
|move|p1a: Reuniclus|Reflect|p1a: Reuniclus
|-sidestart|p1: ICrossI|Reflect
|
|upkeep
|turn|26
|inactive|Lamegazelle has 120 seconds left.
|inactive|ICrossI has 90 seconds left.
|
|t:|1641842091
|switch|p1a: Vaporeon|Vaporeon, F|89/100
|move|p2a: Dragapult|Shadow Ball|p1a: Vaporeon
|-damage|p1a: Vaporeon|53/100
|-damage|p2a: Dragapult|61/100|[from] item: Life Orb
|
|-heal|p1a: Vaporeon|59/100|[from] item: Leftovers
|upkeep
|turn|27
|inactive|ICrossI has 90 seconds left.
|inactive|Lamegazelle has 120 seconds left.
|
|t:|1641842106
|move|p2a: Dragapult|Dragon Darts|p1a: Vaporeon
|-damage|p1a: Vaporeon|35/100
|-anim|p2a: Dragapult|Dragon Darts|p1a: Vaporeon
|-damage|p1a: Vaporeon|10/100
|-damage|p2a: Dragapult|52/100|[from] item: Life Orb
|move|p1a: Vaporeon|Scald|p2a: Dragapult
|-resisted|p2a: Dragapult
|-damage|p2a: Dragapult|31/100
|
|-heal|p1a: Vaporeon|17/100|[from] item: Leftovers
|upkeep
|turn|28
|inactive|ICrossI has 90 seconds left.
|inactive|Lamegazelle has 120 seconds left.
|
|t:|1641842119
|move|p1a: Vaporeon|Protect|p1a: Vaporeon
|-singleturn|p1a: Vaporeon|Protect
|move|p2a: Dragapult|Shadow Ball|p1a: Vaporeon
|-activate|p1a: Vaporeon|move: Protect
|
|-heal|p1a: Vaporeon|23/100|[from] item: Leftovers
|upkeep
|turn|29
|inactive|ICrossI has 90 seconds left.
|
|t:|1641842141
|move|p2a: Dragapult|Shadow Ball|p1a: Vaporeon
|-damage|p1a: Vaporeon|0 fnt
|faint|p1a: Vaporeon
|-damage|p2a: Dragapult|21/100|[from] item: Life Orb
|
|-sideend|p1: ICrossI|Reflect
|upkeep
|
|t:|1641842154
|switch|p1a: Latios|Latios, M|100/100
|turn|30
|
|t:|1641842170
|switch|p2a: Melmetal|Melmetal|58/100
|move|p1a: Latios|Earthquake|p2a: Melmetal
|-supereffective|p2a: Melmetal
|-damage|p2a: Melmetal|36/100
|
|upkeep
|turn|31
|
|t:|1641842186
|switch|p1a: Heatran|Heatran, F|100/100
|-item|p1a: Heatran|Air Balloon
|move|p2a: Melmetal|Earthquake|p1a: Heatran
|-immune|p1a: Heatran
|
|upkeep
|turn|32
|
|t:|1641842196
|move|p1a: Heatran|Lava Plume|p2a: Melmetal
|-supereffective|p2a: Melmetal
|-damage|p2a: Melmetal|0 fnt
|faint|p2a: Melmetal
|
|upkeep
|
|t:|1641842203
|switch|p2a: Landorus|Landorus-Therian, M|64/100
|-ability|p2a: Landorus|Intimidate|boost
|-unboost|p1a: Heatran|atk|1
|turn|33
|
|t:|1641842215
|switch|p1a: Terrakion|Terrakion|100/100
|move|p2a: Landorus|U-turn|p1a: Terrakion
|-resisted|p1a: Terrakion
|-damage|p1a: Terrakion|88/100
|
|t:|1641842223
|switch|p2a: Toxapex|Toxapex, F|100/100|[from]move: U-turn
|
|upkeep
|turn|34
|
|t:|1641842234
|switch|p1a: Reuniclus|Reuniclus, M|83/100
|move|p2a: Toxapex|Scald|p1a: Reuniclus
|-damage|p1a: Reuniclus|70/100
|
|upkeep
|turn|35
|
|t:|1641842246
|move|p1a: Reuniclus|Psyshock|p2a: Toxapex
|-supereffective|p2a: Toxapex
|-damage|p2a: Toxapex|43/100
|move|p2a: Toxapex|Scald|p1a: Reuniclus
|-crit|p1a: Reuniclus
|-damage|p1a: Reuniclus|51/100
|
|-heal|p2a: Toxapex|50/100|[from] item: Black Sludge
|upkeep
|turn|36
|
|t:|1641842256
|switch|p2a: Dragapult|Dragapult, M|21/100
|move|p1a: Reuniclus|Reflect|p1a: Reuniclus
|-sidestart|p1: ICrossI|Reflect
|
|upkeep
|turn|37
|inactive|ICrossI has 90 seconds left.
|
|t:|1641842273
|switch|p1a: Terrakion|Terrakion|88/100
|move|p2a: Dragapult|Shadow Ball|p1a: Terrakion
|-damage|p1a: Terrakion|35/100
|-damage|p2a: Dragapult|12/100|[from] item: Life Orb
|
|upkeep
|turn|38
|
|t:|1641842289
|move|p1a: Terrakion|Iron Head|p2a: Dragapult
|-damage|p2a: Dragapult|0 fnt
|faint|p2a: Dragapult
|
|upkeep
|
|t:|1641842295
|switch|p2a: Landorus|Landorus-Therian, M|64/100
|-ability|p2a: Landorus|Intimidate|boost
|-unboost|p1a: Terrakion|atk|1
|turn|39
|
|t:|1641842308
|move|p1a: Terrakion|Iron Head|p2a: Landorus
|-damage|p2a: Landorus|47/100
|move|p2a: Landorus|U-turn|p1a: Terrakion
|-resisted|p1a: Terrakion
|-damage|p1a: Terrakion|29/100
|
|t:|1641842314
|switch|p2a: Kartana|Kartana|81/100|[from]move: U-turn
|
|upkeep
|turn|40
|inactive|ICrossI has 90 seconds left.
|
|t:|1641842325
|switch|p1a: Latios|Latios, M|100/100
|move|p2a: Kartana|Sacred Sword|p1a: Latios
|-resisted|p1a: Latios
|-damage|p1a: Latios|86/100
|
|-sideend|p1: ICrossI|Reflect
|upkeep
|turn|41
|inactive|ICrossI has 90 seconds left.
|
|t:|1641842346
|switch|p1a: Reuniclus|Reuniclus, M|84/100
|switch|p2a: Toxapex|Toxapex, F|83/100
|
|-heal|p2a: Toxapex|89/100|[from] item: Black Sludge
|upkeep
|turn|42
|
|t:|1641842355
|switch|p2a: Kartana|Kartana|81/100
|move|p1a: Reuniclus|Reflect|p1a: Reuniclus
|-sidestart|p1: ICrossI|Reflect
|
|upkeep
|turn|43
|
|t:|1641842361
|move|p2a: Kartana|Toxic|p1a: Reuniclus
|-status|p1a: Reuniclus|tox
|move|p1a: Reuniclus|Focus Blast|p2a: Kartana
|-supereffective|p2a: Kartana
|-damage|p2a: Kartana|0 fnt
|faint|p2a: Kartana
|
|-damage|p1a: Reuniclus|78/100 tox|[from] psn
|upkeep
|l|☆Lamegazelle
|inactive|Lamegazelle disconnected and has a minute to reconnect!
|player|p2|
|c|☆ICrossI|Lmaooo
|inactive|Lamegazelle has 30 seconds to reconnect!
|inactive|Lamegazelle has 20 seconds to reconnect!
|inactive|Lamegazelle has 15 seconds to reconnect!
|inactive|Lamegazelle has 10 seconds to reconnect!
|inactive|Lamegazelle has 5 seconds to reconnect!
|-message|Lamegazelle lost due to inactivity.
|
|win|ICrossI
|raw|ICrossI's rating: 1312 &rarr; <strong>1331</strong><br />(+19 for winning)
|raw|Lamegazelle's rating: 1302 &rarr; <strong>1283</strong><br />(-19 for losing)
||Ladder isn't responding, score probably updated but might not have (Request timeout).
