|j|☆Ghidx
|j|☆Ehtesham123
|t:|1641749307
|gametype|singles
|player|p1|Ghidx|lucas|1457
|player|p2|Ehtesham123|170|1501
|teamsize|p1|6
|teamsize|p2|6
|gen|8
|tier|[Gen 8] OU
|rated|
|rule|Sleep Clause Mod: Limit one foe put to sleep
|rule|Species Clause: Limit one of each Pokémon
|rule|OHKO Clause: OHKO moves are banned
|rule|Evasion Moves Clause: Evasion moves are banned
|rule|Endless Battle Clause: Forcing endless battles is banned
|rule|HP Percentage Mod: HP is shown in percentages
|rule|Dynamax Clause: You cannot dynamax
|clearpoke
|poke|p1|Froslass, F|
|poke|p1|Bisharp, F|
|poke|p1|Landorus-Therian, M|
|poke|p1|Zapdos-Galar|
|poke|p1|Dragapult, M|
|poke|p1|Heatran, F|
|poke|p2|Aegislash, M|
|poke|p2|Garchomp, F|
|poke|p2|Landorus-Therian, M|
|poke|p2|Urshifu-*, F|
|poke|p2|Conkeldurr, M|
|poke|p2|Zapdos|
|teampreview
|inactive|Battle timer is ON: inactive players will automatically lose when time's up. (requested by Ghidx)
|
|t:|1641749334
|start
|switch|p1a: Zapdos|Zapdos-Galar|100/100
|switch|p2a: Zapdos|Zapdos|100/100
|turn|1
|
|t:|1641749342
|switch|p1a: Landorus|Landorus-Therian, M|100/100
|-ability|p1a: Landorus|Intimidate|boost
|-unboost|p2a: Zapdos|atk|1
|switch|p2a: Landorus|Landorus-Therian, M|100/100
|-ability|p2a: Landorus|Intimidate|boost
|-unboost|p1a: Landorus|atk|1
|
|upkeep
|turn|2
|
|t:|1641749349
|move|p2a: Landorus|Substitute|p2a: Landorus
|-start|p2a: Landorus|Substitute
|-damage|p2a: Landorus|76/100
|move|p1a: Landorus|Stealth Rock|p2a: Landorus
|-sidestart|p2: Ehtesham123|move: Stealth Rock
|
|-heal|p2a: Landorus|82/100|[from] item: Leftovers
|upkeep
|turn|3
|
|t:|1641749354
|move|p2a: Landorus|Swords Dance|p2a: Landorus
|-boost|p2a: Landorus|atk|2
|move|p1a: Landorus|U-turn|p2a: Landorus
|-resisted|p2a: Landorus
|-activate|p2a: Landorus|move: Substitute|[damage]
|
|t:|1641749356
|switch|p1a: Dragapult|Dragapult, M|100/100|[from]move: U-turn
|
|-heal|p2a: Landorus|88/100|[from] item: Leftovers
|upkeep
|turn|4
|
|t:|1641749361
|move|p1a: Dragapult|Draco Meteor|p2a: Landorus
|-damage|p2a: Landorus|0 fnt
|-unboost|p1a: Dragapult|spa|2
|faint|p2a: Landorus
|
|upkeep
|
|t:|1641749366
|switch|p2a: Aegislash|Aegislash, M|100/100
|-damage|p2a: Aegislash|94/100|[from] Stealth Rock
|turn|5
|
|t:|1641749374
|switch|p1a: Landorus|Landorus-Therian, M|100/100
|-ability|p1a: Landorus|Intimidate|boost
|-unboost|p2a: Aegislash|atk|1
|move|p2a: Aegislash|Swords Dance|p2a: Aegislash
|-boost|p2a: Aegislash|atk|2
|
|-heal|p2a: Aegislash|100/100|[from] item: Leftovers
|upkeep
|turn|6
|
|t:|1641749380
|move|p1a: Landorus|Earthquake|p2a: Aegislash
|-supereffective|p2a: Aegislash
|-damage|p2a: Aegislash|26/100
|-formechange|p2a: Aegislash|Aegislash-Blade||[from] ability: Stance Change
|move|p2a: Aegislash|Shadow Claw|p1a: Landorus
|-damage|p1a: Landorus|57/100
|
|-heal|p1a: Landorus|63/100|[from] item: Leftovers
|-heal|p2a: Aegislash|32/100|[from] item: Leftovers
|upkeep
|turn|7
|
|t:|1641749390
|switch|p2a: Zapdos|Zapdos|100/100
|move|p1a: Landorus|Earthquake|p2a: Zapdos
|-immune|p2a: Zapdos
|
|-heal|p1a: Landorus|69/100|[from] item: Leftovers
|upkeep
|turn|8
|
|t:|1641749394
|move|p2a: Zapdos|Defog|p1a: Landorus
|-unboost|p1a: Landorus|evasion|1
|-sideend|p2: Ehtesham123|Stealth Rock|[from] move: Defog|[of] p2a: Zapdos
|move|p1a: Landorus|Toxic|p2a: Zapdos
|-status|p2a: Zapdos|tox
|
|-heal|p1a: Landorus|75/100|[from] item: Leftovers
|-damage|p2a: Zapdos|94/100 tox|[from] psn
|upkeep
|turn|9
|
|t:|1641749397
|move|p2a: Zapdos|Toxic|p1a: Landorus
|-status|p1a: Landorus|tox
|move|p1a: Landorus|Stealth Rock|p2a: Zapdos
|-sidestart|p2: Ehtesham123|move: Stealth Rock
|
|-heal|p1a: Landorus|81/100 tox|[from] item: Leftovers
|-damage|p2a: Zapdos|82/100 tox|[from] psn
|-damage|p1a: Landorus|75/100 tox|[from] psn
|upkeep
|turn|10
|
|t:|1641749399
|move|p2a: Zapdos|Defog|p1a: Landorus
|-unboost|p1a: Landorus|evasion|1
|-sideend|p2: Ehtesham123|Stealth Rock|[from] move: Defog|[of] p2a: Zapdos
|move|p1a: Landorus|U-turn|p2a: Zapdos
|-resisted|p2a: Zapdos
|-damage|p2a: Zapdos|73/100 tox
|
|t:|1641749404
|switch|p1a: Dragapult|Dragapult, M|100/100|[from]move: U-turn
|
|-damage|p2a: Zapdos|55/100 tox|[from] psn
|upkeep
|turn|11
|
|t:|1641749410
|move|p1a: Dragapult|Shadow Ball|p2a: Zapdos
|-crit|p2a: Zapdos
|-damage|p2a: Zapdos|0 fnt
|faint|p2a: Zapdos
|
|upkeep
|
|t:|1641749417
|switch|p2a: Garchomp|Garchomp, F|100/100
|turn|12
|
|t:|1641749421
|switch|p1a: Landorus|Landorus-Therian, M|75/100 tox
|-ability|p1a: Landorus|Intimidate|boost
|-unboost|p2a: Garchomp|atk|1
|move|p2a: Garchomp|Swords Dance|p2a: Garchomp
|-boost|p2a: Garchomp|atk|2
|
|-heal|p1a: Landorus|81/100 tox|[from] item: Leftovers
|-damage|p1a: Landorus|75/100 tox|[from] psn
|upkeep
|turn|13
|
|t:|1641749430
|move|p2a: Garchomp|Swords Dance|p2a: Garchomp
|-boost|p2a: Garchomp|atk|2
|move|p1a: Landorus|Toxic|p2a: Garchomp
|-status|p2a: Garchomp|tox
|
|-heal|p1a: Landorus|81/100 tox|[from] item: Leftovers
|-damage|p2a: Garchomp|94/100 tox|[from] psn
|-damage|p1a: Landorus|69/100 tox|[from] psn
|upkeep
|turn|14
|
|t:|1641749435
|move|p2a: Garchomp|Scale Shot|p1a: Landorus
|-damage|p1a: Landorus|44/100 tox
|-damage|p1a: Landorus|22/100 tox
|-hitcount|p1a: Landorus|2
|-unboost|p2a: Garchomp|def|1
|-boost|p2a: Garchomp|spe|1
|move|p1a: Landorus|U-turn|p2a: Garchomp
|-damage|p2a: Garchomp|62/100 tox
|-damage|p1a: Landorus|10/100 tox|[from] ability: Rough Skin|[of] p2a: Garchomp
|
|t:|1641749438
|switch|p1a: Froslass|Froslass, F|100/100|[from]move: U-turn
|
|-heal|p2a: Garchomp|68/100 tox|[from] item: Leftovers
|-damage|p2a: Garchomp|55/100 tox|[from] psn
|upkeep
|turn|15
|
|t:|1641749441
|move|p2a: Garchomp|Substitute|p2a: Garchomp
|-start|p2a: Garchomp|Substitute
|-damage|p2a: Garchomp|30/100 tox
|move|p1a: Froslass|Ice Beam|p2a: Garchomp
|-supereffective|p2a: Garchomp
|-crit|p2a: Garchomp
|-end|p2a: Garchomp|Substitute
|
|-heal|p2a: Garchomp|37/100 tox|[from] item: Leftovers
|-damage|p2a: Garchomp|18/100 tox|[from] psn
|upkeep
|turn|16
|
|t:|1641749445
|move|p2a: Garchomp|Earthquake|p1a: Froslass
|-enditem|p1a: Froslass|Focus Sash
|-damage|p1a: Froslass|1/100
|move|p1a: Froslass|Ice Beam|p2a: Garchomp
|-supereffective|p2a: Garchomp
|-damage|p2a: Garchomp|0 fnt
|faint|p2a: Garchomp
|
|upkeep
|
|t:|1641749451
|switch|p2a: Aegislash|Aegislash, M|32/100
|turn|17
|
|t:|1641749454
|-formechange|p2a: Aegislash|Aegislash-Blade||[from] ability: Stance Change
|move|p2a: Aegislash|Shadow Sneak|p1a: Froslass
|-supereffective|p1a: Froslass
|-crit|p1a: Froslass
|-damage|p1a: Froslass|0 fnt
|faint|p1a: Froslass
|
|-heal|p2a: Aegislash|39/100|[from] item: Leftovers
|upkeep
|
|t:|1641749462
|switch|p1a: Bisharp|Bisharp, F|100/100
|turn|18
|
|t:|1641749466
|move|p1a: Bisharp|Knock Off|p2a: Aegislash
|-supereffective|p2a: Aegislash
|-damage|p2a: Aegislash|0 fnt
|-enditem|p2a: Aegislash|Leftovers|[from] move: Knock Off|[of] p1a: Bisharp
|faint|p2a: Aegislash
|
|upkeep
|
|t:|1641749468
|switch|p2a: Conkeldurr|Conkeldurr, M|100/100
|turn|19
|
|t:|1641749473
|switch|p1a: Landorus|Landorus-Therian, M|10/100 tox
|-ability|p1a: Landorus|Intimidate|boost
|-unboost|p2a: Conkeldurr|atk|1
|move|p2a: Conkeldurr|Bulk Up|p2a: Conkeldurr
|-boost|p2a: Conkeldurr|atk|1
|-boost|p2a: Conkeldurr|def|1
|
|-heal|p1a: Landorus|16/100 tox|[from] item: Leftovers
|-damage|p1a: Landorus|10/100 tox|[from] psn
|-status|p2a: Conkeldurr|brn|[from] item: Flame Orb
|upkeep
|turn|20
|
|t:|1641749480
|move|p2a: Conkeldurr|Mach Punch|p1a: Landorus
|-resisted|p1a: Landorus
|-damage|p1a: Landorus|0 fnt
|faint|p1a: Landorus
|
|-damage|p2a: Conkeldurr|94/100 brn|[from] brn
|upkeep
|
|t:|1641749487
|switch|p1a: Zapdos|Zapdos-Galar|100/100
|turn|21
|
|t:|1641749490
|move|p1a: Zapdos|Brave Bird|p2a: Conkeldurr
|-supereffective|p2a: Conkeldurr
|-damage|p2a: Conkeldurr|14/100 brn
|-damage|p1a: Zapdos|69/100|[from] Recoil
|move|p2a: Conkeldurr|Facade|p1a: Zapdos
|-damage|p1a: Zapdos|0 fnt
|faint|p1a: Zapdos
|
|-damage|p2a: Conkeldurr|8/100 brn|[from] brn
|upkeep
|
|t:|1641749499
|switch|p1a: Dragapult|Dragapult, M|100/100
|turn|22
|
|t:|1641749506
|switch|p2a: Urshifu|Urshifu-Rapid-Strike, F|100/100
|move|p1a: Dragapult|Shadow Ball|p2a: Urshifu
|-damage|p2a: Urshifu|28/100
|
|upkeep
|turn|23
|
|t:|1641749513
|move|p2a: Urshifu|Ice Punch|p1a: Dragapult
|-supereffective|p1a: Dragapult
|-damage|p1a: Dragapult|24/100
|move|p1a: Dragapult|Shadow Ball|p2a: Urshifu
|-damage|p2a: Urshifu|0 fnt
|faint|p2a: Urshifu
|
|upkeep
|-message|Ehtesham123 forfeited.
|
|win|Ghidx
|raw|Ghidx's rating: 1457 &rarr; <strong>1480</strong><br />(+23 for winning)
|raw|Ehtesham123's rating: 1501 &rarr; <strong>1478</strong><br />(-23 for losing)
|l|☆Ehtesham123
