|j|☆Darkness Dragoon
|j|☆Duduzinkk♛
|t:|1641754186
|gametype|singles
|player|p1|Darkness Dragoon|lance-gen2|
|player|p2|Duduzinkk♛|roxie|
|teamsize|p1|6
|teamsize|p2|6
|gen|8
|tier|[Gen 8] OU
|rated|Tournament battle
|rule|Sleep Clause Mod: Limit one foe put to sleep
|rule|Species Clause: Limit one of each Pokémon
|rule|OHKO Clause: OHKO moves are banned
|rule|Evasion Moves Clause: Evasion moves are banned
|rule|Endless Battle Clause: Forcing endless battles is banned
|rule|HP Percentage Mod: HP is shown in percentages
|rule|Dynamax Clause: You cannot dynamax
|clearpoke
|poke|p1|Dragapult, F|
|poke|p1|Rotom-Wash|
|poke|p1|Amoonguss, F|
|poke|p1|Heatran, F|
|poke|p1|Landorus-Therian, M|
|poke|p1|Urshifu-*, M|
|poke|p2|Tapu Lele|
|poke|p2|Victini|
|poke|p2|Landorus-Therian, M|
|poke|p2|Kartana|
|poke|p2|Melmetal|
|poke|p2|Dragapult, F|
|teampreview
|
|t:|1641754194
|start
|switch|p1a: Rotom|Rotom-Wash|100/100
|switch|p2a: Landorus|Landorus-Therian, M|100/100
|-ability|p2a: Landorus|Intimidate|boost
|-unboost|p1a: Rotom|atk|1
|turn|1
|
|t:|1641754200
|move|p1a: Rotom|Hydro Pump|p2a: Landorus
|-supereffective|p2a: Landorus
|-crit|p2a: Landorus
|-damage|p2a: Landorus|0 fnt
|faint|p2a: Landorus
|
|upkeep
|
|t:|1641754213
|switch|p2a: Kartana|Kartana|100/100
|turn|2
|
|t:|1641754219
|switch|p1a: Landorus|Landorus-Therian, M|100/100
|-ability|p1a: Landorus|Intimidate|boost
|-unboost|p2a: Kartana|atk|1
|move|p2a: Kartana|Leaf Blade|p1a: Landorus
|-crit|p1a: Landorus
|-damage|p1a: Landorus|33/100
|
|-heal|p1a: Landorus|39/100|[from] item: Leftovers
|upkeep
|turn|3
|j| Flaketso
|
|t:|1641754230
|move|p2a: Kartana|Leaf Blade|p1a: Landorus
|-damage|p1a: Landorus|8/100
|move|p1a: Landorus|Stealth Rock|p2a: Kartana
|-sidestart|p2: Duduzinkk♛|move: Stealth Rock
|
|-heal|p1a: Landorus|14/100|[from] item: Leftovers
|upkeep
|turn|4
|
|t:|1641754238
|switch|p1a: Heatran|Heatran, F|100/100
|move|p2a: Kartana|Leaf Blade|p1a: Heatran
|-resisted|p1a: Heatran
|-crit|p1a: Heatran
|-damage|p1a: Heatran|80/100
|
|-heal|p1a: Heatran|86/100|[from] item: Leftovers
|upkeep
|turn|5
|j| Jean10
|
|t:|1641754253
|switch|p2a: Dragapult|Dragapult, F|100/100
|-damage|p2a: Dragapult|88/100|[from] Stealth Rock
|move|p1a: Heatran|Magma Storm|p2a: Dragapult
|-resisted|p2a: Dragapult
|-damage|p2a: Dragapult|59/100
|-activate|p2a: Dragapult|move: Magma Storm|[of] p1a: Heatran
|
|-heal|p1a: Heatran|93/100|[from] item: Leftovers
|-damage|p2a: Dragapult|47/100|[from] move: Magma Storm|[partiallytrapped]
|upkeep
|turn|6
|
|t:|1641754264
|move|p2a: Dragapult|Draco Meteor|p1a: Heatran
|-resisted|p1a: Heatran
|-damage|p1a: Heatran|65/100
|-unboost|p2a: Dragapult|spa|2
|move|p1a: Heatran|Earth Power|p2a: Dragapult
|-damage|p2a: Dragapult|10/100
|-unboost|p2a: Dragapult|spd|1
|
|-heal|p1a: Heatran|71/100|[from] item: Leftovers
|-damage|p2a: Dragapult|0 fnt|[from] move: Magma Storm|[partiallytrapped]
|faint|p2a: Dragapult
|upkeep
|
|t:|1641754272
|switch|p2a: Tapu Lele|Tapu Lele|100/100
|-damage|p2a: Tapu Lele|88/100|[from] Stealth Rock
|-fieldstart|move: Psychic Terrain|[from] ability: Psychic Surge|[of] p2a: Tapu Lele
|turn|7
|l| Jean10
|
|t:|1641754287
|switch|p1a: Amoonguss|Amoonguss, F|100/100
|move|p2a: Tapu Lele|Psyshock|p1a: Amoonguss
|-supereffective|p1a: Amoonguss
|-damage|p1a: Amoonguss|0 fnt
|faint|p1a: Amoonguss
|
|upkeep
|
|t:|1641754293
|switch|p1a: Heatran|Heatran, F|71/100
|turn|8
|
|t:|1641754296
|move|p2a: Tapu Lele|Psyshock|p1a: Heatran
|-resisted|p1a: Heatran
|-damage|p1a: Heatran|35/100
|move|p1a: Heatran|Magma Storm|p2a: Tapu Lele
|-damage|p2a: Tapu Lele|40/100
|-activate|p2a: Tapu Lele|move: Magma Storm|[of] p1a: Heatran
|
|-heal|p1a: Heatran|41/100|[from] item: Leftovers
|-damage|p2a: Tapu Lele|28/100|[from] move: Magma Storm|[partiallytrapped]
|upkeep
|turn|9
|
|t:|1641754305
|move|p2a: Tapu Lele|Psyshock|p1a: Heatran
|-resisted|p1a: Heatran
|-damage|p1a: Heatran|2/100
|move|p1a: Heatran|Earth Power|p2a: Tapu Lele
|-damage|p2a: Tapu Lele|0 fnt
|faint|p2a: Tapu Lele
|
|-heal|p1a: Heatran|8/100|[from] item: Leftovers
|upkeep
|
|t:|1641754317
|switch|p2a: Kartana|Kartana|100/100
|-damage|p2a: Kartana|94/100|[from] Stealth Rock
|turn|10
|
|t:|1641754323
|switch|p1a: Landorus|Landorus-Therian, M|14/100
|-ability|p1a: Landorus|Intimidate|boost
|-unboost|p2a: Kartana|atk|1
|move|p2a: Kartana|Sacred Sword|p1a: Landorus
|-resisted|p1a: Landorus
|-damage|p1a: Landorus|4/100
|
|-heal|p1a: Landorus|10/100|[from] item: Leftovers
|upkeep
|turn|11
|
|t:|1641754335
|move|p2a: Kartana|Sacred Sword|p1a: Landorus
|-resisted|p1a: Landorus
|-damage|p1a: Landorus|1/100
|move|p1a: Landorus|Earthquake|p2a: Kartana
|-damage|p2a: Kartana|41/100
|
|-heal|p1a: Landorus|7/100|[from] item: Leftovers
|-fieldend|move: Psychic Terrain
|upkeep
|turn|12
|
|t:|1641754346
|switch|p1a: Dragapult|Dragapult, F|100/100
|move|p2a: Kartana|Sacred Sword|p1a: Dragapult
|-immune|p1a: Dragapult
|
|upkeep
|turn|13
|
|t:|1641754352
|switch|p2a: Melmetal|Melmetal|100/100
|-damage|p2a: Melmetal|94/100|[from] Stealth Rock
|move|p1a: Dragapult|Fire Blast|p2a: Melmetal
|-supereffective|p2a: Melmetal
|-damage|p2a: Melmetal|49/100
|-damage|p1a: Dragapult|91/100|[from] item: Life Orb
|
|upkeep
|turn|14
|
|t:|1641754370
|switch|p1a: Rotom|Rotom-Wash|100/100
|move|p2a: Melmetal|Double Iron Bash|p1a: Rotom
|-resisted|p1a: Rotom
|-damage|p1a: Rotom|87/100
|-resisted|p1a: Rotom
|-damage|p1a: Rotom|73/100
|-hitcount|p1a: Rotom|2
|
|upkeep
|turn|15
|j| Moretto 草
|
|t:|1641754379
|move|p1a: Rotom|Volt Switch|p2a: Melmetal
|-damage|p2a: Melmetal|27/100
|
|t:|1641754383
|switch|p1a: Heatran|Heatran, F|8/100|[from]move: Volt Switch
|move|p2a: Melmetal|Thunder Punch|p1a: Heatran
|-damage|p1a: Heatran|0 fnt
|faint|p1a: Heatran
|
|upkeep
|
|t:|1641754414
|switch|p1a: Dragapult|Dragapult, F|91/100
|turn|16
|
|t:|1641754425
|move|p1a: Dragapult|Fire Blast|p2a: Melmetal
|-supereffective|p2a: Melmetal
|-damage|p2a: Melmetal|0 fnt
|faint|p2a: Melmetal
|-damage|p1a: Dragapult|81/100|[from] item: Life Orb
|
|upkeep
|
|t:|1641754433
|switch|p2a: Victini|Victini|100/100
|turn|17
|
|t:|1641754447
|switch|p1a: Landorus|Landorus-Therian, M|7/100
|-ability|p1a: Landorus|Intimidate|boost
|-unboost|p2a: Victini|atk|1
|move|p2a: Victini|Glaciate|p1a: Landorus
|-supereffective|p1a: Landorus
|-damage|p1a: Landorus|0 fnt
|faint|p1a: Landorus
|
|upkeep
|
|t:|1641754461
|switch|p1a: Rotom|Rotom-Wash|73/100
|turn|18
|
|t:|1641754479
|switch|p2a: Kartana|Kartana|41/100
|-damage|p2a: Kartana|35/100|[from] Stealth Rock
|move|p1a: Rotom|Trick|p2a: Kartana
|-activate|p1a: Rotom|move: Trick|[of] p2a: Kartana
|-item|p2a: Kartana|Choice Scarf|[from] move: Trick
|-item|p1a: Rotom|Choice Scarf|[from] move: Trick
|
|upkeep
|turn|19
|
|t:|1641754494
|move|p2a: Kartana|Leaf Blade|p1a: Rotom
|-supereffective|p1a: Rotom
|-damage|p1a: Rotom|0 fnt
|faint|p1a: Rotom
|-ability|p2a: Kartana|Beast Boost|boost
|-boost|p2a: Kartana|atk|1
|
|upkeep
|
|t:|1641754497
|switch|p1a: Dragapult|Dragapult, F|81/100
|turn|20
|
|t:|1641754504
|move|p2a: Kartana|Leaf Blade|p1a: Dragapult
|-resisted|p1a: Dragapult
|-damage|p1a: Dragapult|23/100
|move|p1a: Dragapult|Dragon Dance|p1a: Dragapult
|-boost|p1a: Dragapult|atk|1
|-boost|p1a: Dragapult|spe|1
|
|upkeep
|turn|21
|
|t:|1641754511
|move|p1a: Dragapult|Dragon Darts|p2a: Kartana
|-resisted|p2a: Kartana
|-damage|p2a: Kartana|10/100
|-anim|p1a: Dragapult|Dragon Darts|p2a: Kartana
|-resisted|p2a: Kartana
|-damage|p2a: Kartana|0 fnt
|faint|p2a: Kartana
|-damage|p1a: Dragapult|13/100|[from] item: Life Orb
|
|upkeep
|
|t:|1641754520
|switch|p2a: Victini|Victini|100/100
|turn|22
|
|t:|1641754524
|move|p1a: Dragapult|Dragon Darts|p2a: Victini
|-damage|p2a: Victini|50/100
|-anim|p1a: Dragapult|Dragon Darts|p2a: Victini
|-damage|p2a: Victini|0 fnt
|faint|p2a: Victini
|-damage|p1a: Dragapult|4/100|[from] item: Life Orb
|
|win|Darkness Dragoon
|n|☆Darkness Dragoon|darknessdragoon
|n|☆Duduzinkk♛|duduzinkk
|n| Flaketso|flaketso
|n| Moretto 草|moretto
