|j|☆Darwin Nunez
|j|☆Anastaciogod
|t:|1641842222
|gametype|singles
|player|p1|Darwin Nunez|169|
|player|p2|Anastaciogod|iris|
|teamsize|p1|6
|teamsize|p2|6
|gen|8
|tier|[Gen 8] OU
|rule|Sleep Clause Mod: Limit one foe put to sleep
|rule|Species Clause: Limit one of each Pokémon
|rule|OHKO Clause: OHKO moves are banned
|rule|Evasion Moves Clause: Evasion moves are banned
|rule|Endless Battle Clause: Forcing endless battles is banned
|rule|HP Percentage Mod: HP is shown in percentages
|rule|Dynamax Clause: You cannot dynamax
|clearpoke
|poke|p1|Landorus-Therian, M|
|poke|p1|Corviknight, F|
|poke|p1|Slowking-Galar, M|
|poke|p1|Dragapult, M|
|poke|p1|Tapu Lele|
|poke|p1|Garchomp, M|
|poke|p2|Bisharp, M|
|poke|p2|Landorus-Therian, M|
|poke|p2|Slowking, M|
|poke|p2|Corviknight, F|
|poke|p2|Zeraora|
|poke|p2|Clefable, M|
|teampreview
|j| asfaswdg
|
|t:|1641842245
|start
|switch|p1a: Landorus|Landorus-Therian, M|100/100
|switch|p2a: Landorus|Landorus-Therian, M|100/100
|-ability|p2a: Landorus|Intimidate|boost
|-unboost|p1a: Landorus|atk|1
|-ability|p1a: Landorus|Intimidate|boost
|-unboost|p2a: Landorus|atk|1
|turn|1
|
|t:|1641842258
|move|p1a: Landorus|Stealth Rock|p2a: Landorus
|-sidestart|p2: Anastaciogod|move: Stealth Rock
|move|p2a: Landorus|Stealth Rock|p1a: Landorus
|-sidestart|p1: Darwin Nunez|move: Stealth Rock
|
|upkeep
|turn|2
|l| asfaswdg
|
|t:|1641842265
|move|p1a: Landorus|U-turn|p2a: Landorus
|-resisted|p2a: Landorus
|-damage|p2a: Landorus|94/100
|j| Yaoyao168
|
|t:|1641842290
|switch|p1a: Tapu Lele|Tapu Lele|100/100|[from]move: U-turn
|-damage|p1a: Tapu Lele|88/100|[from] Stealth Rock
|-fieldstart|move: Psychic Terrain|[from] ability: Psychic Surge|[of] p1a: Tapu Lele
|move|p2a: Landorus|Knock Off|p1a: Tapu Lele
|-damage|p1a: Tapu Lele|55/100
|-enditem|p1a: Tapu Lele|Choice Scarf|[from] move: Knock Off|[of] p2a: Landorus
|
|-heal|p2a: Landorus|100/100|[from] item: Leftovers
|upkeep
|turn|3
|c| Yaoyao168|oh hi guys
|c| Yaoyao168|we fighting rn?
|c|☆Anastaciogod|hi yao
|
|t:|1641842313
|switch|p2a: Clefable|Clefable, M|100/100
|move|p1a: Tapu Lele|Psychic|p2a: Clefable
|-damage|p2a: Clefable|58/100
|
|-heal|p2a: Clefable|64/100|[from] item: Leftovers
|upkeep
|turn|4
|
|t:|1641842326
|switch|p1a: Slowking|Slowking-Galar, M|100/100
|-damage|p1a: Slowking|88/100|[from] Stealth Rock
|move|p2a: Clefable|Soft-Boiled|p2a: Clefable
|-heal|p2a: Clefable|100/100
|
|upkeep
|turn|5
|
|t:|1641842338
|switch|p2a: Corviknight|Corviknight, F|100/100
|-damage|p2a: Corviknight|88/100|[from] Stealth Rock
|-ability|p2a: Corviknight|Pressure
|move|p1a: Slowking|Future Sight|p2a: Corviknight
|-start|p1a: Slowking|move: Future Sight
|
|-heal|p2a: Corviknight|94/100|[from] item: Leftovers
|upkeep
|turn|6
|
|t:|1641842344
|move|p2a: Corviknight|U-turn|p1a: Slowking
|-damage|p1a: Slowking|74/100
|
|t:|1641842348
|switch|p2a: Landorus|Landorus-Therian, M|100/100|[from]move: U-turn
|-damage|p2a: Landorus|88/100|[from] Stealth Rock
|-ability|p2a: Landorus|Intimidate|boost
|-unboost|p1a: Slowking|atk|1
|move|p1a: Slowking|Flamethrower|p2a: Landorus
|-damage|p2a: Landorus|63/100
|
|-heal|p2a: Landorus|69/100|[from] item: Leftovers
|-fieldend|move: Psychic Terrain
|upkeep
|turn|7
|
|t:|1641842365
|switch|p1a: Garchomp|Garchomp, M|100/100
|-damage|p1a: Garchomp|94/100|[from] Stealth Rock
|move|p2a: Landorus|U-turn|p1a: Garchomp
|-damage|p1a: Garchomp|71/100
|-damage|p2a: Landorus|57/100|[from] ability: Rough Skin|[of] p1a: Garchomp
|
|t:|1641842371
|switch|p2a: Clefable|Clefable, M|100/100|[from]move: U-turn
|
|-end|p2a: Clefable|move: Future Sight
|-damage|p2a: Clefable|71/100
|-heal|p2a: Clefable|77/100|[from] item: Leftovers
|upkeep
|turn|8
|
|t:|1641842379
|switch|p1a: Slowking|Slowking-Galar, M|100/100
|-damage|p1a: Slowking|88/100|[from] Stealth Rock
|move|p2a: Clefable|Moonblast|p1a: Slowking
|-resisted|p1a: Slowking
|-damage|p1a: Slowking|81/100
|
|-heal|p2a: Clefable|83/100|[from] item: Leftovers
|upkeep
|turn|9
|
|t:|1641842390
|switch|p2a: Slowking|Slowking, M|100/100
|move|p1a: Slowking|Flamethrower|p2a: Slowking
|-resisted|p2a: Slowking
|-damage|p2a: Slowking|94/100
|
|upkeep
|turn|10
|
|t:|1641842397
|move|p1a: Slowking|Sludge Bomb|p2a: Slowking
|-crit|p2a: Slowking
|-damage|p2a: Slowking|59/100
|move|p2a: Slowking|Future Sight|p1a: Slowking
|-start|p2a: Slowking|move: Future Sight
|
|upkeep
|turn|11
|
|t:|1641842416
|switch|p1a: Dragapult|Dragapult, M|100/100
|-damage|p1a: Dragapult|88/100|[from] Stealth Rock
|switch|p2a: Bisharp|Bisharp, M|100/100
|-damage|p2a: Bisharp|95/100|[from] Stealth Rock
|
|upkeep
|turn|12
|
|t:|1641842434
|move|p2a: Bisharp|Sucker Punch|p1a: Dragapult
|-supereffective|p1a: Dragapult
|-damage|p1a: Dragapult|0 fnt
|faint|p1a: Dragapult
|-damage|p2a: Bisharp|85/100|[from] item: Life Orb
|
|-hint|Future Sight did not hit because the target is fainted.
|upkeep
|
|t:|1641842440
|switch|p1a: Slowking|Slowking-Galar, M|100/100
|-damage|p1a: Slowking|88/100|[from] Stealth Rock
|turn|13
|
|t:|1641842444
|move|p2a: Bisharp|Knock Off|p1a: Slowking
|-supereffective|p1a: Slowking
|-damage|p1a: Slowking|0 fnt
|-enditem|p1a: Slowking|Assault Vest|[from] move: Knock Off|[of] p2a: Bisharp
|faint|p1a: Slowking
|-damage|p2a: Bisharp|75/100|[from] item: Life Orb
|
|upkeep
|
|t:|1641842458
|switch|p1a: Tapu Lele|Tapu Lele|55/100
|-damage|p1a: Tapu Lele|43/100|[from] Stealth Rock
|-fieldstart|move: Psychic Terrain|[from] ability: Psychic Surge|[of] p1a: Tapu Lele
|turn|14
|
|t:|1641842463
|move|p2a: Bisharp|Sucker Punch|p1a: Tapu Lele
|-activate|p1a: Tapu Lele|move: Psychic Terrain
|move|p1a: Tapu Lele|Focus Blast|p2a: Bisharp
|-supereffective|p2a: Bisharp
|-damage|p2a: Bisharp|0 fnt
|faint|p2a: Bisharp
|
|upkeep
|c|☆Anastaciogod|wow
|c|☆Anastaciogod|i never understand the terrain
|
|t:|1641842483
|switch|p2a: Clefable|Clefable, M|83/100
|turn|15
|
|t:|1641842498
|move|p1a: Tapu Lele|Moonblast|p2a: Clefable
|-damage|p2a: Clefable|45/100
|-unboost|p2a: Clefable|spa|1
|move|p2a: Clefable|Calm Mind|p2a: Clefable
|-boost|p2a: Clefable|spa|1
|-boost|p2a: Clefable|spd|1
|
|-heal|p2a: Clefable|51/100|[from] item: Leftovers
|upkeep
|turn|16
|
|t:|1641842505
|move|p1a: Tapu Lele|Moonblast|p2a: Clefable
|-damage|p2a: Clefable|27/100
|-unboost|p2a: Clefable|spa|1
|move|p2a: Clefable|Soft-Boiled|p2a: Clefable
|-heal|p2a: Clefable|77/100
|
|-heal|p2a: Clefable|83/100|[from] item: Leftovers
|upkeep
|turn|17
|
|t:|1641842508
|switch|p1a: Garchomp|Garchomp, M|71/100
|-damage|p1a: Garchomp|64/100|[from] Stealth Rock
|move|p2a: Clefable|Calm Mind|p2a: Clefable
|-boost|p2a: Clefable|spa|1
|-boost|p2a: Clefable|spd|1
|
|-heal|p2a: Clefable|89/100|[from] item: Leftovers
|upkeep
|turn|18
|
|t:|1641842513
|move|p1a: Garchomp|Scale Shot|p2a: Clefable
|-immune|p2a: Clefable
|move|p2a: Clefable|Moonblast|p1a: Garchomp
|-supereffective|p1a: Garchomp
|-damage|p1a: Garchomp|2/100
|-unboost|p1a: Garchomp|spa|1
|
|-heal|p2a: Clefable|95/100|[from] item: Leftovers
|-fieldend|move: Psychic Terrain
|upkeep
|turn|19
|
|t:|1641842521
|move|p1a: Garchomp|Earthquake|p2a: Clefable
|-damage|p2a: Clefable|26/100
|-damage|p1a: Garchomp|0 fnt|[from] item: Life Orb
|faint|p1a: Garchomp
|move|p2a: Clefable|Moonblast|p1: Garchomp|[notarget]
|-fail|p2a: Clefable
|
|-heal|p2a: Clefable|32/100|[from] item: Leftovers
|upkeep
|
|t:|1641842525
|switch|p1a: Landorus|Landorus-Therian, M|100/100
|-damage|p1a: Landorus|88/100|[from] Stealth Rock
|-ability|p1a: Landorus|Intimidate|boost
|-unboost|p2a: Clefable|atk|1
|turn|20
|
|t:|1641842530
|move|p1a: Landorus|Knock Off|p2a: Clefable
|-resisted|p2a: Clefable
|-damage|p2a: Clefable|14/100
|-enditem|p2a: Clefable|Leftovers|[from] move: Knock Off|[of] p1a: Landorus
|move|p2a: Clefable|Soft-Boiled|p2a: Clefable
|-heal|p2a: Clefable|64/100
|
|-heal|p1a: Landorus|94/100|[from] item: Leftovers
|upkeep
|turn|21
|
|t:|1641842534
|move|p1a: Landorus|Earthquake|p2a: Clefable
|-damage|p2a: Clefable|8/100
|move|p2a: Clefable|Soft-Boiled|p2a: Clefable
|-heal|p2a: Clefable|58/100
|
|-heal|p1a: Landorus|99/100|[from] item: Leftovers
|upkeep
|turn|22
|
|t:|1641842538
|move|p1a: Landorus|Earthquake|p2a: Clefable
|-damage|p2a: Clefable|0 fnt
|faint|p2a: Clefable
|
|-heal|p1a: Landorus|100/100|[from] item: Leftovers
|upkeep
|
|t:|1641842549
|switch|p2a: Corviknight|Corviknight, F|94/100
|-damage|p2a: Corviknight|82/100|[from] Stealth Rock
|-ability|p2a: Corviknight|Pressure
|turn|23
|
|t:|1641842563
|move|p1a: Landorus|U-turn|p2a: Corviknight
|-resisted|p2a: Corviknight
|-damage|p2a: Corviknight|78/100
|
|t:|1641842565
|switch|p1a: Corviknight|Corviknight, F|100/100|[from]move: U-turn
|-damage|p1a: Corviknight|88/100|[from] Stealth Rock
|-ability|p1a: Corviknight|Pressure
|move|p2a: Corviknight|Defog|p1a: Corviknight
|-unboost|p1a: Corviknight|evasion|1
|-sideend|p1: Darwin Nunez|Stealth Rock|[from] move: Defog|[of] p2a: Corviknight
|-sideend|p2: Anastaciogod|Stealth Rock|[from] move: Defog|[of] p2a: Corviknight
|
|-heal|p2a: Corviknight|85/100|[from] item: Leftovers
|upkeep
|turn|24
|
|t:|1641842572
|move|p2a: Corviknight|U-turn|p1a: Corviknight
|-resisted|p1a: Corviknight
|-damage|p1a: Corviknight|86/100
|-damage|p2a: Corviknight|68/100|[from] item: Rocky Helmet|[of] p1a: Corviknight
|
|t:|1641842578
|switch|p2a: Landorus|Landorus-Therian, M|57/100|[from]move: U-turn
|-ability|p2a: Landorus|Intimidate|boost
|-unboost|p1a: Corviknight|atk|1
|move|p1a: Corviknight|Brave Bird|p2a: Landorus
|-damage|p2a: Landorus|39/100
|-damage|p1a: Corviknight|80/100|[from] Recoil
|
|-heal|p2a: Landorus|45/100|[from] item: Leftovers
|upkeep
|turn|25
|
|t:|1641842596
|move|p2a: Landorus|Knock Off|p1a: Corviknight
|-damage|p1a: Corviknight|61/100
|-damage|p2a: Landorus|29/100|[from] item: Rocky Helmet|[of] p1a: Corviknight
|-enditem|p1a: Corviknight|Rocky Helmet|[from] move: Knock Off|[of] p2a: Landorus
|move|p1a: Corviknight|Roost|p1a: Corviknight
|-heal|p1a: Corviknight|100/100
|-singleturn|p1a: Corviknight|move: Roost
|
|-heal|p2a: Landorus|35/100|[from] item: Leftovers
|upkeep
|turn|26
|
|t:|1641842603
|move|p2a: Landorus|U-turn|p1a: Corviknight
|-resisted|p1a: Corviknight
|-damage|p1a: Corviknight|97/100
|
|t:|1641842607
|switch|p2a: Zeraora|Zeraora|100/100|[from]move: U-turn
|move|p1a: Corviknight|Brave Bird|p2a: Zeraora
|-resisted|p2a: Zeraora
|-damage|p2a: Zeraora|83/100
|-damage|p1a: Corviknight|93/100|[from] Recoil
|
|upkeep
|turn|27
|
|t:|1641842617
|switch|p1a: Tapu Lele|Tapu Lele|43/100
|-fieldstart|move: Psychic Terrain|[from] ability: Psychic Surge|[of] p1a: Tapu Lele
|move|p2a: Zeraora|Knock Off|p1a: Tapu Lele
|-crit|p1a: Tapu Lele
|-damage|p1a: Tapu Lele|0 fnt
|faint|p1a: Tapu Lele
|
|upkeep
|
|t:|1641842624
|switch|p1a: Landorus|Landorus-Therian, M|100/100
|-ability|p1a: Landorus|Intimidate|boost
|-unboost|p2a: Zeraora|atk|1
|turn|28
|
|t:|1641842630
|switch|p2a: Corviknight|Corviknight, F|68/100
|-ability|p2a: Corviknight|Pressure
|move|p1a: Landorus|Earthquake|p2a: Corviknight
|-immune|p2a: Corviknight
|
|-heal|p2a: Corviknight|74/100|[from] item: Leftovers
|upkeep
|turn|29
|
|t:|1641842634
|move|p1a: Landorus|Knock Off|p2a: Corviknight
|-damage|p2a: Corviknight|56/100
|-enditem|p2a: Corviknight|Leftovers|[from] move: Knock Off|[of] p1a: Landorus
|move|p2a: Corviknight|Roost|p2a: Corviknight
|-heal|p2a: Corviknight|100/100
|-singleturn|p2a: Corviknight|move: Roost
|
|upkeep
|turn|30
|
|t:|1641842642
|move|p1a: Landorus|U-turn|p2a: Corviknight
|-resisted|p2a: Corviknight
|-damage|p2a: Corviknight|97/100
|
|t:|1641842644
|switch|p1a: Corviknight|Corviknight, F|93/100|[from]move: U-turn
|-ability|p1a: Corviknight|Pressure
|move|p2a: Corviknight|Brave Bird|p1a: Corviknight
|-resisted|p1a: Corviknight
|-damage|p1a: Corviknight|82/100
|-damage|p2a: Corviknight|93/100|[from] Recoil
|
|upkeep
|turn|31
|
|t:|1641842651
|switch|p2a: Zeraora|Zeraora|83/100
|move|p1a: Corviknight|Brave Bird|p2a: Zeraora
|-resisted|p2a: Zeraora
|-damage|p2a: Zeraora|57/100
|-damage|p1a: Corviknight|75/100|[from] Recoil
|
|-fieldend|move: Psychic Terrain
|upkeep
|turn|32
|
|t:|1641842657
|move|p2a: Zeraora|Bulk Up|p2a: Zeraora
|-boost|p2a: Zeraora|atk|1
|-boost|p2a: Zeraora|def|1
|move|p1a: Corviknight|Roost|p1a: Corviknight
|-heal|p1a: Corviknight|100/100
|-singleturn|p1a: Corviknight|move: Roost
|
|upkeep
|turn|33
|
|t:|1641842662
|move|p2a: Zeraora|Bulk Up|p2a: Zeraora
|-boost|p2a: Zeraora|atk|1
|-boost|p2a: Zeraora|def|1
|move|p1a: Corviknight|Brave Bird|p2a: Zeraora
|-resisted|p2a: Zeraora
|-damage|p2a: Zeraora|45/100
|-damage|p1a: Corviknight|97/100|[from] Recoil
|
|upkeep
|turn|34
|
|t:|1641842665
|move|p2a: Zeraora|Bulk Up|p2a: Zeraora
|-boost|p2a: Zeraora|atk|1
|-boost|p2a: Zeraora|def|1
|move|p1a: Corviknight|Brave Bird|p2a: Zeraora
|-resisted|p2a: Zeraora
|-damage|p2a: Zeraora|35/100
|-damage|p1a: Corviknight|94/100|[from] Recoil
|
|upkeep
|turn|35
|l| Yaoyao168
|
|t:|1641842672
|switch|p1a: Landorus|Landorus-Therian, M|100/100
|-ability|p1a: Landorus|Intimidate|boost
|-unboost|p2a: Zeraora|atk|1
|move|p2a: Zeraora|Bulk Up|p2a: Zeraora
|-boost|p2a: Zeraora|atk|1
|-boost|p2a: Zeraora|def|1
|
|upkeep
|turn|36
|
|t:|1641842677
|move|p2a: Zeraora|Knock Off|p1a: Landorus
|-damage|p1a: Landorus|38/100
|-enditem|p1a: Landorus|Leftovers|[from] move: Knock Off|[of] p2a: Zeraora
|move|p1a: Landorus|Earthquake|p2a: Zeraora
|-supereffective|p2a: Zeraora
|-damage|p2a: Zeraora|0 fnt
|faint|p2a: Zeraora
|
|upkeep
|
|t:|1641842685
|switch|p2a: Slowking|Slowking, M|92/100
|turn|37
|
|t:|1641842689
|move|p1a: Landorus|Knock Off|p2a: Slowking
|-supereffective|p2a: Slowking
|-damage|p2a: Slowking|29/100
|-enditem|p2a: Slowking|Heavy-Duty Boots|[from] move: Knock Off|[of] p1a: Landorus
|move|p2a: Slowking|Scald|p1a: Landorus
|-supereffective|p1a: Landorus
|-damage|p1a: Landorus|0 fnt
|faint|p1a: Landorus
|
|upkeep
|
|t:|1641842692
|switch|p1a: Corviknight|Corviknight, F|94/100
|-ability|p1a: Corviknight|Pressure
|turn|38
|
|t:|1641842695
|move|p1a: Corviknight|Brave Bird|p2a: Slowking
|-damage|p2a: Slowking|0 fnt
|faint|p2a: Slowking
|-damage|p1a: Corviknight|85/100|[from] Recoil
|
|upkeep
|
|t:|1641842703
|switch|p2a: Landorus|Landorus-Therian, M|35/100
|-ability|p2a: Landorus|Intimidate|boost
|-unboost|p1a: Corviknight|atk|1
|turn|39
|
|t:|1641842707
|move|p2a: Landorus|Knock Off|p1a: Corviknight
|-damage|p1a: Corviknight|73/100
|move|p1a: Corviknight|Brave Bird|p2a: Landorus
|-crit|p2a: Landorus
|-damage|p2a: Landorus|0 fnt
|faint|p2a: Landorus
|-damage|p1a: Corviknight|63/100|[from] Recoil
|
|upkeep
|
|t:|1641842709
|switch|p2a: Corviknight|Corviknight, F|93/100
|-ability|p2a: Corviknight|Pressure
|turn|40
|c|☆Anastaciogod|xD
|
|t:|1641842717
|move|p2a: Corviknight|Brave Bird|p1a: Corviknight
|-resisted|p1a: Corviknight
|-damage|p1a: Corviknight|51/100
|-damage|p2a: Corviknight|90/100|[from] Recoil
|move|p1a: Corviknight|Roost|p1a: Corviknight
|-heal|p1a: Corviknight|100/100
|-singleturn|p1a: Corviknight|move: Roost
|
|upkeep
|turn|41
|
|t:|1641842727
|move|p2a: Corviknight|Brave Bird|p1a: Corviknight
|-resisted|p1a: Corviknight
|-damage|p1a: Corviknight|89/100
|-damage|p2a: Corviknight|86/100|[from] Recoil
|move|p1a: Corviknight|Brave Bird|p2a: Corviknight
|-resisted|p2a: Corviknight
|-damage|p2a: Corviknight|79/100
|-damage|p1a: Corviknight|86/100|[from] Recoil
|
|upkeep
|turn|42
|
|t:|1641842745
|move|p2a: Corviknight|Brave Bird|p1a: Corviknight
|-resisted|p1a: Corviknight
|-damage|p1a: Corviknight|75/100
|-damage|p2a: Corviknight|75/100|[from] Recoil
|move|p1a: Corviknight|Brave Bird|p2a: Corviknight
|-resisted|p2a: Corviknight
|-damage|p2a: Corviknight|67/100
|-damage|p1a: Corviknight|72/100|[from] Recoil
|
|upkeep
|turn|43
|
|t:|1641842758
|move|p2a: Corviknight|Brave Bird|p1a: Corviknight
|-resisted|p1a: Corviknight
|-damage|p1a: Corviknight|62/100
|-damage|p2a: Corviknight|64/100|[from] Recoil
|move|p1a: Corviknight|Brave Bird|p2a: Corviknight
|-resisted|p2a: Corviknight
|-damage|p2a: Corviknight|56/100
|-damage|p1a: Corviknight|59/100|[from] Recoil
|
|upkeep
|turn|44
|
|t:|1641842766
|move|p2a: Corviknight|Brave Bird|p1a: Corviknight
|-resisted|p1a: Corviknight
|-damage|p1a: Corviknight|47/100
|-damage|p2a: Corviknight|52/100|[from] Recoil
|move|p1a: Corviknight|Roost|p1a: Corviknight
|-heal|p1a: Corviknight|97/100
|-singleturn|p1a: Corviknight|move: Roost
|
|upkeep
|turn|45
|
|t:|1641842772
|move|p2a: Corviknight|Brave Bird|p1a: Corviknight
|-resisted|p1a: Corviknight
|-damage|p1a: Corviknight|85/100
|-damage|p2a: Corviknight|48/100|[from] Recoil
|move|p1a: Corviknight|Brave Bird|p2a: Corviknight
|-resisted|p2a: Corviknight
|-damage|p2a: Corviknight|40/100
|-damage|p1a: Corviknight|83/100|[from] Recoil
|
|upkeep
|turn|46
|
|t:|1641842781
|move|p2a: Corviknight|Roost|p2a: Corviknight
|-heal|p2a: Corviknight|90/100
|-singleturn|p2a: Corviknight|move: Roost
|move|p1a: Corviknight|U-turn|p2a: Corviknight
|-resisted|p2a: Corviknight
|-damage|p2a: Corviknight|87/100
|
|upkeep
|turn|47
|
|t:|1641842787
|move|p2a: Corviknight|Brave Bird|p1a: Corviknight
|-resisted|p1a: Corviknight
|-damage|p1a: Corviknight|72/100
|-damage|p2a: Corviknight|84/100|[from] Recoil
|move|p1a: Corviknight|Brave Bird|p2a: Corviknight
|-resisted|p2a: Corviknight
|-damage|p2a: Corviknight|75/100
|-damage|p1a: Corviknight|69/100|[from] Recoil
|
|upkeep
|turn|48
|
|t:|1641842792
|move|p2a: Corviknight|Brave Bird|p1a: Corviknight
|-resisted|p1a: Corviknight
|-damage|p1a: Corviknight|58/100
|-damage|p2a: Corviknight|72/100|[from] Recoil
|move|p1a: Corviknight|Brave Bird|p2a: Corviknight
|-resisted|p2a: Corviknight
|-damage|p2a: Corviknight|64/100
|-damage|p1a: Corviknight|56/100|[from] Recoil
|
|upkeep
|turn|49
|
|t:|1641842797
|move|p2a: Corviknight|Brave Bird|p1a: Corviknight
|-resisted|p1a: Corviknight
|-damage|p1a: Corviknight|44/100
|-damage|p2a: Corviknight|60/100|[from] Recoil
|move|p1a: Corviknight|Brave Bird|p2a: Corviknight
|-resisted|p2a: Corviknight
|-damage|p2a: Corviknight|53/100
|-damage|p1a: Corviknight|42/100|[from] Recoil
|
|upkeep
|turn|50
|
|t:|1641842806
|move|p2a: Corviknight|Brave Bird|p1a: Corviknight
|-resisted|p1a: Corviknight
|-damage|p1a: Corviknight|31/100
|-damage|p2a: Corviknight|50/100|[from] Recoil
|move|p1a: Corviknight|Brave Bird|p2a: Corviknight
|-resisted|p2a: Corviknight
|-damage|p2a: Corviknight|42/100
|-damage|p1a: Corviknight|29/100|[from] Recoil
|
|upkeep
|turn|51
|
|t:|1641842813
|move|p2a: Corviknight|Roost|p2a: Corviknight
|-heal|p2a: Corviknight|92/100
|-singleturn|p2a: Corviknight|move: Roost
|move|p1a: Corviknight|Brave Bird|p2a: Corviknight
|-resisted|p2a: Corviknight
|-damage|p2a: Corviknight|85/100
|-damage|p1a: Corviknight|26/100|[from] Recoil
|
|upkeep
|turn|52
|
|t:|1641842816
|move|p2a: Corviknight|Brave Bird|p1a: Corviknight
|-resisted|p1a: Corviknight
|-damage|p1a: Corviknight|16/100
|-damage|p2a: Corviknight|81/100|[from] Recoil
|move|p1a: Corviknight|Roost|p1a: Corviknight
|-heal|p1a: Corviknight|66/100
|-singleturn|p1a: Corviknight|move: Roost
|
|upkeep
|turn|53
|
|t:|1641842826
|move|p2a: Corviknight|U-turn|p1a: Corviknight
|-resisted|p1a: Corviknight
|-damage|p1a: Corviknight|64/100
|move|p1a: Corviknight|U-turn|p2a: Corviknight
|-resisted|p2a: Corviknight
|-damage|p2a: Corviknight|80/100
|
|upkeep
|turn|54
|
|t:|1641842832
|move|p2a: Corviknight|U-turn|p1a: Corviknight
|-resisted|p1a: Corviknight
|-damage|p1a: Corviknight|62/100
|move|p1a: Corviknight|U-turn|p2a: Corviknight
|-resisted|p2a: Corviknight
|-damage|p2a: Corviknight|78/100
|
|upkeep
|turn|55
|
|t:|1641842838
|move|p2a: Corviknight|U-turn|p1a: Corviknight
|-resisted|p1a: Corviknight
|-damage|p1a: Corviknight|60/100
|move|p1a: Corviknight|U-turn|p2a: Corviknight
|-resisted|p2a: Corviknight
|-damage|p2a: Corviknight|77/100
|
|upkeep
|turn|56
|
|t:|1641842847
|move|p2a: Corviknight|U-turn|p1a: Corviknight
|-resisted|p1a: Corviknight
|-damage|p1a: Corviknight|58/100
|move|p1a: Corviknight|U-turn|p2a: Corviknight
|-resisted|p2a: Corviknight
|-damage|p2a: Corviknight|75/100
|
|upkeep
|turn|57
|
|t:|1641842852
|move|p2a: Corviknight|U-turn|p1a: Corviknight
|-resisted|p1a: Corviknight
|-damage|p1a: Corviknight|56/100
|move|p1a: Corviknight|Defog|p2a: Corviknight
|-unboost|p2a: Corviknight|evasion|1
|
|upkeep
|turn|58
|
|t:|1641842859
|move|p2a: Corviknight|U-turn|p1a: Corviknight
|-resisted|p1a: Corviknight
|-damage|p1a: Corviknight|54/100
|move|p1a: Corviknight|U-turn|p2a: Corviknight
|-resisted|p2a: Corviknight
|-damage|p2a: Corviknight|74/100
|
|upkeep
|turn|59
|
|t:|1641842863
|move|p2a: Corviknight|U-turn|p1a: Corviknight
|-resisted|p1a: Corviknight
|-damage|p1a: Corviknight|52/100
|move|p1a: Corviknight|U-turn|p2a: Corviknight
|-resisted|p2a: Corviknight
|-damage|p2a: Corviknight|72/100
|
|upkeep
|turn|60
|
|t:|1641842869
|move|p2a: Corviknight|U-turn|p1a: Corviknight
|-resisted|p1a: Corviknight
|-damage|p1a: Corviknight|50/100
|move|p1a: Corviknight|U-turn|p2a: Corviknight
|-resisted|p2a: Corviknight
|-damage|p2a: Corviknight|71/100
|
|upkeep
|turn|61
|
|t:|1641842875
|move|p2a: Corviknight|U-turn|p1a: Corviknight
|-resisted|p1a: Corviknight
|-damage|p1a: Corviknight|48/100
|move|p1a: Corviknight|U-turn|p2a: Corviknight
|-resisted|p2a: Corviknight
|-crit|p2a: Corviknight
|-damage|p2a: Corviknight|67/100
|
|upkeep
|turn|62
|
|t:|1641842880
|move|p2a: Corviknight|U-turn|p1a: Corviknight
|-resisted|p1a: Corviknight
|-damage|p1a: Corviknight|45/100
|move|p1a: Corviknight|U-turn|p2a: Corviknight
|-resisted|p2a: Corviknight
|-damage|p2a: Corviknight|65/100
|
|upkeep
|turn|63
|j| Yaoyao168
|
|t:|1641842894
|move|p2a: Corviknight|U-turn|p1a: Corviknight
|-resisted|p1a: Corviknight
|-damage|p1a: Corviknight|43/100
|move|p1a: Corviknight|U-turn|p2a: Corviknight
|-resisted|p2a: Corviknight
|-damage|p2a: Corviknight|63/100
|
|upkeep
|turn|64
|
|t:|1641842896
|move|p2a: Corviknight|U-turn|p1a: Corviknight
|-resisted|p1a: Corviknight
|-damage|p1a: Corviknight|41/100
|move|p1a: Corviknight|U-turn|p2a: Corviknight
|-resisted|p2a: Corviknight
|-damage|p2a: Corviknight|62/100
|
|upkeep
|turn|65
|
|t:|1641842901
|move|p2a: Corviknight|U-turn|p1a: Corviknight
|-resisted|p1a: Corviknight
|-damage|p1a: Corviknight|39/100
|move|p1a: Corviknight|U-turn|p2a: Corviknight
|-resisted|p2a: Corviknight
|-damage|p2a: Corviknight|60/100
|
|upkeep
|turn|66
|c| Yaoyao168|bruh?
|
|t:|1641842904
|move|p2a: Corviknight|U-turn|p1a: Corviknight
|-resisted|p1a: Corviknight
|-damage|p1a: Corviknight|37/100
|move|p1a: Corviknight|U-turn|p2a: Corviknight
|-resisted|p2a: Corviknight
|-damage|p2a: Corviknight|59/100
|
|upkeep
|turn|67
|c| Yaoyao168|wtf is this?
|
|t:|1641842909
|move|p2a: Corviknight|U-turn|p1a: Corviknight
|-resisted|p1a: Corviknight
|-damage|p1a: Corviknight|35/100
|move|p1a: Corviknight|U-turn|p2a: Corviknight
|-resisted|p2a: Corviknight
|-damage|p2a: Corviknight|57/100
|
|upkeep
|turn|68
|
|t:|1641842915
|move|p2a: Corviknight|Roost|p2a: Corviknight
|-heal|p2a: Corviknight|100/100
|-singleturn|p2a: Corviknight|move: Roost
|move|p1a: Corviknight|U-turn|p2a: Corviknight
|-resisted|p2a: Corviknight
|-damage|p2a: Corviknight|97/100
|
|upkeep
|turn|69
|
|t:|1641842918
|move|p2a: Corviknight|Defog|p1a: Corviknight
|-unboost|p1a: Corviknight|evasion|1
|move|p1a: Corviknight|Roost|p1a: Corviknight
|-heal|p1a: Corviknight|85/100
|-singleturn|p1a: Corviknight|move: Roost
|
|upkeep
|turn|70
|c| Yaoyao168|this is literally corviknight stall fight
|
|t:|1641842923
|move|p2a: Corviknight|Defog|p1a: Corviknight
|-unboost|p1a: Corviknight|evasion|1
|move|p1a: Corviknight|Defog|p2a: Corviknight
|-unboost|p2a: Corviknight|evasion|1
|
|upkeep
|turn|71
|c|☆Anastaciogod|yeah pp fight
|
|t:|1641842929
|move|p2a: Corviknight|Defog|p1a: Corviknight
|-unboost|p1a: Corviknight|evasion|1
|move|p1a: Corviknight|Defog|p2a: Corviknight
|-unboost|p2a: Corviknight|evasion|1
|
|upkeep
|turn|72
|c| Yaoyao168|WTF
|
|t:|1641842935
|move|p2a: Corviknight|Defog|p1a: Corviknight
|-unboost|p1a: Corviknight|evasion|1
|move|p1a: Corviknight|Defog|p2a: Corviknight
|-unboost|p2a: Corviknight|evasion|1
|
|upkeep
|turn|73
|
|t:|1641842938
|move|p2a: Corviknight|Defog|p1a: Corviknight
|-unboost|p1a: Corviknight|evasion|1
|move|p1a: Corviknight|Defog|p2a: Corviknight
|-unboost|p2a: Corviknight|evasion|1
|
|upkeep
|turn|74
|
|t:|1641842944
|move|p2a: Corviknight|Defog|p1a: Corviknight
|-unboost|p1a: Corviknight|evasion|1
|move|p1a: Corviknight|Defog|p2a: Corviknight
|-unboost|p2a: Corviknight|evasion|1
|
|upkeep
|turn|75
|l| Yaoyao168
|c|☆Anastaciogod|we have exactly the same amount of pp
|
|t:|1641842958
|move|p2a: Corviknight|Defog||[still]
|-unboost|p1a: Corviknight|evasion|0
|-fail|p2a: Corviknight
|move|p1a: Corviknight|Defog||[still]
|-unboost|p2a: Corviknight|evasion|0
|-fail|p1a: Corviknight
|
|upkeep
|turn|76
|
|t:|1641842961
|move|p2a: Corviknight|Defog||[still]
|-unboost|p1a: Corviknight|evasion|0
|-fail|p2a: Corviknight
|move|p1a: Corviknight|Defog||[still]
|-unboost|p2a: Corviknight|evasion|0
|-fail|p1a: Corviknight
|
|upkeep
|turn|77
|
|t:|1641842963
|move|p2a: Corviknight|Defog||[still]
|-unboost|p1a: Corviknight|evasion|0
|-fail|p2a: Corviknight
|move|p1a: Corviknight|Defog||[still]
|-unboost|p2a: Corviknight|evasion|0
|-fail|p1a: Corviknight
|
|upkeep
|turn|78
|
|t:|1641842966
|move|p2a: Corviknight|Defog||[still]
|-unboost|p1a: Corviknight|evasion|0
|-fail|p2a: Corviknight
|move|p1a: Corviknight|Defog||[still]
|-unboost|p2a: Corviknight|evasion|0
|-fail|p1a: Corviknight
|
|upkeep
|turn|79
|
|t:|1641842969
|move|p2a: Corviknight|Defog||[still]
|-unboost|p1a: Corviknight|evasion|0
|-fail|p2a: Corviknight
|move|p1a: Corviknight|Defog||[still]
|-unboost|p2a: Corviknight|evasion|0
|-fail|p1a: Corviknight
|
|upkeep
|turn|80
|
|t:|1641842975
|move|p2a: Corviknight|Roost|p2a: Corviknight
|-heal|p2a: Corviknight|100/100
|-singleturn|p2a: Corviknight|move: Roost
|move|p1a: Corviknight|Defog||[still]
|-unboost|p2a: Corviknight|evasion|0
|-fail|p1a: Corviknight
|
|upkeep
|turn|81
|
|t:|1641842982
|move|p2a: Corviknight|Roost||[still]
|-fail|p2a: Corviknight|heal
|move|p1a: Corviknight|Roost|p1a: Corviknight
|-heal|p1a: Corviknight|100/100
|-singleturn|p1a: Corviknight|move: Roost
|
|upkeep
|turn|82
|
|t:|1641842986
|move|p2a: Corviknight|Roost||[still]
|-fail|p2a: Corviknight|heal
|move|p1a: Corviknight|Roost||[still]
|-fail|p1a: Corviknight|heal
|
|upkeep
|turn|83
|
|t:|1641842987
|move|p2a: Corviknight|Roost||[still]
|-fail|p2a: Corviknight|heal
|move|p1a: Corviknight|Roost||[still]
|-fail|p1a: Corviknight|heal
|
|upkeep
|turn|84
|
|t:|1641842989
|move|p2a: Corviknight|Roost||[still]
|-fail|p2a: Corviknight|heal
|move|p1a: Corviknight|Roost||[still]
|-fail|p1a: Corviknight|heal
|
|upkeep
|turn|85
|
|t:|1641842991
|move|p2a: Corviknight|Roost||[still]
|-fail|p2a: Corviknight|heal
|move|p1a: Corviknight|Roost||[still]
|-fail|p1a: Corviknight|heal
|
|upkeep
|turn|86
|
|t:|1641843000
|move|p2a: Corviknight|Roost||[still]
|-fail|p2a: Corviknight|heal
|move|p1a: Corviknight|Roost||[still]
|-fail|p1a: Corviknight|heal
|
|upkeep
|turn|87
|
|t:|1641843002
|move|p2a: Corviknight|Roost||[still]
|-fail|p2a: Corviknight|heal
|move|p1a: Corviknight|Roost||[still]
|-fail|p1a: Corviknight|heal
|
|upkeep
|turn|88
|
|t:|1641843005
|move|p2a: Corviknight|Roost||[still]
|-fail|p2a: Corviknight|heal
|move|p1a: Corviknight|Roost||[still]
|-fail|p1a: Corviknight|heal
|
|upkeep
|turn|89
|
|t:|1641843010
|move|p2a: Corviknight|Roost||[still]
|-fail|p2a: Corviknight|heal
|move|p1a: Corviknight|Roost||[still]
|-fail|p1a: Corviknight|heal
|
|upkeep
|turn|90
|
|t:|1641843013
|move|p2a: Corviknight|Roost||[still]
|-fail|p2a: Corviknight|heal
|move|p1a: Corviknight|Roost||[still]
|-fail|p1a: Corviknight|heal
|
|upkeep
|turn|91
|
|t:|1641843016
|move|p2a: Corviknight|Roost||[still]
|-fail|p2a: Corviknight|heal
|-activate|p1a: Corviknight|move: Struggle
|move|p1a: Corviknight|Struggle|p2a: Corviknight
|-damage|p2a: Corviknight|96/100
|-damage|p1a: Corviknight|75/100|[from] recoil
|
|upkeep
|turn|92
|j| Yaoyao168
|
|t:|1641843022
|-activate|p2a: Corviknight|move: Struggle
|move|p2a: Corviknight|Struggle|p1a: Corviknight
|-damage|p1a: Corviknight|69/100
|-damage|p2a: Corviknight|71/100|[from] recoil
|-activate|p1a: Corviknight|move: Struggle
|move|p1a: Corviknight|Struggle|p2a: Corviknight
|-damage|p2a: Corviknight|67/100
|-damage|p1a: Corviknight|44/100|[from] recoil
|
|upkeep
|turn|93
|c| Yaoyao168|alr what's happpening?
|
|t:|1641843030
|-activate|p2a: Corviknight|move: Struggle
|move|p2a: Corviknight|Struggle|p1a: Corviknight
|-damage|p1a: Corviknight|38/100
|-damage|p2a: Corviknight|42/100|[from] recoil
|-activate|p1a: Corviknight|move: Struggle
|move|p1a: Corviknight|Struggle|p2a: Corviknight
|-damage|p2a: Corviknight|37/100
|-damage|p1a: Corviknight|13/100|[from] recoil
|
|upkeep
|turn|94
|c| Yaoyao168|wtf
|c|☆Anastaciogod|struggle
|
|t:|1641843035
|-activate|p2a: Corviknight|move: Struggle
|move|p2a: Corviknight|Struggle|p1a: Corviknight
|-damage|p1a: Corviknight|7/100
|-damage|p2a: Corviknight|12/100|[from] recoil
|-activate|p1a: Corviknight|move: Struggle
|move|p1a: Corviknight|Struggle|p2a: Corviknight
|-damage|p2a: Corviknight|7/100
|-damage|p1a: Corviknight|0 fnt|[from] recoil
|faint|p1a: Corviknight
|
|win|Anastaciogod
|c|☆Anastaciogod|gg
|l| Yaoyao168
|c|☆Anastaciogod|ahahahaha
|l|☆Anastaciogod
