|j|☆Waple_22
|j|☆cogonahorse
|t:|1641699064
|gametype|singles
|player|p1|Waple_22|giovanni|1523
|player|p2|cogonahorse|hilbert-wonderlauncher|1544
|teamsize|p1|6
|teamsize|p2|6
|gen|8
|tier|[Gen 8] OU
|rated|
|rule|Sleep Clause Mod: Limit one foe put to sleep
|rule|Species Clause: Limit one of each Pokémon
|rule|OHKO Clause: OHKO moves are banned
|rule|Evasion Moves Clause: Evasion moves are banned
|rule|Endless Battle Clause: Forcing endless battles is banned
|rule|HP Percentage Mod: HP is shown in percentages
|rule|Dynamax Clause: You cannot dynamax
|clearpoke
|poke|p1|Jirachi|
|poke|p1|Regieleki|
|poke|p1|Dragonite, M|
|poke|p1|Garchomp, F|
|poke|p1|Volcarona, M|
|poke|p1|Bisharp, M|
|poke|p2|Blaziken, M|
|poke|p2|Hydreigon, M|
|poke|p2|Slowbro, F|
|poke|p2|Corviknight, F|
|poke|p2|Garchomp, M|
|poke|p2|Ferrothorn, M|
|teampreview
|inactive|Battle timer is ON: inactive players will automatically lose when time's up. (requested by Waple_22)
|
|t:|1641699083
|start
|switch|p1a: Jirachi|Jirachi|100/100
|switch|p2a: Garchomp|Garchomp, M|100/100
|turn|1
|
|t:|1641699095
|move|p2a: Garchomp|Swords Dance|p2a: Garchomp
|-boost|p2a: Garchomp|atk|2
|move|p1a: Jirachi|Trick|p2a: Garchomp
|-activate|p1a: Jirachi|move: Trick|[of] p2a: Garchomp
|-item|p2a: Garchomp|Ring Target|[from] move: Trick
|-item|p1a: Jirachi|Leftovers|[from] move: Trick
|
|upkeep
|turn|2
|
|t:|1641699101
|move|p2a: Garchomp|Scale Shot|p1a: Jirachi
|-resisted|p1a: Jirachi
|-damage|p1a: Jirachi|87/100
|-resisted|p1a: Jirachi
|-damage|p1a: Jirachi|75/100
|-resisted|p1a: Jirachi
|-damage|p1a: Jirachi|62/100
|-hitcount|p1a: Jirachi|3
|-unboost|p2a: Garchomp|def|1
|-boost|p2a: Garchomp|spe|1
|move|p1a: Jirachi|Stealth Rock|p2a: Garchomp
|-sidestart|p2: cogonahorse|move: Stealth Rock
|
|-heal|p1a: Jirachi|68/100|[from] item: Leftovers
|upkeep
|turn|3
|
|t:|1641699108
|move|p2a: Garchomp|Scale Shot|p1a: Jirachi
|-resisted|p1a: Jirachi
|-damage|p1a: Jirachi|55/100
|-resisted|p1a: Jirachi
|-crit|p1a: Jirachi
|-damage|p1a: Jirachi|35/100
|-resisted|p1a: Jirachi
|-damage|p1a: Jirachi|21/100
|-resisted|p1a: Jirachi
|-damage|p1a: Jirachi|8/100
|-resisted|p1a: Jirachi
|-damage|p1a: Jirachi|0 fnt
|faint|p1a: Jirachi
|-hitcount|p1: Jirachi|5
|-unboost|p2a: Garchomp|def|1
|-boost|p2a: Garchomp|spe|1
|
|upkeep
|
|t:|1641699121
|switch|p1a: Bisharp|Bisharp, M|100/100
|turn|4
|
|t:|1641699125
|move|p1a: Bisharp|Sucker Punch|p2a: Garchomp
|-damage|p2a: Garchomp|1/100
|-damage|p1a: Bisharp|88/100|[from] ability: Rough Skin|[of] p2a: Garchomp
|-damage|p1a: Bisharp|78/100|[from] item: Life Orb
|move|p2a: Garchomp|Earthquake|p1a: Bisharp
|-supereffective|p1a: Bisharp
|-damage|p1a: Bisharp|0 fnt
|faint|p1a: Bisharp
|
|upkeep
|c|☆Waple_22|oh cmon
|
|t:|1641699145
|switch|p1a: Dragonite|Dragonite, M|100/100
|turn|5
|c|☆cogonahorse|yeah that's unfortunate
|c|☆cogonahorse|idk what the roll odds were
|
|t:|1641699161
|move|p2a: Garchomp|Scale Shot|p1a: Dragonite
|-supereffective|p1a: Dragonite
|-damage|p1a: Dragonite|73/100
|-supereffective|p1a: Dragonite
|-damage|p1a: Dragonite|14/100
|-supereffective|p1a: Dragonite
|-damage|p1a: Dragonite|0 fnt
|faint|p1a: Dragonite
|-hitcount|p1: Dragonite|3
|-unboost|p2a: Garchomp|def|1
|-boost|p2a: Garchomp|spe|1
|
|upkeep
|c|☆Waple_22|i did
|c|☆Waple_22|thats rly annoying😭
|inactive|Waple_22 has 120 seconds left.
|c|☆cogonahorse|ah
|
|t:|1641699194
|switch|p1a: Garchomp|Garchomp, F|100/100
|turn|6
|
|t:|1641699197
|move|p2a: Garchomp|Scale Shot|p1a: Garchomp
|-supereffective|p1a: Garchomp
|-damage|p1a: Garchomp|53/100
|-supereffective|p1a: Garchomp
|-damage|p1a: Garchomp|2/100
|-hitcount|p1a: Garchomp|2
|-unboost|p2a: Garchomp|def|1
|-boost|p2a: Garchomp|spe|1
|move|p1a: Garchomp|Earthquake|p2a: Garchomp
|-damage|p2a: Garchomp|0 fnt
|faint|p2a: Garchomp
|-damage|p1a: Garchomp|0 fnt|[from] item: Life Orb
|faint|p1a: Garchomp
|
|upkeep
|
|t:|1641699213
|switch|p1a: Regieleki|Regieleki|100/100
|switch|p2a: Hydreigon|Hydreigon, M|100/100
|-damage|p2a: Hydreigon|88/100|[from] Stealth Rock
|turn|7
|c|☆Waple_22|i gotta clutch up💯
|
|t:|1641699224
|move|p1a: Regieleki|Volt Switch|p2a: Hydreigon
|-resisted|p2a: Hydreigon
|-damage|p2a: Hydreigon|48/100
|
|t:|1641699226
|switch|p1a: Volcarona|Volcarona, M|100/100|[from]move: Volt Switch
|move|p2a: Hydreigon|Dark Pulse|p1a: Volcarona
|-damage|p1a: Volcarona|41/100
|-damage|p2a: Hydreigon|38/100|[from] item: Life Orb
|
|upkeep
|turn|8
|
|t:|1641699232
|move|p1a: Volcarona|Fiery Dance|p2a: Hydreigon
|-resisted|p2a: Hydreigon
|-damage|p2a: Hydreigon|16/100
|move|p2a: Hydreigon|Draco Meteor|p1a: Volcarona
|-damage|p1a: Volcarona|0 fnt
|-unboost|p2a: Hydreigon|spa|2
|faint|p1a: Volcarona
|-damage|p2a: Hydreigon|6/100|[from] item: Life Orb
|
|upkeep
|
|t:|1641699235
|switch|p1a: Regieleki|Regieleki|100/100
|turn|9
|
|t:|1641699243
|move|p1a: Regieleki|Thunderbolt|p2a: Hydreigon
|-resisted|p2a: Hydreigon
|-damage|p2a: Hydreigon|0 fnt
|faint|p2a: Hydreigon
|
|upkeep
|
|t:|1641699245
|switch|p2a: Ferrothorn|Ferrothorn, M|100/100
|-damage|p2a: Ferrothorn|94/100|[from] Stealth Rock
|turn|10
|
|t:|1641699248
|move|p1a: Regieleki|Thunderbolt|p2a: Ferrothorn
|-resisted|p2a: Ferrothorn
|-damage|p2a: Ferrothorn|66/100
|move|p2a: Ferrothorn|Knock Off|p1a: Regieleki
|-damage|p1a: Regieleki|61/100
|-enditem|p1a: Regieleki|Choice Specs|[from] move: Knock Off|[of] p2a: Ferrothorn
|
|-heal|p2a: Ferrothorn|72/100|[from] item: Leftovers
|upkeep
|turn|11
|
|t:|1641699253
|move|p1a: Regieleki|Electro Ball|p2a: Ferrothorn
|-resisted|p2a: Ferrothorn
|-damage|p2a: Ferrothorn|40/100
|move|p2a: Ferrothorn|Power Whip|p1a: Regieleki
|-damage|p1a: Regieleki|0 fnt
|faint|p1a: Regieleki
|
|win|cogonahorse
|raw|Waple_22's rating: 1523 &rarr; <strong>1504</strong><br />(-19 for losing)
|raw|cogonahorse's rating: 1544 &rarr; <strong>1563</strong><br />(+19 for winning)
|c|☆Waple_22|oh well
|c|☆Waple_22|gg
|c|☆cogonahorse|gg sorry about the hax
|c|☆Waple_22|nah all h
|c|☆Waple_22|g*
|l|☆Waple_22
|c|☆cogonahorse|hope any other battles you do today go better
