|j|☆Envied
|j|☆GGeorgie
|t:|1641778857
|gametype|singles
|player|p1|Envied|2|1552
|player|p2|GGeorgie|hiker-gen2|1737
|teamsize|p1|6
|teamsize|p2|6
|gen|8
|tier|[Gen 8] OU
|rated|
|rule|Sleep Clause Mod: Limit one foe put to sleep
|rule|Species Clause: Limit one of each Pokémon
|rule|OHKO Clause: OHKO moves are banned
|rule|Evasion Moves Clause: Evasion moves are banned
|rule|Endless Battle Clause: Forcing endless battles is banned
|rule|HP Percentage Mod: HP is shown in percentages
|rule|Dynamax Clause: You cannot dynamax
|clearpoke
|poke|p1|Clefable, M|
|poke|p1|Garchomp, F|
|poke|p1|Slowbro, M|
|poke|p1|Melmetal|
|poke|p1|Crawdaunt, F|
|poke|p1|Zapdos|
|poke|p2|Weavile, F|
|poke|p2|Tapu Lele|
|poke|p2|Heatran, F|
|poke|p2|Landorus-Therian, M|
|poke|p2|Ferrothorn, M|
|poke|p2|Zapdos|
|teampreview
|inactive|Battle timer is ON: inactive players will automatically lose when time's up. (requested by GGeorgie)
|j| Weaselfie ☾
|
|t:|1641778885
|start
|switch|p1a: Garchomp|Garchomp, F|100/100
|switch|p2a: Weavile|Weavile, F, shiny|100/100
|-ability|p2a: Weavile|Pressure
|turn|1
|
|t:|1641778895
|switch|p1a: Slowbro|Slowbro, M|100/100
|move|p2a: Weavile|Low Kick|p1a: Slowbro
|-resisted|p1a: Slowbro
|-damage|p1a: Slowbro|90/100
|-damage|p2a: Weavile|84/100|[from] item: Rocky Helmet|[of] p1a: Slowbro
|
|upkeep
|turn|2
|c| Weaselfie ☾|ggeorgie u arent even using the fucking team
|c|☆GGeorgie|yeah cause it isn't finished
|c|☆GGeorgie|idiot
|c|☆GGeorgie|>:(
|c| Weaselfie ☾|it is
|j| The Dragon Gyrados
|c| Weaselfie ☾|kinda
|
|t:|1641778912
|switch|p2a: Zapdos|Zapdos|100/100
|move|p1a: Slowbro|Scald|p2a: Zapdos
|-damage|p2a: Zapdos|75/100
|
|upkeep
|turn|3
|
|t:|1641778916
|switch|p1a: Garchomp|Garchomp, F|100/100
|move|p2a: Zapdos|Hurricane|p1a: Garchomp|[miss]
|-miss|p2a: Zapdos|p1a: Garchomp
|
|upkeep
|turn|4
|
|t:|1641778926
|switch|p2a: Landorus|Landorus-Therian, M|100/100
|-ability|p2a: Landorus|Intimidate|boost
|-unboost|p1a: Garchomp|atk|1
|move|p1a: Garchomp|Toxic|p2a: Landorus
|-status|p2a: Landorus|tox
|
|-damage|p2a: Landorus|94/100 tox|[from] psn
|upkeep
|turn|5
|
|t:|1641778931
|move|p2a: Landorus|Toxic|p1a: Garchomp
|-status|p1a: Garchomp|tox
|move|p1a: Garchomp|Stealth Rock|p2a: Landorus
|-sidestart|p2: GGeorgie|move: Stealth Rock
|
|-heal|p2a: Landorus|100/100 tox|[from] item: Leftovers
|-damage|p2a: Landorus|88/100 tox|[from] psn
|-damage|p1a: Garchomp|94/100 tox|[from] psn
|upkeep
|turn|6
|
|t:|1641778937
|switch|p1a: Slowbro|Slowbro, M|100/100
|move|p2a: Landorus|Defog|p1a: Slowbro
|-unboost|p1a: Slowbro|evasion|1
|-sideend|p2: GGeorgie|Stealth Rock|[from] move: Defog|[of] p2a: Landorus
|
|-heal|p2a: Landorus|94/100 tox|[from] item: Leftovers
|-damage|p2a: Landorus|76/100 tox|[from] psn
|upkeep
|turn|7
|
|t:|1641778943
|switch|p2a: Ferrothorn|Ferrothorn, M, shiny|100/100
|move|p1a: Slowbro|Trick Room|p1a: Slowbro
|-fieldstart|move: Trick Room|[of] p1a: Slowbro
|
|upkeep
|turn|8
|
|t:|1641778946
|switch|p2a: Heatran|Heatran, F|100/100
|move|p1a: Slowbro|Teleport|p1a: Slowbro
|j| B4tt1enet
|inactive|Envied has 120 seconds left.
|
|t:|1641778979
|switch|p1a: Crawdaunt|Crawdaunt, F|100/100|[from]move: Teleport
|
|upkeep
|turn|9
|c|☆GGeorgie|I might've made a mistake
|c| The Dragon Gyrados|dunno why he took so long
|
|t:|1641778986
|switch|p2a: Ferrothorn|Ferrothorn, M, shiny|100/100
|move|p1a: Crawdaunt|Knock Off|p2a: Ferrothorn
|-damage|p2a: Ferrothorn|36/100
|-damage|p1a: Crawdaunt|88/100|[from] ability: Iron Barbs|[of] p2a: Ferrothorn
|-enditem|p2a: Ferrothorn|Shed Shell|[from] move: Knock Off|[of] p1a: Crawdaunt
|
|upkeep
|turn|10
|c| The Dragon Gyrados|that was the obv tag
|
|t:|1641778993
|move|p2a: Ferrothorn|Leech Seed|p1a: Crawdaunt
|-start|p1a: Crawdaunt|move: Leech Seed
|move|p1a: Crawdaunt|Knock Off|p2a: Ferrothorn
|-damage|p2a: Ferrothorn|0 fnt
|-damage|p1a: Crawdaunt|76/100|[from] ability: Iron Barbs|[of] p2a: Ferrothorn
|faint|p2a: Ferrothorn
|
|upkeep
|
|t:|1641779001
|switch|p2a: Weavile|Weavile, F, shiny|84/100
|-ability|p2a: Weavile|Pressure
|turn|11
|
|t:|1641779004
|move|p1a: Crawdaunt|Knock Off|p2a: Weavile
|-resisted|p2a: Weavile
|-damage|p2a: Weavile|0 fnt
|-enditem|p2a: Weavile|Choice Band|[from] move: Knock Off|[of] p1a: Crawdaunt
|faint|p2a: Weavile
|
|-fieldend|move: Trick Room
|upkeep
|c| The Dragon Gyrados|damn
|
|t:|1641779010
|switch|p2a: Tapu Lele|Tapu Lele|100/100
|-fieldstart|move: Psychic Terrain|[from] ability: Psychic Surge|[of] p2a: Tapu Lele
|turn|12
|j| Kyurem
|inactive|Envied has 120 seconds left.
|
|t:|1641779053
|switch|p1a: Clefable|Clefable, M|100/100
|move|p2a: Tapu Lele|Moonblast|p1a: Clefable
|-damage|p1a: Clefable|66/100
|
|upkeep
|turn|13
|l|☆Envied
|inactive|Envied disconnected and has a minute to reconnect!
|player|p1|
|j|☆Envied
|inactive|Envied reconnected and has 115 seconds left.
|player|p1|Envied|2
|
|t:|1641779066
|switch|p2a: Heatran|Heatran, F|100/100
|move|p1a: Clefable|Moonlight|p1a: Clefable
|-heal|p1a: Clefable|100/100
|
|upkeep
|turn|14
|c| The Dragon Gyrados|doesnt she got softboiled?
|l|☆Envied
|inactive|Envied disconnected and has a minute to reconnect!
|player|p1|
|c|☆GGeorgie|it's probably teleport
|c| Weaselfie ☾|she?
|c| Weaselfie ☾|its clearly a male
|c| The Dragon Gyrados|softboiled she does have it
|c|☆GGeorgie|smh misgendering pokemon in 2021
|inactive|Envied has 30 seconds to reconnect!
|c|☆GGeorgie|er
|c|☆GGeorgie|2022
|c| The Dragon Gyrados|why are u using moonlight?
|inactive|Envied has 20 seconds to reconnect!
|c|☆GGeorgie|he left bro
|c|☆GGeorgie|he not even here
|inactive|Envied has 15 seconds to reconnect!
|c| The Dragon Gyrados|oh
|inactive|Envied has 10 seconds to reconnect!
|c| Weaselfie ☾|its ur fault
|j|☆Envied
|inactive|Envied reconnected and has 45 seconds left.
|player|p1|Envied|2
|c| Weaselfie ☾|u misgendered the clef
|c| Kyurem|idt you can learn softboiled with certain abilities though
|c| The Dragon Gyrados|there she goes
|
|t:|1641779152
|move|p2a: Heatran|Stealth Rock|p1a: Clefable
|-sidestart|p1: Envied|move: Stealth Rock
|move|p1a: Clefable|Aromatherapy|p1a: Clefable
|-activate|p1a: Clefable|move: Aromatherapy
|-curestatus|p1: Garchomp|tox|[msg]
|
|upkeep
|turn|15
|
|t:|1641779157
|switch|p2a: Tapu Lele|Tapu Lele|100/100
|move|p1a: Clefable|Teleport|p1a: Clefable
|
|t:|1641779165
|switch|p1a: Slowbro|Slowbro, M|100/100|[from]move: Teleport
|-damage|p1a: Slowbro|88/100|[from] Stealth Rock
|
|upkeep
|turn|16
|
|t:|1641779176
|move|p2a: Tapu Lele|Moonblast|p1a: Slowbro
|-damage|p1a: Slowbro|36/100
|move|p1a: Slowbro|Trick Room|p1a: Slowbro
|-fieldstart|move: Trick Room|[of] p1a: Slowbro
|
|-fieldend|move: Psychic Terrain
|upkeep
|turn|17
|
|t:|1641779182
|switch|p1a: Melmetal|Melmetal|100/100
|-damage|p1a: Melmetal|94/100|[from] Stealth Rock
|switch|p2a: Zapdos|Zapdos|75/100
|
|upkeep
|turn|18
|inactive|Envied has 60 seconds left.
|
|t:|1641779189
|switch|p2a: Heatran|Heatran, F|100/100
|move|p1a: Melmetal|Double Iron Bash|p2a: Heatran
|-resisted|p2a: Heatran
|-damage|p2a: Heatran|86/100
|-resisted|p2a: Heatran
|-damage|p2a: Heatran|73/100
|-hitcount|p2a: Heatran|2
|
|-heal|p2a: Heatran|79/100|[from] item: Leftovers
|upkeep
|turn|19
|inactive|Envied has 60 seconds left.
|
|t:|1641779205
|switch|p1a: Crawdaunt|Crawdaunt, F|76/100
|-damage|p1a: Crawdaunt|63/100|[from] Stealth Rock
|switch|p2a: Zapdos|Zapdos|75/100
|
|upkeep
|turn|20
|inactive|Envied has 60 seconds left.
|c| The Dragon Gyrados|wow
|
|t:|1641779214
|switch|p2a: Landorus|Landorus-Therian, M|76/100 tox
|-ability|p2a: Landorus|Intimidate|boost
|-unboost|p1a: Crawdaunt|atk|1
|move|p1a: Crawdaunt|Knock Off|p2a: Landorus
|-damage|p2a: Landorus|10/100 tox
|-enditem|p2a: Landorus|Leftovers|[from] move: Knock Off|[of] p1a: Crawdaunt
|
|-damage|p2a: Landorus|4/100 tox|[from] psn
|-fieldend|move: Trick Room
|upkeep
|turn|21
|
|t:|1641779219
|switch|p1a: Slowbro|Slowbro, M|70/100
|-damage|p1a: Slowbro|57/100|[from] Stealth Rock
|move|p2a: Landorus|Toxic|p1a: Slowbro
|-status|p1a: Slowbro|tox
|
|-damage|p2a: Landorus|0 fnt|[from] psn
|faint|p2a: Landorus
|-damage|p1a: Slowbro|51/100 tox|[from] psn
|upkeep
|
|t:|1641779222
|switch|p2a: Tapu Lele|Tapu Lele|100/100
|-fieldstart|move: Psychic Terrain|[from] ability: Psychic Surge|[of] p2a: Tapu Lele
|turn|22
|
|t:|1641779237
|switch|p1a: Clefable|Clefable, M|100/100
|move|p2a: Tapu Lele|Moonblast|p1a: Clefable
|-damage|p1a: Clefable|65/100
|-unboost|p1a: Clefable|spa|1
|
|upkeep
|turn|23
|
|t:|1641779244
|move|p2a: Tapu Lele|Moonblast|p1a: Clefable
|-damage|p1a: Clefable|26/100
|move|p1a: Clefable|Moonlight|p1a: Clefable
|-heal|p1a: Clefable|76/100
|
|upkeep
|turn|24
|
|t:|1641779246
|move|p2a: Tapu Lele|Moonblast|p1a: Clefable
|-damage|p1a: Clefable|42/100
|move|p1a: Clefable|Aromatherapy|p1a: Clefable
|-activate|p1a: Clefable|move: Aromatherapy
|-curestatus|p1: Slowbro|tox|[msg]
|
|upkeep
|turn|25
|
|t:|1641779248
|move|p2a: Tapu Lele|Moonblast|p1a: Clefable
|-damage|p1a: Clefable|8/100
|move|p1a: Clefable|Moonlight|p1a: Clefable
|-heal|p1a: Clefable|58/100
|
|upkeep
|turn|26
|
|t:|1641779251
|move|p2a: Tapu Lele|Moonblast|p1a: Clefable
|-damage|p1a: Clefable|21/100
|move|p1a: Clefable|Moonlight|p1a: Clefable
|-heal|p1a: Clefable|71/100
|
|-fieldend|move: Psychic Terrain
|upkeep
|turn|27
|
|t:|1641779253
|move|p2a: Tapu Lele|Moonblast|p1a: Clefable
|-damage|p1a: Clefable|32/100
|move|p1a: Clefable|Moonlight|p1a: Clefable
|-heal|p1a: Clefable|82/100
|
|upkeep
|turn|28
|
|t:|1641779256
|move|p2a: Tapu Lele|Moonblast|p1a: Clefable
|-damage|p1a: Clefable|43/100
|move|p1a: Clefable|Moonblast|p2a: Tapu Lele
|-damage|p2a: Tapu Lele|77/100
|
|upkeep
|turn|29
|
|t:|1641779259
|move|p2a: Tapu Lele|Moonblast|p1a: Clefable
|-damage|p1a: Clefable|10/100
|-unboost|p1a: Clefable|spa|1
|move|p1a: Clefable|Moonlight|p1a: Clefable
|-heal|p1a: Clefable|60/100
|
|upkeep
|turn|30
|
|t:|1641779265
|switch|p1a: Melmetal|Melmetal|94/100
|-damage|p1a: Melmetal|88/100|[from] Stealth Rock
|move|p2a: Tapu Lele|Moonblast|p1a: Melmetal
|-resisted|p1a: Melmetal
|-damage|p1a: Melmetal|63/100
|
|upkeep
|turn|31
|
|t:|1641779271
|switch|p2a: Zapdos|Zapdos|75/100
|move|p1a: Melmetal|Thunder Punch|p2a: Zapdos
|-damage|p2a: Zapdos|33/100
|
|upkeep
|turn|32
|
|t:|1641779280
|switch|p1a: Garchomp|Garchomp, F|94/100
|-damage|p1a: Garchomp|88/100|[from] Stealth Rock
|move|p2a: Zapdos|Roost|p2a: Zapdos
|-heal|p2a: Zapdos|83/100
|-singleturn|p2a: Zapdos|move: Roost
|
|-heal|p1a: Garchomp|94/100|[from] item: Leftovers
|upkeep
|turn|33
|
|t:|1641779287
|move|p2a: Zapdos|Hurricane|p1a: Garchomp|[miss]
|-miss|p2a: Zapdos|p1a: Garchomp
|move|p1a: Garchomp|Toxic|p2a: Zapdos
|-status|p2a: Zapdos|tox
|
|-heal|p1a: Garchomp|100/100|[from] item: Leftovers
|-damage|p2a: Zapdos|77/100 tox|[from] psn
|upkeep
|turn|34
|l|☆Envied
|inactive|Envied disconnected and has a minute to reconnect!
|player|p1|
|j|☆Envied
|inactive|Envied reconnected and has 130 seconds left.
|player|p1|Envied|2
|
|t:|1641779311
|switch|p2a: Tapu Lele|Tapu Lele|77/100
|-fieldstart|move: Psychic Terrain|[from] ability: Psychic Surge|[of] p2a: Tapu Lele
|move|p1a: Garchomp|Stealth Rock|p2a: Tapu Lele
|-sidestart|p2: GGeorgie|move: Stealth Rock
|
|upkeep
|turn|35
|c| The Dragon Gyrados|gg
|
|t:|1641779327
|move|p2a: Tapu Lele|Moonblast|p1a: Garchomp
|-supereffective|p1a: Garchomp
|-damage|p1a: Garchomp|0 fnt
|faint|p1a: Garchomp
|
|upkeep
|
|t:|1641779333
|switch|p1a: Slowbro|Slowbro, M|84/100
|-damage|p1a: Slowbro|72/100|[from] Stealth Rock
|turn|36
|
|t:|1641779335
|move|p2a: Tapu Lele|Moonblast|p1a: Slowbro
|-damage|p1a: Slowbro|19/100
|move|p1a: Slowbro|Trick Room|p1a: Slowbro
|-fieldstart|move: Trick Room|[of] p1a: Slowbro
|
|upkeep
|turn|37
|
|t:|1641779350
|switch|p1a: Melmetal|Melmetal|63/100
|-damage|p1a: Melmetal|57/100|[from] Stealth Rock
|move|p2a: Tapu Lele|Moonblast|p1a: Melmetal
|-resisted|p1a: Melmetal
|-crit|p1a: Melmetal
|-damage|p1a: Melmetal|17/100
|-unboost|p1a: Melmetal|spa|1
|
|upkeep
|turn|38
|
|t:|1641779359
|switch|p2a: Heatran|Heatran, F|79/100
|-damage|p2a: Heatran|66/100|[from] Stealth Rock
|move|p1a: Melmetal|Double Iron Bash|p2a: Heatran
|-resisted|p2a: Heatran
|-damage|p2a: Heatran|52/100
|-resisted|p2a: Heatran
|-damage|p2a: Heatran|39/100
|-hitcount|p2a: Heatran|2
|
|-heal|p2a: Heatran|45/100|[from] item: Leftovers
|-fieldend|move: Psychic Terrain
|upkeep
|turn|39
|c| The Dragon Gyrados|why didnt u kill slowbro?
|c|☆GGeorgie|with what
|c| The Dragon Gyrados|let slowbro die*
|
|t:|1641779370
|move|p1a: Melmetal|Double Iron Bash|p2a: Heatran
|-resisted|p2a: Heatran
|-damage|p2a: Heatran|31/100
|-resisted|p2a: Heatran
|-damage|p2a: Heatran|17/100
|-hitcount|p2a: Heatran|2
|move|p2a: Heatran|Earth Power|p1a: Melmetal
|-supereffective|p1a: Melmetal
|-damage|p1a: Melmetal|0 fnt
|faint|p1a: Melmetal
|
|-heal|p2a: Heatran|23/100|[from] item: Leftovers
|upkeep
|
|t:|1641779380
|switch|p1a: Slowbro|Slowbro, M|53/100
|-damage|p1a: Slowbro|40/100|[from] Stealth Rock
|turn|40
|c| The Dragon Gyrados|crwadaunt can sweep
|c| The Dragon Gyrados|lol
|
|t:|1641779384
|move|p1a: Slowbro|Scald|p2a: Heatran
|-supereffective|p2a: Heatran
|-damage|p2a: Heatran|0 fnt
|faint|p2a: Heatran
|
|-fieldend|move: Trick Room
|upkeep
|
|t:|1641779386
|switch|p2a: Tapu Lele|Tapu Lele|77/100
|-damage|p2a: Tapu Lele|65/100|[from] Stealth Rock
|-fieldstart|move: Psychic Terrain|[from] ability: Psychic Surge|[of] p2a: Tapu Lele
|turn|41
|
|t:|1641779391
|switch|p1a: Clefable|Clefable, M|60/100
|move|p2a: Tapu Lele|Moonblast|p1a: Clefable
|-damage|p1a: Clefable|24/100
|
|upkeep
|turn|42
|
|t:|1641779398
|move|p2a: Tapu Lele|Moonblast|p1a: Clefable
|-damage|p1a: Clefable|0 fnt
|faint|p1a: Clefable
|
|upkeep
|
|t:|1641779400
|switch|p1a: Slowbro|Slowbro, M|73/100
|-damage|p1a: Slowbro|61/100|[from] Stealth Rock
|turn|43
|
|t:|1641779402
|switch|p1a: Zapdos|Zapdos|100/100
|move|p2a: Tapu Lele|Moonblast|p1a: Zapdos
|-damage|p1a: Zapdos|49/100
|
|upkeep
|turn|44
|
|t:|1641779405
|move|p2a: Tapu Lele|Moonblast|p1a: Zapdos
|-damage|p1a: Zapdos|0 fnt
|faint|p1a: Zapdos
|
|upkeep
|c| The Dragon Gyrados|CRIT COMIN
|
|t:|1641779407
|switch|p1a: Slowbro|Slowbro, M|94/100
|-damage|p1a: Slowbro|82/100|[from] Stealth Rock
|turn|45
|c| The Dragon Gyrados|AW
|j| d18l
|
|t:|1641779413
|switch|p2a: Zapdos|Zapdos|77/100 tox
|move|p1a: Slowbro|Trick Room|p1a: Slowbro
|-fieldstart|move: Trick Room|[of] p1a: Slowbro
|
|-damage|p2a: Zapdos|71/100 tox|[from] psn
|-fieldend|move: Psychic Terrain
|upkeep
|turn|46
|l|☆Envied
|inactive|Envied disconnected and has a minute to reconnect!
|player|p1|
|c| The Dragon Gyrados|guy made it hard on himself
|inactive|GGeorgie has 120 seconds left.
|
|t:|1641779444
|move|p2a: Zapdos|Roost|p2a: Zapdos
|-heal|p2a: Zapdos|100/100 tox
|-singleturn|p2a: Zapdos|move: Roost
|move|p1a: Slowbro|Teleport|p1a: Slowbro
|c| The Dragon Gyrados|gerogie can actally win
|c| The Dragon Gyrados|lol
|c| Weaselfie ☾|i think he choked
|j|☆Envied
|inactive|Envied reconnected and has 135 seconds left.
|player|p1|Envied|2
|inactive|Envied has 120 seconds left.
|c| The Dragon Gyrados|dunno why he didnt teleport and send in crawdaunt
|c| The Dragon Gyrados|7 tries ago
|
|t:|1641779498
|switch|p1a: Crawdaunt|Crawdaunt, F|63/100|[from]move: Teleport
|-damage|p1a: Crawdaunt|51/100|[from] Stealth Rock
|
|-damage|p2a: Zapdos|88/100 tox|[from] psn
|upkeep
|turn|47
|c|☆GGeorgie|hardcore backseat gaming rn
|c| The Dragon Gyrados|crabhammer miss
|c|☆GGeorgie|ok zapdos we know these rolls
|c|☆GGeorgie|lets go
|inactive|Envied has 90 seconds left.
|c| The Dragon Gyrados|waiut
|
|t:|1641779524
|move|p1a: Crawdaunt|Crabhammer|p2a: Zapdos
|-damage|p2a: Zapdos|9/100 tox
|move|p2a: Zapdos|Volt Switch|p1a: Crawdaunt
|-supereffective|p1a: Crawdaunt
|-damage|p1a: Crawdaunt|0 fnt
|faint|p1a: Crawdaunt
|
|t:|1641779527
|switch|p2a: Tapu Lele|Tapu Lele|65/100|[from]move: Volt Switch
|-damage|p2a: Tapu Lele|52/100|[from] Stealth Rock
|-fieldstart|move: Psychic Terrain|[from] ability: Psychic Surge|[of] p2a: Tapu Lele
|
|upkeep
|c| The Dragon Gyrados|KMNFAO
|inactive|Envied has 90 seconds left.
|
|t:|1641779532
|switch|p1a: Slowbro|Slowbro, M|100/100
|-damage|p1a: Slowbro|88/100|[from] Stealth Rock
|turn|48
|c| The Dragon Gyrados|CHOKE
|
|t:|1641779535
|move|p1a: Slowbro|Scald|p2a: Tapu Lele
|-damage|p2a: Tapu Lele|24/100
|move|p2a: Tapu Lele|Moonblast|p1a: Slowbro
|-damage|p1a: Slowbro|36/100
|-unboost|p1a: Slowbro|spa|1
|
|upkeep
|turn|49
|c| Weaselfie ☾|this slowbro might win
|c| The Dragon Gyrados|na
|c|☆Envied|Good game
|c| The Dragon Gyrados|nasteh choke
|c|☆GGeorgie|gg
|c| Weaselfie ☾|crit scald
|c| Weaselfie ☾|double protect
|inactive|Envied has 90 seconds left.
|c|☆Envied|thought I could sack everything and win
|
|t:|1641779561
|move|p1a: Slowbro|Scald|p2a: Tapu Lele
|-damage|p2a: Tapu Lele|3/100
|move|p2a: Tapu Lele|Moonblast|p1a: Slowbro
|-damage|p1a: Slowbro|0 fnt
|faint|p1a: Slowbro
|
|win|GGeorgie
|raw|Envied's rating: 1552 &rarr; <strong>1542</strong><br />(-10 for losing)
|raw|GGeorgie's rating: 1753 &rarr; <strong>1763</strong><br />(+10 for winning)
