|j|☆coeur de ciel
|j|☆ayevon
|t:|1641772607
|gametype|singles
|player|p1|coeur de ciel|101|1824
|player|p2|ayevon|101|1806
|teamsize|p1|6
|teamsize|p2|6
|gen|8
|tier|[Gen 8] OU
|rated|
|rule|Sleep Clause Mod: Limit one foe put to sleep
|rule|Species Clause: Limit one of each Pokémon
|rule|OHKO Clause: OHKO moves are banned
|rule|Evasion Moves Clause: Evasion moves are banned
|rule|Endless Battle Clause: Forcing endless battles is banned
|rule|HP Percentage Mod: HP is shown in percentages
|rule|Dynamax Clause: You cannot dynamax
|clearpoke
|poke|p1|Grimmsnarl, M|
|poke|p1|Melmetal|
|poke|p1|Landorus-Therian, M|
|poke|p1|Victini|
|poke|p1|Kartana|
|poke|p1|Azumarill, M|
|poke|p2|Tyranitar, F|
|poke|p2|Excadrill, F|
|poke|p2|Garchomp, F|
|poke|p2|Kartana|
|poke|p2|Zapdos|
|poke|p2|Toxapex, M|
|teampreview
|j| GalarianN00b
|
|t:|1641772621
|start
|switch|p1a: Landorus|Landorus-Therian, M, shiny|100/100
|switch|p2a: Toxapex|Toxapex, M|100/100
|-ability|p1a: Landorus|Intimidate|boost
|-unboost|p2a: Toxapex|atk|1
|turn|1
|inactive|Battle timer is ON: inactive players will automatically lose when time's up. (requested by coeur de ciel)
|
|t:|1641772629
|move|p1a: Landorus|Earthquake|p2a: Toxapex
|-supereffective|p2a: Toxapex
|-damage|p2a: Toxapex|8/100
|-damage|p1a: Landorus|91/100|[from] item: Life Orb
|move|p2a: Toxapex|Toxic Spikes|p1a: Landorus
|-sidestart|p1: coeur de ciel|move: Toxic Spikes
|
|upkeep
|turn|2
|
|t:|1641772633
|switch|p2a: Zapdos|Zapdos|100/100
|-ability|p2a: Zapdos|Pressure
|move|p1a: Landorus|Stealth Rock|p2a: Zapdos
|-sidestart|p2: ayevon|move: Stealth Rock
|
|upkeep
|turn|3
|
|t:|1641772635
|move|p2a: Zapdos|Substitute|p2a: Zapdos
|-start|p2a: Zapdos|Substitute
|-damage|p2a: Zapdos|76/100
|move|p1a: Landorus|Explosion|p2a: Zapdos
|-end|p2a: Zapdos|Substitute
|faint|p1a: Landorus
|
|upkeep
|
|t:|1641772643
|switch|p1a: Victini|Victini|100/100
|-status|p1a: Victini|psn
|turn|4
|
|t:|1641772667
|move|p2a: Zapdos|Substitute|p2a: Zapdos
|-start|p2a: Zapdos|Substitute
|-damage|p2a: Zapdos|51/100
|move|p1a: Victini|V-create|p2a: Zapdos
|-end|p2a: Zapdos|Substitute
|-unboost|p1a: Victini|spe|1
|-unboost|p1a: Victini|def|1
|-unboost|p1a: Victini|spd|1
|-damage|p1a: Victini|91/100 psn|[from] item: Life Orb
|
|-damage|p1a: Victini|78/100 psn|[from] psn
|upkeep
|turn|5
|
|t:|1641772676
|move|p2a: Zapdos|Substitute|p2a: Zapdos
|-start|p2a: Zapdos|Substitute
|-damage|p2a: Zapdos|26/100
|move|p1a: Victini|Bolt Strike|p2a: Zapdos
|-end|p2a: Zapdos|Substitute
|-damage|p1a: Victini|69/100 psn|[from] item: Life Orb
|
|-damage|p1a: Victini|56/100 psn|[from] psn
|upkeep
|turn|6
|
|t:|1641772682
|move|p2a: Zapdos|Discharge|p1a: Victini
|-damage|p1a: Victini|9/100 psn
|move|p1a: Victini|Bolt Strike|p2a: Zapdos
|-damage|p2a: Zapdos|0 fnt
|faint|p2a: Zapdos
|-damage|p1a: Victini|0 fnt|[from] item: Life Orb
|faint|p1a: Victini
|
|upkeep
|
|t:|1641772693
|switch|p2a: Garchomp|Garchomp, F|100/100
|switch|p1a: Grimmsnarl|Grimmsnarl, M, shiny|100/100
|-damage|p2a: Garchomp|94/100|[from] Stealth Rock
|-status|p1a: Grimmsnarl|psn
|turn|7
|
|t:|1641772698
|move|p1a: Grimmsnarl|Reflect|p1a: Grimmsnarl
|-sidestart|p1: coeur de ciel|Reflect
|move|p2a: Garchomp|Earthquake|p1a: Grimmsnarl
|-damage|p1a: Grimmsnarl|78/100 psn
|
|-heal|p2a: Garchomp|100/100|[from] item: Leftovers
|-damage|p1a: Grimmsnarl|65/100 psn|[from] psn
|upkeep
|turn|8
|
|t:|1641772701
|switch|p1a: Melmetal|Melmetal, shiny|100/100
|move|p2a: Garchomp|Swords Dance|p2a: Garchomp
|-boost|p2a: Garchomp|atk|2
|
|upkeep
|turn|9
|
|t:|1641772703
|move|p2a: Garchomp|Earthquake|p1a: Melmetal
|-supereffective|p1a: Melmetal
|-damage|p1a: Melmetal|40/100
|move|p1a: Melmetal|Ice Punch|p2a: Garchomp
|-supereffective|p2a: Garchomp
|-damage|p2a: Garchomp|0 fnt
|-damage|p1a: Melmetal|27/100|[from] ability: Rough Skin|[of] p2a: Garchomp
|faint|p2a: Garchomp
|
|upkeep
|
|t:|1641772705
|switch|p2a: Kartana|Kartana|100/100
|-damage|p2a: Kartana|94/100|[from] Stealth Rock
|turn|10
|
|t:|1641772708
|move|p2a: Kartana|Sacred Sword|p1a: Melmetal
|-supereffective|p1a: Melmetal
|-damage|p1a: Melmetal|0 fnt
|faint|p1a: Melmetal
|-ability|p2a: Kartana|Beast Boost|boost
|-boost|p2a: Kartana|atk|1
|-damage|p2a: Kartana|85/100|[from] item: Life Orb
|
|upkeep
|
|t:|1641772710
|switch|p1a: Grimmsnarl|Grimmsnarl, M, shiny|65/100 psn
|turn|11
|j| jeanmilapipe
|j| BabyPigsAreLaughin
|
|t:|1641772716
|move|p1a: Grimmsnarl|Thunder Wave|p2a: Kartana
|-status|p2a: Kartana|par
|move|p2a: Kartana|Leaf Blade|p1a: Grimmsnarl
|-damage|p1a: Grimmsnarl|20/100 psn
|-damage|p2a: Kartana|75/100 par|[from] item: Life Orb
|
|-damage|p1a: Grimmsnarl|7/100 psn|[from] psn
|upkeep
|turn|12
|j| YousuckIampro
|
|t:|1641772726
|switch|p2a: Toxapex|Toxapex, M|41/100
|-damage|p2a: Toxapex|29/100|[from] Stealth Rock
|move|p1a: Grimmsnarl|Light Screen|p1a: Grimmsnarl
|-sidestart|p1: coeur de ciel|move: Light Screen
|
|-damage|p1a: Grimmsnarl|0 fnt|[from] psn
|faint|p1a: Grimmsnarl
|upkeep
|
|t:|1641772728
|switch|p1a: Kartana|Kartana, shiny|100/100
|turn|13
|
|t:|1641772731
|move|p1a: Kartana|Swords Dance|p1a: Kartana
|-boost|p1a: Kartana|atk|2
|move|p2a: Toxapex|Recover|p2a: Toxapex
|-heal|p2a: Toxapex|79/100
|
|upkeep
|turn|14
|
|t:|1641772734
|move|p1a: Kartana|Leaf Blade|p2a: Toxapex
|-damage|p2a: Toxapex|0 fnt
|-damage|p1a: Kartana|84/100|[from] item: Rocky Helmet|[of] p2a: Toxapex
|faint|p2a: Toxapex
|-ability|p1a: Kartana|Beast Boost|boost
|-boost|p1a: Kartana|atk|1
|-damage|p1a: Kartana|74/100|[from] item: Life Orb
|
|-sideend|p1: coeur de ciel|Reflect
|upkeep
|
|t:|1641772740
|switch|p2a: Tyranitar|Tyranitar, F|100/100
|-damage|p2a: Tyranitar|88/100|[from] Stealth Rock
|-weather|Sandstorm|[from] ability: Sand Stream|[of] p2a: Tyranitar
|turn|15
|
|t:|1641772743
|switch|p2a: Kartana|Kartana|75/100 par
|-damage|p2a: Kartana|69/100 par|[from] Stealth Rock
|move|p1a: Kartana|Sacred Sword|p2a: Kartana
|-supereffective|p2a: Kartana
|-damage|p2a: Kartana|0 fnt
|faint|p2a: Kartana
|-ability|p1a: Kartana|Beast Boost|boost
|-boost|p1a: Kartana|atk|1
|-damage|p1a: Kartana|65/100|[from] item: Life Orb
|
|-weather|Sandstorm|[upkeep]
|upkeep
|
|t:|1641772749
|switch|p2a: Tyranitar|Tyranitar, F|88/100
|-damage|p2a: Tyranitar|76/100|[from] Stealth Rock
|turn|16
|
|t:|1641772751
|move|p1a: Kartana|Sacred Sword|p2a: Tyranitar
|-supereffective|p2a: Tyranitar
|-damage|p2a: Tyranitar|0 fnt
|faint|p2a: Tyranitar
|-ability|p1a: Kartana|Beast Boost|boost
|-boost|p1a: Kartana|atk|1
|-damage|p1a: Kartana|55/100|[from] item: Life Orb
|
|-weather|Sandstorm|[upkeep]
|upkeep
|
|t:|1641772752
|switch|p2a: Excadrill|Excadrill, F|100/100
|-damage|p2a: Excadrill|97/100|[from] Stealth Rock
|turn|17
|
|t:|1641772754
|move|p2a: Excadrill|Earthquake|p1a: Kartana
|-damage|p1a: Kartana|0 fnt
|faint|p1a: Kartana
|
|-weather|Sandstorm|[upkeep]
|-heal|p2a: Excadrill|100/100|[from] item: Leftovers
|upkeep
|
|t:|1641772757
|switch|p1a: Azumarill|Azumarill, M, shiny|100/100
|-status|p1a: Azumarill|psn
|turn|18
|
|t:|1641772769
|move|p2a: Excadrill|Iron Head|p1a: Azumarill
|-damage|p1a: Azumarill|56/100 psn
|move|p1a: Azumarill|Belly Drum|p1a: Azumarill
|-damage|p1a: Azumarill|6/100 psn
|-setboost|p1a: Azumarill|atk|6|[from] move: Belly Drum
|-enditem|p1a: Azumarill|Sitrus Berry|[eat]
|-heal|p1a: Azumarill|31/100 psn|[from] item: Sitrus Berry
|
|-weather|Sandstorm|[upkeep]
|-damage|p1a: Azumarill|25/100 psn|[from] Sandstorm
|-damage|p1a: Azumarill|13/100 psn|[from] psn
|upkeep
|turn|19
|
|t:|1641772773
|move|p1a: Azumarill|Aqua Jet|p2a: Excadrill
|-supereffective|p2a: Excadrill
|-damage|p2a: Excadrill|0 fnt
|faint|p2a: Excadrill
|
|win|coeur de ciel
|raw|coeur de ciel's rating: 1824 &rarr; <strong>1843</strong><br />(+19 for winning)
|raw|ayevon's rating: 1806 &rarr; <strong>1787</strong><br />(-19 for losing)
|l|☆ayevon
|c| BabyPigsAreLaughin|What a comeback.
|l| YousuckIampro
