|j|☆ShloopNoop
|j|☆fusingdorites
|t:|1641879718
|gametype|singles
|player|p1|ShloopNoop|caitlin|1173
|player|p2|fusingdorites|101|1212
|teamsize|p1|6
|teamsize|p2|6
|gen|8
|tier|[Gen 8] OU
|rated|
|rule|Sleep Clause Mod: Limit one foe put to sleep
|rule|Species Clause: Limit one of each Pokémon
|rule|OHKO Clause: OHKO moves are banned
|rule|Evasion Moves Clause: Evasion moves are banned
|rule|Endless Battle Clause: Forcing endless battles is banned
|rule|HP Percentage Mod: HP is shown in percentages
|rule|Dynamax Clause: You cannot dynamax
|clearpoke
|poke|p1|Corsola, F|
|poke|p1|Rillaboom, F|
|poke|p1|Pyukumuku, F|
|poke|p1|Togedemaru, L1, F|
|poke|p1|Tornadus-Therian, M|
|poke|p1|Decidueye, M|
|poke|p2|Hitmontop, M|
|poke|p2|Grimmsnarl, M|
|poke|p2|Garchomp, F|
|poke|p2|Slowking-Galar, M|
|poke|p2|Inteleon, F|
|poke|p2|Corviknight, M|
|teampreview
|inactive|Battle timer is ON: inactive players will automatically lose when time's up. (requested by fusingdorites)
|inactive|ShloopNoop also wants the timer to be on.
|inactive|ShloopNoop has 120 seconds left.
|
|t:|1641879750
|start
|switch|p1a: Togedemaru|Togedemaru, L1, F, shiny|100/100
|switch|p2a: Hitmontop|Hitmontop, M|100/100
|turn|1
|
|t:|1641879757
|move|p1a: Togedemaru|Spiky Shield|p1a: Togedemaru
|-singleturn|p1a: Togedemaru|move: Protect
|move|p2a: Hitmontop|Mach Punch|p1a: Togedemaru
|-activate|p1a: Togedemaru|move: Protect
|
|upkeep
|turn|2
|
|t:|1641879763
|move|p2a: Hitmontop|Mach Punch|p1a: Togedemaru
|-supereffective|p1a: Togedemaru
|-ability|p1a: Togedemaru|Sturdy
|-damage|p1a: Togedemaru|8/100
|move|p1a: Togedemaru|Endeavor|p2a: Hitmontop
|-damage|p2a: Hitmontop|1/100
|-heal|p1a: Togedemaru|100/100|[from] item: Shell Bell|[of] p2a: Hitmontop
|
|upkeep
|turn|3
|
|t:|1641879772
|move|p2a: Hitmontop|Mach Punch|p1a: Togedemaru
|-supereffective|p1a: Togedemaru
|-ability|p1a: Togedemaru|Sturdy
|-damage|p1a: Togedemaru|8/100
|move|p1a: Togedemaru|Swift|p2a: Hitmontop
|-damage|p2a: Hitmontop|0 fnt
|faint|p2a: Hitmontop
|-heal|p1a: Togedemaru|16/100|[from] item: Shell Bell|[of] p2: Hitmontop
|
|upkeep
|
|t:|1641879794
|switch|p2a: Garchomp|Garchomp, F, shiny|100/100
|turn|4
|
|t:|1641879806
|move|p2a: Garchomp|Stealth Rock|p1a: Togedemaru
|-sidestart|p1: ShloopNoop|move: Stealth Rock
|move|p1a: Togedemaru|Toxic|p2a: Garchomp
|-status|p2a: Garchomp|tox
|
|-damage|p2a: Garchomp|94/100 tox|[from] psn
|upkeep
|turn|5
|
|t:|1641879817
|move|p2a: Garchomp|Rock Tomb|p1a: Togedemaru
|-resisted|p1a: Togedemaru
|-damage|p1a: Togedemaru|0 fnt
|faint|p1a: Togedemaru
|
|-damage|p2a: Garchomp|82/100 tox|[from] psn
|upkeep
|
|t:|1641879832
|switch|p1a: Rillaboom|Rillaboom, F, shiny|100/100
|-damage|p1a: Rillaboom|88/100|[from] Stealth Rock
|-fieldstart|move: Grassy Terrain|[from] ability: Grassy Surge|[of] p1a: Rillaboom
|turn|6
|
|t:|1641879843
|move|p1a: Rillaboom|Grassy Glide|p2a: Garchomp
|-damage|p2a: Garchomp|52/100 tox
|-damage|p1a: Rillaboom|76/100|[from] ability: Rough Skin|[of] p2a: Garchomp
|-damage|p1a: Rillaboom|59/100|[from] item: Rocky Helmet|[of] p2a: Garchomp
|move|p2a: Garchomp|Toxic|p1a: Rillaboom
|-status|p1a: Rillaboom|tox
|
|-heal|p2a: Garchomp|58/100 tox|[from] Grassy Terrain
|-heal|p1a: Rillaboom|65/100 tox|[from] Grassy Terrain
|-heal|p1a: Rillaboom|72/100 tox|[from] item: Leftovers
|-damage|p2a: Garchomp|40/100 tox|[from] psn
|-damage|p1a: Rillaboom|65/100 tox|[from] psn
|upkeep
|turn|7
|inactive|ShloopNoop has 120 seconds left.
|
|t:|1641879877
|switch|p2a: Corviknight|Corviknight, M, shiny|100/100
|-ability|p2a: Corviknight|Pressure
|move|p1a: Rillaboom|Leech Seed|p2a: Corviknight
|-start|p2a: Corviknight|move: Leech Seed
|
|-heal|p1a: Rillaboom|72/100 tox|[from] Grassy Terrain
|-heal|p1a: Rillaboom|78/100 tox|[from] item: Leftovers
|-damage|p2a: Corviknight|88/100|[from] Leech Seed|[of] p1a: Rillaboom
|-heal|p1a: Rillaboom|90/100 tox|[silent]
|-damage|p1a: Rillaboom|77/100 tox|[from] psn
|upkeep
|turn|8
|inactive|ShloopNoop has 120 seconds left.
|
|t:|1641879891
|switch|p1a: Pyukumuku|Pyukumuku, F|100/100
|-damage|p1a: Pyukumuku|88/100|[from] Stealth Rock
|move|p2a: Corviknight|Brave Bird|p1a: Pyukumuku
|-damage|p1a: Pyukumuku|56/100
|-damage|p2a: Corviknight|80/100|[from] Recoil
|
|-heal|p1a: Pyukumuku|62/100|[from] Grassy Terrain
|-heal|p1a: Pyukumuku|68/100|[from] item: Leftovers
|-damage|p2a: Corviknight|67/100|[from] Leech Seed|[of] p1a: Pyukumuku
|-heal|p1a: Pyukumuku|84/100|[silent]
|upkeep
|turn|9
|
|t:|1641879899
|switch|p2a: Grimmsnarl|Grimmsnarl, M|100/100
|move|p1a: Pyukumuku|Soak|p2a: Grimmsnarl
|-start|p2a: Grimmsnarl|typechange|Water
|
|-heal|p1a: Pyukumuku|90/100|[from] Grassy Terrain
|-heal|p1a: Pyukumuku|96/100|[from] item: Leftovers
|upkeep
|turn|10
|
|t:|1641879909
|move|p2a: Grimmsnarl|Bulk Up|p2a: Grimmsnarl
|-boost|p2a: Grimmsnarl|atk|1
|-boost|p2a: Grimmsnarl|def|1
|move|p1a: Pyukumuku|Block|p2a: Grimmsnarl
|-activate|p2a: Grimmsnarl|trapped
|
|-heal|p1a: Pyukumuku|100/100|[from] Grassy Terrain
|-fieldend|move: Grassy Terrain
|upkeep
|turn|11
|
|t:|1641879920
|move|p2a: Grimmsnarl|Bulk Up|p2a: Grimmsnarl
|-boost|p2a: Grimmsnarl|atk|1
|-boost|p2a: Grimmsnarl|def|1
|move|p1a: Pyukumuku|Toxic|p2a: Grimmsnarl
|-status|p2a: Grimmsnarl|tox
|
|-damage|p2a: Grimmsnarl|94/100 tox|[from] psn
|upkeep
|turn|12
|
|t:|1641879930
|move|p2a: Grimmsnarl|Spirit Break|p1a: Pyukumuku
|-damage|p1a: Pyukumuku|80/100
|-unboost|p1a: Pyukumuku|spa|1
|move|p1a: Pyukumuku|Recover|p1a: Pyukumuku
|-heal|p1a: Pyukumuku|100/100
|
|-heal|p2a: Grimmsnarl|100/100 tox|[from] item: Leftovers
|-damage|p2a: Grimmsnarl|88/100 tox|[from] psn
|upkeep
|turn|13
|
|t:|1641879938
|move|p2a: Grimmsnarl|Darkest Lariat|p1a: Pyukumuku
|-crit|p1a: Pyukumuku
|-damage|p1a: Pyukumuku|66/100
|move|p1a: Pyukumuku|Soak|p2a: Grimmsnarl
|-fail|p2a: Grimmsnarl
|
|-heal|p2a: Grimmsnarl|94/100 tox|[from] item: Leftovers
|-heal|p1a: Pyukumuku|72/100|[from] item: Leftovers
|-damage|p2a: Grimmsnarl|76/100 tox|[from] psn
|upkeep
|turn|14
|
|t:|1641879950
|move|p2a: Grimmsnarl|Darkest Lariat|p1a: Pyukumuku
|-crit|p1a: Pyukumuku
|-damage|p1a: Pyukumuku|38/100
|move|p1a: Pyukumuku|Soak|p2a: Grimmsnarl
|-fail|p2a: Grimmsnarl
|
|-heal|p2a: Grimmsnarl|82/100 tox|[from] item: Leftovers
|-heal|p1a: Pyukumuku|44/100|[from] item: Leftovers
|-damage|p2a: Grimmsnarl|58/100 tox|[from] psn
|upkeep
|turn|15
|
|t:|1641879959
|move|p2a: Grimmsnarl|Darkest Lariat|p1a: Pyukumuku
|-damage|p1a: Pyukumuku|22/100
|move|p1a: Pyukumuku|Recover|p1a: Pyukumuku
|-heal|p1a: Pyukumuku|72/100
|
|-heal|p2a: Grimmsnarl|64/100 tox|[from] item: Leftovers
|-heal|p1a: Pyukumuku|79/100|[from] item: Leftovers
|-damage|p2a: Grimmsnarl|34/100 tox|[from] psn
|upkeep
|turn|16
|
|t:|1641879968
|move|p2a: Grimmsnarl|Darkest Lariat|p1a: Pyukumuku
|-damage|p1a: Pyukumuku|56/100
|move|p1a: Pyukumuku|Recover|p1a: Pyukumuku
|-heal|p1a: Pyukumuku|100/100
|
|-heal|p2a: Grimmsnarl|40/100 tox|[from] item: Leftovers
|-damage|p2a: Grimmsnarl|4/100 tox|[from] psn
|upkeep
|turn|17
|
|t:|1641879977
|move|p2a: Grimmsnarl|Darkest Lariat|p1a: Pyukumuku
|-damage|p1a: Pyukumuku|76/100
|move|p1a: Pyukumuku|Soak|p2a: Grimmsnarl
|-fail|p2a: Grimmsnarl
|
|-heal|p2a: Grimmsnarl|10/100 tox|[from] item: Leftovers
|-heal|p1a: Pyukumuku|82/100|[from] item: Leftovers
|-damage|p2a: Grimmsnarl|0 fnt|[from] psn
|faint|p2a: Grimmsnarl
|upkeep
|
|t:|1641879980
|switch|p2a: Corviknight|Corviknight, M, shiny|67/100
|-ability|p2a: Corviknight|Pressure
|turn|18
|
|t:|1641879993
|move|p2a: Corviknight|Roost|p2a: Corviknight
|-heal|p2a: Corviknight|100/100
|-singleturn|p2a: Corviknight|move: Roost
|move|p1a: Pyukumuku|Block|p2a: Corviknight
|-activate|p2a: Corviknight|trapped
|
|-heal|p1a: Pyukumuku|88/100|[from] item: Leftovers
|upkeep
|turn|19
|
|t:|1641880009
|switch|p2a: Garchomp|Garchomp, F, shiny|40/100 tox
|move|p1a: Pyukumuku|Soak|p2a: Garchomp
|-start|p2a: Garchomp|typechange|Water
|
|-heal|p1a: Pyukumuku|94/100|[from] item: Leftovers
|-damage|p2a: Garchomp|34/100 tox|[from] psn
|upkeep
|turn|20
|
|t:|1641880025
|switch|p1a: Rillaboom|Rillaboom, F, shiny|77/100 tox
|-damage|p1a: Rillaboom|65/100 tox|[from] Stealth Rock
|-fieldstart|move: Grassy Terrain|[from] ability: Grassy Surge|[of] p1a: Rillaboom
|move|p2a: Garchomp|Toxic|p1a: Rillaboom
|-fail|p1a: Rillaboom|tox
|
|-heal|p2a: Garchomp|40/100 tox|[from] Grassy Terrain
|-heal|p1a: Rillaboom|71/100 tox|[from] Grassy Terrain
|-heal|p1a: Rillaboom|77/100 tox|[from] item: Leftovers
|-damage|p2a: Garchomp|28/100 tox|[from] psn
|-damage|p1a: Rillaboom|71/100 tox|[from] psn
|upkeep
|turn|21
|
|t:|1641880036
|switch|p2a: Corviknight|Corviknight, M, shiny|100/100
|-ability|p2a: Corviknight|Pressure
|move|p1a: Rillaboom|Grassy Glide|p2a: Corviknight
|-resisted|p2a: Corviknight
|-damage|p2a: Corviknight|95/100
|
|-heal|p1a: Rillaboom|77/100 tox|[from] Grassy Terrain
|-heal|p1a: Rillaboom|84/100 tox|[from] item: Leftovers
|-damage|p1a: Rillaboom|71/100 tox|[from] psn
|upkeep
|turn|22
|
|t:|1641880045
|switch|p1a: Tornadus|Tornadus-Therian, M, shiny|100/100
|move|p2a: Corviknight|Brave Bird|p1a: Tornadus
|-damage|p1a: Tornadus|49/100
|-damage|p2a: Corviknight|82/100|[from] Recoil
|
|upkeep
|turn|23
|
|t:|1641880052
|move|p1a: Tornadus|Defog|p2a: Corviknight
|-unboost|p2a: Corviknight|evasion|1
|-sideend|p1: ShloopNoop|Stealth Rock|[from] move: Defog|[of] p1a: Tornadus
|-fieldend|move: Grassy Terrain
|move|p2a: Corviknight|Brave Bird|p1a: Tornadus
|-crit|p1a: Tornadus
|-damage|p1a: Tornadus|0 fnt
|faint|p1a: Tornadus
|-damage|p2a: Corviknight|70/100|[from] Recoil
|
|upkeep
|
|t:|1641880062
|switch|p1a: Pyukumuku|Pyukumuku, F|94/100
|turn|24
|
|t:|1641880067
|move|p2a: Corviknight|Roost|p2a: Corviknight
|-heal|p2a: Corviknight|100/100
|-singleturn|p2a: Corviknight|move: Roost
|move|p1a: Pyukumuku|Block|p2a: Corviknight
|-activate|p2a: Corviknight|trapped
|
|-heal|p1a: Pyukumuku|100/100|[from] item: Leftovers
|upkeep
|turn|25
|
|t:|1641880084
|move|p2a: Corviknight|Defog|p1a: Pyukumuku
|-unboost|p1a: Pyukumuku|evasion|1
|move|p1a: Pyukumuku|Soak|p2a: Corviknight
|-start|p2a: Corviknight|typechange|Water
|
|upkeep
|turn|26
|
|t:|1641880101
|switch|p2a: Slowking|Slowking-Galar, M, shiny|100/100
|move|p1a: Pyukumuku|Toxic|p2a: Slowking
|-immune|p2a: Slowking
|
|upkeep
|turn|27
|
|t:|1641880120
|switch|p2a: Garchomp|Garchomp, F, shiny|28/100 tox
|move|p1a: Pyukumuku|Block|p2a: Garchomp
|-activate|p2a: Garchomp|trapped
|
|-damage|p2a: Garchomp|22/100 tox|[from] psn
|upkeep
|turn|28
|
|t:|1641880129
|switch|p1a: Rillaboom|Rillaboom, F, shiny|71/100 tox
|-fieldstart|move: Grassy Terrain|[from] ability: Grassy Surge|[of] p1a: Rillaboom
|move|p2a: Garchomp|Stealth Rock|p1a: Rillaboom
|-sidestart|p1: ShloopNoop|move: Stealth Rock
|
|-heal|p2a: Garchomp|28/100 tox|[from] Grassy Terrain
|-heal|p1a: Rillaboom|77/100 tox|[from] Grassy Terrain
|-heal|p1a: Rillaboom|84/100 tox|[from] item: Leftovers
|-damage|p2a: Garchomp|16/100 tox|[from] psn
|-damage|p1a: Rillaboom|77/100 tox|[from] psn
|upkeep
|turn|29
|
|t:|1641880140
|switch|p2a: Corviknight|Corviknight, M, shiny|100/100
|-ability|p2a: Corviknight|Pressure
|move|p1a: Rillaboom|Leech Seed|p2a: Corviknight|[miss]
|-miss|p1a: Rillaboom|p2a: Corviknight
|
|-heal|p1a: Rillaboom|84/100 tox|[from] Grassy Terrain
|-heal|p1a: Rillaboom|90/100 tox|[from] item: Leftovers
|-damage|p1a: Rillaboom|77/100 tox|[from] psn
|upkeep
|turn|30
|
|t:|1641880148
|move|p1a: Rillaboom|Leech Seed|p2a: Corviknight
|-start|p2a: Corviknight|move: Leech Seed
|move|p2a: Corviknight|Brave Bird|p1a: Rillaboom
|-supereffective|p1a: Rillaboom
|-damage|p1a: Rillaboom|29/100 tox
|-damage|p2a: Corviknight|84/100|[from] Recoil
|
|-heal|p1a: Rillaboom|36/100 tox|[from] Grassy Terrain
|-heal|p1a: Rillaboom|42/100 tox|[from] item: Leftovers
|-damage|p2a: Corviknight|72/100|[from] Leech Seed|[of] p1a: Rillaboom
|-heal|p1a: Rillaboom|54/100 tox|[silent]
|-damage|p1a: Rillaboom|35/100 tox|[from] psn
|upkeep
|turn|31
|
|t:|1641880169
|switch|p1a: Corsola|Corsola, F, shiny|100/100
|-damage|p1a: Corsola|88/100|[from] Stealth Rock
|move|p2a: Corviknight|Brave Bird|p1a: Corsola
|-resisted|p1a: Corsola
|-damage|p1a: Corsola|68/100
|-damage|p2a: Corviknight|66/100|[from] Recoil
|
|-heal|p1a: Corsola|74/100|[from] Grassy Terrain
|-damage|p2a: Corviknight|54/100|[from] Leech Seed|[of] p1a: Corsola
|-heal|p1a: Corsola|94/100|[silent]
|upkeep
|turn|32
|
|t:|1641880180
|move|p2a: Corviknight|Roost|p2a: Corviknight
|-heal|p2a: Corviknight|100/100
|-singleturn|p2a: Corviknight|move: Roost
|move|p1a: Corsola|Whirlpool|p2a: Corviknight
|-damage|p2a: Corviknight|92/100
|-activate|p2a: Corviknight|move: Whirlpool|[of] p1a: Corsola
|
|-heal|p2a: Corviknight|98/100|[from] Grassy Terrain
|-heal|p1a: Corsola|99/100|[from] Grassy Terrain
|-damage|p2a: Corviknight|86/100|[from] Leech Seed|[of] p1a: Corsola
|-heal|p1a: Corsola|100/100|[silent]
|-damage|p2a: Corviknight|73/100|[from] move: Whirlpool|[partiallytrapped]
|-fieldend|move: Grassy Terrain
|upkeep
|turn|33
|
|t:|1641880194
|move|p2a: Corviknight|Roost|p2a: Corviknight
|-heal|p2a: Corviknight|100/100
|-singleturn|p2a: Corviknight|move: Roost
|move|p1a: Corsola|Aqua Ring|p1a: Corsola
|-start|p1a: Corsola|Aqua Ring
|
|-damage|p2a: Corviknight|88/100|[from] Leech Seed|[of] p1a: Corsola
|-damage|p2a: Corviknight|76/100|[from] move: Whirlpool|[partiallytrapped]
|upkeep
|turn|34
|
|t:|1641880202
|switch|p2a: Inteleon|Inteleon, F, shiny|100/100
|move|p1a: Corsola|Ingrain|p1a: Corsola
|-start|p1a: Corsola|move: Ingrain
|
|upkeep
|turn|35
|
|t:|1641880208
|move|p2a: Inteleon|Focus Energy|p2a: Inteleon
|-start|p2a: Inteleon|move: Focus Energy
|move|p1a: Corsola|Whirlpool|p2a: Inteleon
|-resisted|p2a: Inteleon
|-damage|p2a: Inteleon|93/100
|-activate|p2a: Inteleon|move: Whirlpool|[of] p1a: Corsola
|
|-damage|p2a: Inteleon|80/100|[from] move: Whirlpool|[partiallytrapped]
|upkeep
|turn|36
|
|t:|1641880220
|move|p1a: Corsola|Protect|p1a: Corsola
|-singleturn|p1a: Corsola|Protect
|move|p2a: Inteleon|Snipe Shot|p1a: Corsola
|-activate|p1a: Corsola|move: Protect
|
|-damage|p2a: Inteleon|68/100|[from] move: Whirlpool|[partiallytrapped]
|upkeep
|turn|37
|
|t:|1641880234
|move|p2a: Inteleon|Snipe Shot|p1a: Corsola
|-crit|p1a: Corsola
|-damage|p1a: Corsola|34/100
|move|p1a: Corsola|Whirlpool|p2a: Inteleon|[miss]
|-miss|p1a: Corsola|p2a: Inteleon
|
|-heal|p1a: Corsola|42/100|[from] Aqua Ring
|-heal|p1a: Corsola|50/100|[from] Ingrain
|-damage|p2a: Inteleon|55/100|[from] move: Whirlpool|[partiallytrapped]
|upkeep
|turn|38
|
|t:|1641880242
|move|p1a: Corsola|Protect|p1a: Corsola
|-singleturn|p1a: Corsola|Protect
|move|p2a: Inteleon|Snipe Shot|p1a: Corsola
|-activate|p1a: Corsola|move: Protect
|
|-heal|p1a: Corsola|57/100|[from] Aqua Ring
|-heal|p1a: Corsola|65/100|[from] Ingrain
|-damage|p2a: Inteleon|43/100|[from] move: Whirlpool|[partiallytrapped]
|upkeep
|turn|39
|
|t:|1641880255
|move|p2a: Inteleon|Snipe Shot|p1a: Corsola
|-crit|p1a: Corsola
|-damage|p1a: Corsola|0 fnt
|faint|p1a: Corsola
|
|-end|p2a: Inteleon|Whirlpool|[partiallytrapped]
|upkeep
|
|t:|1641880268
|switch|p1a: Rillaboom|Rillaboom, F, shiny|35/100 tox
|-damage|p1a: Rillaboom|23/100 tox|[from] Stealth Rock
|-fieldstart|move: Grassy Terrain|[from] ability: Grassy Surge|[of] p1a: Rillaboom
|turn|40
|
|t:|1641880288
|switch|p2a: Corviknight|Corviknight, M, shiny|76/100
|-ability|p2a: Corviknight|Pressure
|move|p1a: Rillaboom|Grassy Glide|p2a: Corviknight
|-resisted|p2a: Corviknight
|-damage|p2a: Corviknight|70/100
|
|-heal|p1a: Rillaboom|29/100 tox|[from] Grassy Terrain
|-heal|p1a: Rillaboom|35/100 tox|[from] item: Leftovers
|-damage|p1a: Rillaboom|29/100 tox|[from] psn
|upkeep
|turn|41
|
|t:|1641880299
|move|p1a: Rillaboom|Leech Seed|p2a: Corviknight
|-start|p2a: Corviknight|move: Leech Seed
|move|p2a: Corviknight|Roost|p2a: Corviknight
|-heal|p2a: Corviknight|100/100
|-singleturn|p2a: Corviknight|move: Roost
|
|-heal|p1a: Rillaboom|35/100 tox|[from] Grassy Terrain
|-heal|p1a: Rillaboom|42/100 tox|[from] item: Leftovers
|-damage|p2a: Corviknight|88/100|[from] Leech Seed|[of] p1a: Rillaboom
|-heal|p1a: Rillaboom|54/100 tox|[silent]
|-damage|p1a: Rillaboom|41/100 tox|[from] psn
|upkeep
|turn|42
|
|t:|1641880308
|switch|p1a: Pyukumuku|Pyukumuku, F|100/100
|-damage|p1a: Pyukumuku|88/100|[from] Stealth Rock
|switch|p2a: Slowking|Slowking-Galar, M, shiny|100/100
|
|-heal|p1a: Pyukumuku|94/100|[from] Grassy Terrain
|-heal|p1a: Pyukumuku|99/100|[from] item: Leftovers
|upkeep
|turn|43
|
|t:|1641880318
|switch|p2a: Corviknight|Corviknight, M, shiny|88/100
|-ability|p2a: Corviknight|Pressure
|move|p1a: Pyukumuku|Block|p2a: Corviknight
|-activate|p2a: Corviknight|trapped
|
|-heal|p1a: Pyukumuku|100/100|[from] Grassy Terrain
|upkeep
|turn|44
|
|t:|1641880343
|move|p2a: Corviknight|Brave Bird|p1a: Pyukumuku
|-damage|p1a: Pyukumuku|68/100
|-damage|p2a: Corviknight|79/100|[from] Recoil
|move|p1a: Pyukumuku|Soak|p2a: Corviknight
|-start|p2a: Corviknight|typechange|Water
|
|-heal|p2a: Corviknight|86/100|[from] Grassy Terrain
|-heal|p1a: Pyukumuku|74/100|[from] Grassy Terrain
|-heal|p1a: Pyukumuku|80/100|[from] item: Leftovers
|-fieldend|move: Grassy Terrain
|upkeep
|turn|45
|
|t:|1641880353
|move|p2a: Corviknight|Brave Bird|p1a: Pyukumuku
|-damage|p1a: Pyukumuku|58/100
|-damage|p2a: Corviknight|80/100|[from] Recoil
|move|p1a: Pyukumuku|Toxic|p2a: Corviknight
|-status|p2a: Corviknight|tox
|
|-heal|p1a: Pyukumuku|64/100|[from] item: Leftovers
|-damage|p2a: Corviknight|74/100 tox|[from] psn
|upkeep
|turn|46
|
|t:|1641880367
|switch|p2a: Slowking|Slowking-Galar, M, shiny|100/100
|move|p1a: Pyukumuku|Recover|p1a: Pyukumuku
|-heal|p1a: Pyukumuku|100/100
|
|upkeep
|turn|47
|
|t:|1641880379
|move|p2a: Slowking|Future Sight|p1a: Pyukumuku
|-start|p2a: Slowking|move: Future Sight
|move|p1a: Pyukumuku|Soak|p2a: Slowking
|-start|p2a: Slowking|typechange|Water
|
|upkeep
|turn|48
|
|t:|1641880387
|switch|p2a: Garchomp|Garchomp, F, shiny|16/100 tox
|move|p1a: Pyukumuku|Toxic|p2a: Garchomp|[miss]
|-miss|p1a: Pyukumuku|p2a: Garchomp
|
|-damage|p2a: Garchomp|10/100 tox|[from] psn
|upkeep
|turn|49
|
|t:|1641880399
|move|p2a: Garchomp|Earthquake|p1a: Pyukumuku
|-damage|p1a: Pyukumuku|60/100
|move|p1a: Pyukumuku|Recover|p1a: Pyukumuku
|-heal|p1a: Pyukumuku|100/100
|
|-end|p1a: Pyukumuku|move: Future Sight
|-damage|p1a: Pyukumuku|67/100
|-heal|p1a: Pyukumuku|73/100|[from] item: Leftovers
|-damage|p2a: Garchomp|0 fnt|[from] psn
|faint|p2a: Garchomp
|upkeep
|c|☆fusingdorites|wp
|
|t:|1641880418
|switch|p2a: Slowking|Slowking-Galar, M, shiny|100/100
|turn|50
|
|t:|1641880426
|move|p2a: Slowking|Future Sight|p1a: Pyukumuku
|-start|p2a: Slowking|move: Future Sight
|move|p1a: Pyukumuku|Soak|p2a: Slowking
|-start|p2a: Slowking|typechange|Water
|
|-heal|p1a: Pyukumuku|79/100|[from] item: Leftovers
|upkeep
|turn|51
|
|t:|1641880433
|switch|p2a: Corviknight|Corviknight, M, shiny|74/100 tox
|-ability|p2a: Corviknight|Pressure
|move|p1a: Pyukumuku|Toxic|p2a: Corviknight
|-fail|p2a: Corviknight|tox
|
|-heal|p1a: Pyukumuku|85/100|[from] item: Leftovers
|-damage|p2a: Corviknight|68/100 tox|[from] psn
|upkeep
|turn|52
|
|t:|1641880456
|move|p2a: Corviknight|Roost|p2a: Corviknight
|-heal|p2a: Corviknight|100/100 tox
|-singleturn|p2a: Corviknight|move: Roost
|move|p1a: Pyukumuku|Soak|p2a: Corviknight
|-start|p2a: Corviknight|typechange|Water
|
|-end|p1a: Pyukumuku|move: Future Sight
|-damage|p1a: Pyukumuku|48/100
|-heal|p1a: Pyukumuku|54/100|[from] item: Leftovers
|-damage|p2a: Corviknight|88/100 tox|[from] psn
|upkeep
|turn|53
|
|t:|1641880472
|switch|p2a: Slowking|Slowking-Galar, M, shiny|100/100
|move|p1a: Pyukumuku|Recover|p1a: Pyukumuku
|-heal|p1a: Pyukumuku|100/100
|
|upkeep
|turn|54
|inactive|ShloopNoop has 120 seconds left.
|
|t:|1641880489
|move|p2a: Slowking|Sludge Bomb|p1a: Pyukumuku
|-crit|p1a: Pyukumuku
|-damage|p1a: Pyukumuku|62/100
|move|p1a: Pyukumuku|Soak|p2a: Slowking
|-start|p2a: Slowking|typechange|Water
|
|-heal|p1a: Pyukumuku|68/100|[from] item: Leftovers
|upkeep
|turn|55
|
|t:|1641880494
|switch|p2a: Corviknight|Corviknight, M, shiny|88/100 tox
|-ability|p2a: Corviknight|Pressure
|move|p1a: Pyukumuku|Toxic|p2a: Corviknight
|-fail|p2a: Corviknight|tox
|
|-heal|p1a: Pyukumuku|74/100|[from] item: Leftovers
|-damage|p2a: Corviknight|82/100 tox|[from] psn
|upkeep
|turn|56
|
|t:|1641880507
|move|p2a: Corviknight|Brave Bird|p1a: Pyukumuku
|-damage|p1a: Pyukumuku|40/100
|-damage|p2a: Corviknight|73/100 tox|[from] Recoil
|move|p1a: Pyukumuku|Recover|p1a: Pyukumuku
|-heal|p1a: Pyukumuku|90/100
|
|-heal|p1a: Pyukumuku|96/100|[from] item: Leftovers
|-damage|p2a: Corviknight|61/100 tox|[from] psn
|upkeep
|turn|57
|
|t:|1641880516
|move|p2a: Corviknight|Roost|p2a: Corviknight
|-heal|p2a: Corviknight|100/100 tox
|-singleturn|p2a: Corviknight|move: Roost
|move|p1a: Pyukumuku|Recover|p1a: Pyukumuku
|-heal|p1a: Pyukumuku|100/100
|
|-damage|p2a: Corviknight|82/100 tox|[from] psn
|upkeep
|turn|58
|
|t:|1641880529
|switch|p2a: Slowking|Slowking-Galar, M, shiny|100/100
|move|p1a: Pyukumuku|Soak|p2a: Slowking
|-start|p2a: Slowking|typechange|Water
|
|upkeep
|turn|59
|
|t:|1641880535
|switch|p2a: Corviknight|Corviknight, M, shiny|82/100 tox
|-ability|p2a: Corviknight|Pressure
|move|p1a: Pyukumuku|Toxic|p2a: Corviknight
|-fail|p2a: Corviknight|tox
|
|-damage|p2a: Corviknight|76/100 tox|[from] psn
|upkeep
|turn|60
|
|t:|1641880558
|switch|p2a: Slowking|Slowking-Galar, M, shiny|100/100
|move|p1a: Pyukumuku|Soak|p2a: Slowking
|-start|p2a: Slowking|typechange|Water
|
|upkeep
|turn|61
|
|t:|1641880577
|switch|p2a: Corviknight|Corviknight, M, shiny|76/100 tox
|-ability|p2a: Corviknight|Pressure
|move|p1a: Pyukumuku|Toxic|p2a: Corviknight
|-fail|p2a: Corviknight|tox
|
|-damage|p2a: Corviknight|70/100 tox|[from] psn
|upkeep
|turn|62
|inactive|ShloopNoop has 120 seconds left.
|
|t:|1641880607
|move|p2a: Corviknight|Roost|p2a: Corviknight
|-heal|p2a: Corviknight|100/100 tox
|-singleturn|p2a: Corviknight|move: Roost
|move|p1a: Pyukumuku|Soak|p2a: Corviknight
|-start|p2a: Corviknight|typechange|Water
|
|-damage|p2a: Corviknight|88/100 tox|[from] psn
|upkeep
|turn|63
|inactive|ShloopNoop has 90 seconds left.
|
|t:|1641880634
|switch|p2a: Slowking|Slowking-Galar, M, shiny|100/100
|move|p1a: Pyukumuku|Soak|p2a: Slowking
|-start|p2a: Slowking|typechange|Water
|
|upkeep
|turn|64
|inactive|ShloopNoop has 90 seconds left.
|j| aefadsef
|inactive|ShloopNoop has 60 seconds left.
|
|t:|1641880674
|switch|p2a: Corviknight|Corviknight, M, shiny|88/100 tox
|-ability|p2a: Corviknight|Pressure
|switch|p1a: Decidueye|Decidueye, M, shiny|100/100
|-damage|p1a: Decidueye|88/100|[from] Stealth Rock
|
|-heal|p1a: Decidueye|94/100|[from] item: Leftovers
|-damage|p2a: Corviknight|82/100 tox|[from] psn
|upkeep
|turn|65
|inactive|ShloopNoop has 60 seconds left.
|inactive|ShloopNoop has 30 seconds left.
|
|t:|1641880716
|move|p1a: Decidueye|Spirit Shackle|p2a: Corviknight
|-damage|p2a: Corviknight|63/100 tox
|-activate|p2a: Corviknight|trapped
|move|p2a: Corviknight|Brave Bird|p1a: Decidueye
|-supereffective|p1a: Decidueye
|-damage|p1a: Decidueye|4/100
|-damage|p2a: Corviknight|36/100 tox|[from] Recoil
|
|-heal|p1a: Decidueye|10/100|[from] item: Leftovers
|-damage|p2a: Corviknight|24/100 tox|[from] psn
|upkeep
|turn|66
|
|t:|1641880732
|move|p1a: Decidueye|Roost|p1a: Decidueye
|-heal|p1a: Decidueye|60/100
|-singleturn|p1a: Decidueye|move: Roost
|move|p2a: Corviknight|Brave Bird|p1a: Decidueye
|-supereffective|p1a: Decidueye
|-damage|p1a: Decidueye|0 fnt
|faint|p1a: Decidueye
|-damage|p2a: Corviknight|6/100 tox|[from] Recoil
|
|-damage|p2a: Corviknight|0 fnt|[from] psn
|faint|p2a: Corviknight
|upkeep
|inactive|ShloopNoop has 30 seconds left.
|
|t:|1641880756
|switch|p1a: Rillaboom|Rillaboom, F, shiny|41/100 tox
|switch|p2a: Slowking|Slowking-Galar, M, shiny|100/100
|-damage|p1a: Rillaboom|29/100 tox|[from] Stealth Rock
|-fieldstart|move: Grassy Terrain|[from] ability: Grassy Surge|[of] p1a: Rillaboom
|turn|67
|inactive|ShloopNoop has 30 seconds left.
|
|t:|1641880763
|move|p1a: Rillaboom|Leech Seed|p2a: Slowking
|-start|p2a: Slowking|move: Leech Seed
|move|p2a: Slowking|Sludge Bomb|p1a: Rillaboom
|-supereffective|p1a: Rillaboom
|-damage|p1a: Rillaboom|0 fnt
|faint|p1a: Rillaboom
|
|upkeep
|inactive|ShloopNoop has 30 seconds left.
|
|t:|1641880774
|switch|p1a: Pyukumuku|Pyukumuku, F|100/100
|-damage|p1a: Pyukumuku|88/100|[from] Stealth Rock
|turn|68
|inactive|ShloopNoop has 30 seconds left.
|
|t:|1641880782
|switch|p2a: Inteleon|Inteleon, F, shiny|43/100
|move|p1a: Pyukumuku|Soak|p2a: Inteleon
|-fail|p2a: Inteleon
|
|-heal|p2a: Inteleon|49/100|[from] Grassy Terrain
|-heal|p1a: Pyukumuku|94/100|[from] Grassy Terrain
|-heal|p1a: Pyukumuku|99/100|[from] item: Leftovers
|upkeep
|turn|69
|
|t:|1641880787
|move|p2a: Inteleon|Focus Energy|p2a: Inteleon
|-start|p2a: Inteleon|move: Focus Energy
|move|p1a: Pyukumuku|Toxic|p2a: Inteleon
|-status|p2a: Inteleon|tox
|
|-heal|p2a: Inteleon|55/100 tox|[from] Grassy Terrain
|-heal|p1a: Pyukumuku|100/100|[from] Grassy Terrain
|-damage|p2a: Inteleon|49/100 tox|[from] psn
|upkeep
|turn|70
|l| aefadsef
|
|t:|1641880799
|move|p2a: Inteleon|Dark Pulse|p1a: Pyukumuku
|-crit|p1a: Pyukumuku
|-damage|p1a: Pyukumuku|59/100
|move|p1a: Pyukumuku|Recover|p1a: Pyukumuku
|-heal|p1a: Pyukumuku|100/100
|
|-heal|p2a: Inteleon|55/100 tox|[from] Grassy Terrain
|-damage|p2a: Inteleon|43/100 tox|[from] psn
|upkeep
|turn|71
|inactive|ShloopNoop has 30 seconds left.
|
|t:|1641880821
|move|p2a: Inteleon|Snipe Shot|p1a: Pyukumuku
|-resisted|p1a: Pyukumuku
|-crit|p1a: Pyukumuku
|-damage|p1a: Pyukumuku|72/100
|move|p1a: Pyukumuku|Recover|p1a: Pyukumuku
|-heal|p1a: Pyukumuku|100/100
|
|-heal|p2a: Inteleon|49/100 tox|[from] Grassy Terrain
|-damage|p2a: Inteleon|31/100 tox|[from] psn
|-fieldend|move: Grassy Terrain
|upkeep
|turn|72
|inactive|ShloopNoop has 30 seconds left.
|inactive|ShloopNoop has 20 seconds left.
|
|t:|1641880843
|switch|p2a: Slowking|Slowking-Galar, M, shiny|100/100
|move|p1a: Pyukumuku|Soak|p2a: Slowking
|-start|p2a: Slowking|typechange|Water
|
|upkeep
|turn|73
|inactive|ShloopNoop has 30 seconds left this turn.
|inactive|ShloopNoop has 20 seconds left.
|inactive|ShloopNoop has 15 seconds left.
|inactive|ShloopNoop has 10 seconds left.
|
|t:|1641880865
|switch|p2a: Inteleon|Inteleon, F, shiny|31/100 tox
|move|p1a: Pyukumuku|Toxic|p2a: Inteleon
|-fail|p2a: Inteleon|tox
|
|-damage|p2a: Inteleon|25/100 tox|[from] psn
|upkeep
|turn|74
|inactive|ShloopNoop has 20 seconds left this turn.
|inactive|ShloopNoop has 15 seconds left.
|
|t:|1641880874
|switch|p2a: Slowking|Slowking-Galar, M, shiny|100/100
|move|p1a: Pyukumuku|Soak|p2a: Slowking
|-start|p2a: Slowking|typechange|Water
|
|upkeep
|turn|75
|inactive|ShloopNoop has 25 seconds left this turn.
|inactive|ShloopNoop has 20 seconds left.
|inactive|ShloopNoop has 15 seconds left.
|inactive|ShloopNoop has 10 seconds left.
|inactive|ShloopNoop has 5 seconds left.
|
|t:|1641880897
|switch|p2a: Inteleon|Inteleon, F, shiny|25/100 tox
|move|p1a: Pyukumuku|Soak|p2a: Inteleon
|-fail|p2a: Inteleon
|
|-damage|p2a: Inteleon|19/100 tox|[from] psn
|upkeep
|turn|76
|inactive|ShloopNoop has 15 seconds left this turn.
|inactive|ShloopNoop has 10 seconds left.
|
|t:|1641880921
|switch|p2a: Slowking|Slowking-Galar, M, shiny|100/100
|move|p1a: Pyukumuku|Soak|p2a: Slowking
|-start|p2a: Slowking|typechange|Water
|
|upkeep
|turn|77
|inactive|ShloopNoop has 20 seconds left this turn.
|inactive|ShloopNoop has 15 seconds left.
|
|t:|1641880928
|move|p2a: Slowking|Sludge Bomb|p1a: Pyukumuku
|-damage|p1a: Pyukumuku|83/100
|-status|p1a: Pyukumuku|psn
|move|p1a: Pyukumuku|Soak|p2a: Slowking
|-fail|p2a: Slowking
|
|-heal|p1a: Pyukumuku|89/100 psn|[from] item: Leftovers
|-damage|p1a: Pyukumuku|77/100 psn|[from] psn
|upkeep
|turn|78
|inactive|ShloopNoop has 25 seconds left this turn.
|j| aefadsef
|inactive|ShloopNoop has 20 seconds left.
|
|t:|1641880934
|switch|p2a: Inteleon|Inteleon, F, shiny|19/100 tox
|move|p1a: Pyukumuku|Recover|p1a: Pyukumuku
|-heal|p1a: Pyukumuku|100/100 psn
|
|-damage|p2a: Inteleon|13/100 tox|[from] psn
|-damage|p1a: Pyukumuku|88/100 psn|[from] psn
|upkeep
|turn|79
|inactive|ShloopNoop has 30 seconds left this turn.
|
|t:|1641880947
|move|p2a: Inteleon|Dark Pulse|p1a: Pyukumuku
|-crit|p1a: Pyukumuku
|-damage|p1a: Pyukumuku|46/100 psn
|move|p1a: Pyukumuku|Soak|p2a: Inteleon
|-fail|p2a: Inteleon
|
|-heal|p1a: Pyukumuku|52/100 psn|[from] item: Leftovers
|-damage|p2a: Inteleon|0 fnt|[from] psn
|faint|p2a: Inteleon
|-damage|p1a: Pyukumuku|40/100 psn|[from] psn
|upkeep
|inactive|ShloopNoop has 30 seconds left this turn.
|
|t:|1641880954
|switch|p2a: Slowking|Slowking-Galar, M, shiny|100/100
|turn|80
|
|t:|1641880964
|move|p2a: Slowking|Sludge Bomb|p1a: Pyukumuku
|-damage|p1a: Pyukumuku|14/100 psn
|move|p1a: Pyukumuku|Recover|p1a: Pyukumuku
|-heal|p1a: Pyukumuku|64/100 psn
|
|-heal|p1a: Pyukumuku|70/100 psn|[from] item: Leftovers
|-damage|p1a: Pyukumuku|57/100 psn|[from] psn
|upkeep
|turn|81
|
|t:|1641880971
|move|p2a: Slowking|Sludge Bomb|p1a: Pyukumuku
|-damage|p1a: Pyukumuku|30/100 psn
|move|p1a: Pyukumuku|Soak|p2a: Slowking
|-start|p2a: Slowking|typechange|Water
|
|-heal|p1a: Pyukumuku|36/100 psn|[from] item: Leftovers
|-damage|p1a: Pyukumuku|24/100 psn|[from] psn
|upkeep
|turn|82
|
|t:|1641880982
|move|p2a: Slowking|Sludge Bomb|p1a: Pyukumuku
|-damage|p1a: Pyukumuku|7/100 psn
|move|p1a: Pyukumuku|Recover|p1a: Pyukumuku
|-heal|p1a: Pyukumuku|57/100 psn
|
|-heal|p1a: Pyukumuku|63/100 psn|[from] item: Leftovers
|-damage|p1a: Pyukumuku|51/100 psn|[from] psn
|upkeep
|turn|83
|
|t:|1641880989
|move|p2a: Slowking|Sludge Bomb|p1a: Pyukumuku
|-damage|p1a: Pyukumuku|33/100 psn
|move|p1a: Pyukumuku|Toxic|p2a: Slowking
|-status|p2a: Slowking|tox
|
|-heal|p1a: Pyukumuku|39/100 psn|[from] item: Leftovers
|-damage|p2a: Slowking|94/100 tox|[from] psn
|-damage|p1a: Pyukumuku|26/100 psn|[from] psn
|upkeep
|turn|84
|inactive|ShloopNoop has 60 seconds left.
|
|t:|1641880998
|move|p2a: Slowking|Sludge Bomb|p1a: Pyukumuku
|-damage|p1a: Pyukumuku|9/100 psn
|move|p1a: Pyukumuku|Recover|p1a: Pyukumuku
|-heal|p1a: Pyukumuku|59/100 psn
|
|-heal|p1a: Pyukumuku|65/100 psn|[from] item: Leftovers
|-damage|p2a: Slowking|82/100 tox|[from] psn
|-damage|p1a: Pyukumuku|53/100 psn|[from] psn
|upkeep
|turn|85
|
|t:|1641881007
|move|p2a: Slowking|Sludge Bomb|p1a: Pyukumuku
|-damage|p1a: Pyukumuku|36/100 psn
|move|p1a: Pyukumuku|Recover|p1a: Pyukumuku
|-heal|p1a: Pyukumuku|86/100 psn
|
|-heal|p1a: Pyukumuku|92/100 psn|[from] item: Leftovers
|-damage|p2a: Slowking|64/100 tox|[from] psn
|-damage|p1a: Pyukumuku|79/100 psn|[from] psn
|upkeep
|turn|86
|
|t:|1641881015
|move|p2a: Slowking|Sludge Bomb|p1a: Pyukumuku
|-damage|p1a: Pyukumuku|61/100 psn
|move|p1a: Pyukumuku|Recover|p1a: Pyukumuku
|-heal|p1a: Pyukumuku|100/100 psn
|
|-damage|p2a: Slowking|40/100 tox|[from] psn
|-damage|p1a: Pyukumuku|88/100 psn|[from] psn
|upkeep
|turn|87
|
|t:|1641881023
|move|p2a: Slowking|Sludge Bomb|p1a: Pyukumuku
|-damage|p1a: Pyukumuku|69/100 psn
|move|p1a: Pyukumuku|Soak|p2a: Slowking
|-fail|p2a: Slowking
|
|-heal|p1a: Pyukumuku|75/100 psn|[from] item: Leftovers
|-damage|p2a: Slowking|9/100 tox|[from] psn
|-damage|p1a: Pyukumuku|63/100 psn|[from] psn
|upkeep
|turn|88
|
|t:|1641881028
|move|p2a: Slowking|Sludge Bomb|p1a: Pyukumuku
|-damage|p1a: Pyukumuku|44/100 psn
|move|p1a: Pyukumuku|Soak|p2a: Slowking
|-fail|p2a: Slowking
|
|-heal|p1a: Pyukumuku|50/100 psn|[from] item: Leftovers
|-damage|p2a: Slowking|0 fnt|[from] psn
|faint|p2a: Slowking
|
|win|ShloopNoop
|upkeep
|raw|ShloopNoop's rating: 1173 &rarr; <strong>1201</strong><br />(+28 for winning)
|raw|fusingdorites's rating: 1212 &rarr; <strong>1184</strong><br />(-28 for losing)
|l|☆fusingdorites
|c|☆ShloopNoop|gg
|l| aefadsef
