|j|☆imafurryx3
|j|☆Tubitoboy
|t:|1641829676
|gametype|singles
|player|p1|imafurryx3|pokekid|
|player|p2|Tubitoboy|n|
|teamsize|p1|6
|teamsize|p2|6
|gen|8
|tier|[Gen 8] OU
|rule|Sleep Clause Mod: Limit one foe put to sleep
|rule|Species Clause: Limit one of each Pokémon
|rule|OHKO Clause: OHKO moves are banned
|rule|Evasion Moves Clause: Evasion moves are banned
|rule|Endless Battle Clause: Forcing endless battles is banned
|rule|HP Percentage Mod: HP is shown in percentages
|rule|Dynamax Clause: You cannot dynamax
|clearpoke
|poke|p1|Mimikyu, F|
|poke|p1|Melmetal|
|poke|p1|Volcarona, F|
|poke|p1|Toxapex, F|
|poke|p1|Ninetales-Alola, M|
|poke|p1|Regieleki|
|poke|p2|Ninetales-Alola, M|
|poke|p2|Landorus-Therian, M|
|poke|p2|Regieleki|
|poke|p2|Weavile, M|
|poke|p2|Corviknight, M|
|poke|p2|Heatran, F|
|teampreview
|inactive|Battle timer is ON: inactive players will automatically lose when time's up. (requested by imafurryx3)
|inactive|Tubitoboy also wants the timer to be on.
|c|☆Tubitoboy|yooooooooooooo
|
|t:|1641829693
|start
|switch|p1a: Can't see me|Ninetales-Alola, M, shiny|100/100
|switch|p2a: Haxboy|Heatran, F|100/100
|-weather|Hail|[from] ability: Snow Warning|[of] p1a: Can't see me
|-item|p2a: Haxboy|Air Balloon
|turn|1
|c|☆imafurryx3|Multitasking is fun
|
|t:|1641829702
|move|p1a: Can't see me|Aurora Veil|p1a: Can't see me
|-sidestart|p1: imafurryx3|move: Aurora Veil
|move|p2a: Haxboy|Flash Cannon|p1a: Can't see me
|-supereffective|p1a: Can't see me
|-damage|p1a: Can't see me|0 fnt
|faint|p1a: Can't see me
|
|-weather|Hail|[upkeep]
|-damage|p2a: Haxboy|94/100|[from] Hail
|upkeep
|
|t:|1641829712
|switch|p1a: Owo buh bai|Toxapex, F, shiny|100/100
|turn|2
|c|☆imafurryx3|Begone firey
|c|☆Tubitoboy|i'm too bad for that
|
|t:|1641829730
|switch|p2a: Kyubi|Ninetales-Alola, M|100/100
|move|p1a: Owo buh bai|Hydro Pump|p2a: Kyubi
|-damage|p2a: Kyubi|79/100
|
|-weather|Hail|[upkeep]
|-damage|p1a: Owo buh bai|95/100|[from] Hail
|-heal|p1a: Owo buh bai|100/100|[from] item: Black Sludge
|upkeep
|turn|3
|
|t:|1641829755
|move|p2a: Kyubi|Substitute|p2a: Kyubi
|-start|p2a: Kyubi|Substitute
|-damage|p2a: Kyubi|54/100
|move|p1a: Owo buh bai|Hydro Pump|p2a: Kyubi|[miss]
|-miss|p1a: Owo buh bai|p2a: Kyubi
|
|-weather|Hail|[upkeep]
|-damage|p1a: Owo buh bai|95/100|[from] Hail
|-heal|p1a: Owo buh bai|100/100|[from] item: Black Sludge
|upkeep
|turn|4
|
|t:|1641829768
|switch|p1a: Melted simp bones|Melmetal|100/100
|move|p2a: Kyubi|Encore||[still]
|-fail|p2a: Kyubi
|
|-weather|Hail|[upkeep]
|-damage|p1a: Melted simp bones|94/100|[from] Hail
|upkeep
|turn|5
|
|t:|1641829774
|move|p2a: Kyubi|Aurora Veil|p2a: Kyubi
|-sidestart|p2: Tubitoboy|move: Aurora Veil
|move|p1a: Melted simp bones|Double Iron Bash|p2a: Kyubi
|-supereffective|p2a: Kyubi
|-end|p2a: Kyubi|Substitute
|-supereffective|p2a: Kyubi
|-damage|p2a: Kyubi|0 fnt
|faint|p2a: Kyubi
|-hitcount|p2: Kyubi|2
|
|-weather|none
|upkeep
|c|☆imafurryx3|Ouchies
|
|t:|1641829785
|switch|p2a: Grrrrrrrrrrrr|Landorus-Therian, M|100/100
|-ability|p2a: Grrrrrrrrrrrr|Intimidate|boost
|-unboost|p1a: Melted simp bones|atk|1
|turn|6
|c|☆imafurryx3|Band nasty
|
|t:|1641829797
|move|p2a: Grrrrrrrrrrrr|Earthquake|p1a: Melted simp bones
|-supereffective|p1a: Melted simp bones
|-damage|p1a: Melted simp bones|67/100
|move|p1a: Melted simp bones|Double Iron Bash|p2a: Grrrrrrrrrrrr
|-damage|p2a: Grrrrrrrrrrrr|75/100
|-damage|p1a: Melted simp bones|50/100|[from] item: Rocky Helmet|[of] p2a: Grrrrrrrrrrrr
|-damage|p2a: Grrrrrrrrrrrr|48/100
|-damage|p1a: Melted simp bones|34/100|[from] item: Rocky Helmet|[of] p2a: Grrrrrrrrrrrr
|-hitcount|p2a: Grrrrrrrrrrrr|2
|
|upkeep
|turn|7
|
|t:|1641829806
|move|p2a: Grrrrrrrrrrrr|Stealth Rock|p1a: Melted simp bones
|-sidestart|p1: imafurryx3|move: Stealth Rock
|move|p1a: Melted simp bones|Double Iron Bash|p2a: Grrrrrrrrrrrr
|-damage|p2a: Grrrrrrrrrrrr|20/100
|-damage|p1a: Melted simp bones|17/100|[from] item: Rocky Helmet|[of] p2a: Grrrrrrrrrrrr
|-damage|p2a: Grrrrrrrrrrrr|0 fnt
|-damage|p1a: Melted simp bones|0 fnt|[from] item: Rocky Helmet|[of] p2a: Grrrrrrrrrrrr
|faint|p2a: Grrrrrrrrrrrr
|faint|p1a: Melted simp bones
|-hitcount|p2: Grrrrrrrrrrrr|2
|
|upkeep
|
|t:|1641829819
|switch|p2a: Michel jarre|Weavile, M, shiny|100/100
|switch|p1a: Leki for deki|Regieleki, shiny|100/100
|-damage|p1a: Leki for deki|88/100|[from] Stealth Rock
|turn|8
|
|t:|1641829830
|move|p2a: Michel jarre|Ice Shard|p1a: Leki for deki
|-damage|p1a: Leki for deki|62/100
|-damage|p2a: Michel jarre|91/100|[from] item: Life Orb
|move|p1a: Leki for deki|Rapid Spin|p2a: Michel jarre
|-damage|p2a: Michel jarre|80/100
|-boost|p1a: Leki for deki|spe|1
|-sideend|p1: imafurryx3|Stealth Rock|[from] move: Rapid Spin|[of] p1a: Leki for deki
|
|-sideend|p1: imafurryx3|move: Aurora Veil
|upkeep
|turn|9
|c|☆imafurryx3|637 attack xd
|c|☆imafurryx3|On Mel
|
|t:|1641829855
|switch|p1a: Owo buh bai|Toxapex, F, shiny|100/100
|move|p2a: Michel jarre|Triple Axel|p1a: Owo buh bai
|-resisted|p1a: Owo buh bai
|-damage|p1a: Owo buh bai|97/100
|-resisted|p1a: Owo buh bai
|-damage|p1a: Owo buh bai|89/100
|-resisted|p1a: Owo buh bai
|-damage|p1a: Owo buh bai|77/100
|-hitcount|p1a: Owo buh bai|3
|-damage|p2a: Michel jarre|70/100|[from] item: Life Orb
|
|-heal|p1a: Owo buh bai|83/100|[from] item: Black Sludge
|upkeep
|turn|10
|
|t:|1641829870
|switch|p2a: Sncf|Corviknight, M|100/100
|move|p1a: Owo buh bai|Toxic|p2a: Sncf
|-immune|p2a: Sncf
|
|-heal|p1a: Owo buh bai|89/100|[from] item: Black Sludge
|upkeep
|turn|11
|
|t:|1641829877
|move|p2a: Sncf|Tailwind|p2a: Sncf
|-sidestart|p2: Tubitoboy|move: Tailwind
|move|p1a: Owo buh bai|Substitute|p1a: Owo buh bai
|-start|p1a: Owo buh bai|Substitute
|-damage|p1a: Owo buh bai|65/100
|
|-heal|p1a: Owo buh bai|70/100|[from] item: Black Sludge
|upkeep
|turn|12
|
|t:|1641829884
|move|p1a: Owo buh bai|Baneful Bunker|p1a: Owo buh bai
|-singleturn|p1a: Owo buh bai|move: Protect
|move|p2a: Sncf|U-turn|p1a: Owo buh bai
|-activate|p1a: Owo buh bai|move: Protect
|
|-heal|p1a: Owo buh bai|76/100|[from] item: Black Sludge
|-sideend|p2: Tubitoboy|move: Aurora Veil
|upkeep
|turn|13
|
|t:|1641829892
|move|p1a: Owo buh bai|Baneful Bunker||[still]
|-fail|p1a: Owo buh bai
|move|p2a: Sncf|Body Slam|p1a: Owo buh bai
|-activate|p1a: Owo buh bai|move: Substitute|[damage]
|
|-heal|p1a: Owo buh bai|82/100|[from] item: Black Sludge
|upkeep
|turn|14
|
|t:|1641829900
|move|p2a: Sncf|Brave Bird|p1a: Owo buh bai
|-crit|p1a: Owo buh bai
|-end|p1a: Owo buh bai|Substitute
|-damage|p2a: Sncf|98/100|[from] Recoil|[of] p1a: Owo buh bai
|move|p1a: Owo buh bai|Hydro Pump|p2a: Sncf
|-damage|p2a: Sncf|74/100
|
|-heal|p2a: Sncf|81/100|[from] item: Leftovers
|-heal|p1a: Owo buh bai|88/100|[from] item: Black Sludge
|-sideend|p2: Tubitoboy|move: Tailwind
|upkeep
|turn|15
|
|t:|1641829910
|switch|p1a: Broomstick|Volcarona, F, shiny|100/100
|move|p2a: Sncf|Tailwind|p2a: Sncf
|-sidestart|p2: Tubitoboy|move: Tailwind
|
|-heal|p2a: Sncf|87/100|[from] item: Leftovers
|upkeep
|turn|16
|c|☆imafurryx3|Heh
|l|☆Tubitoboy
|inactive|Tubitoboy disconnected and has 300 seconds to reconnect!
|player|p2|
|c|☆imafurryx3|XD
|c|☆imafurryx3|good sir
|c|☆imafurryx3|Is this salt-
|inactive|Tubitoboy has 270 seconds to reconnect!
|c|☆imafurryx3|If so that's kinda funny
|c|☆imafurryx3|I win.. rematch..and then salt
|inactive|Tubitoboy has 240 seconds to reconnect!
|c|☆imafurryx3|Tis not my fault you thought I was gonna stall it out
|c|☆imafurryx3|You sheild..duck..and swing your sword into the side of your foe..old strat
|inactive|Tubitoboy has 210 seconds to reconnect!
|c|☆imafurryx3|Anyways if you just stay out I'm totally sending this into a certain Fred
|inactive|Tubitoboy has 180 seconds to reconnect!
|c|☆imafurryx3|The power of prediction is op
|inactive|Tubitoboy has 150 seconds to reconnect!
|c|☆imafurryx3|Best skill to have in Smogon
|c|☆imafurryx3|That and a game knowledge
|inactive|Tubitoboy has 120 seconds to reconnect!
|c|☆imafurryx3|Humming*
|inactive|Tubitoboy has 90 seconds to reconnect!
|inactive|Tubitoboy has 60 seconds to reconnect!
|l|☆imafurryx3
|inactive|imafurryx3 disconnected and has 300 seconds to reconnect!
|player|p1|
|j|☆imafurryx3
|inactive|imafurryx3 reconnected.
|player|p1|imafurryx3|pokekid
|inactive|Tubitoboy has 30 seconds to reconnect!
|c|☆imafurryx3|Stupid school connection
|inactive|Tubitoboy has 20 seconds to reconnect!
|inactive|Tubitoboy has 15 seconds to reconnect!
|inactive|Tubitoboy has 10 seconds to reconnect!
|c|☆imafurryx3|Yay I win
|inactive|Tubitoboy has 5 seconds to reconnect!
|c|☆imafurryx3|Dances*
|-message|Tubitoboy lost due to inactivity.
|
|win|imafurryx3
