|j|☆Immagamer
|j|☆albinex
|t:|1641775436
|gametype|singles
|player|p1|Immagamer|169|1341
|player|p2|albinex|pokemonrangerf|1373
|teamsize|p1|6
|teamsize|p2|6
|gen|8
|tier|[Gen 8] OU
|rated|
|rule|Sleep Clause Mod: Limit one foe put to sleep
|rule|Species Clause: Limit one of each Pokémon
|rule|OHKO Clause: OHKO moves are banned
|rule|Evasion Moves Clause: Evasion moves are banned
|rule|Endless Battle Clause: Forcing endless battles is banned
|rule|HP Percentage Mod: HP is shown in percentages
|rule|Dynamax Clause: You cannot dynamax
|clearpoke
|poke|p1|Crawdaunt, M|
|poke|p1|Nidoking, M|
|poke|p1|Zeraora|
|poke|p1|Tangrowth, F|
|poke|p1|Chansey, F|
|poke|p1|Tapu Fini|
|poke|p2|Pelipper, F|
|poke|p2|Ferrothorn, M|
|poke|p2|Barraskewda, F|
|poke|p2|Garchomp, M|
|poke|p2|Zapdos|
|poke|p2|Crawdaunt, F|
|teampreview
|inactive|Battle timer is ON: inactive players will automatically lose when time's up. (requested by albinex)
|
|t:|1641775460
|start
|switch|p1a: Zeraora|Zeraora|100/100
|switch|p2a: Ferrothorn|Ferrothorn, M|100/100
|turn|1
|
|t:|1641775468
|switch|p2a: Pelipper|Pelipper, F|100/100
|-weather|RainDance|[from] ability: Drizzle|[of] p2a: Pelipper
|move|p1a: Zeraora|Blaze Kick|p2a: Pelipper
|-resisted|p2a: Pelipper
|-damage|p2a: Pelipper|93/100
|-status|p2a: Pelipper|brn
|
|-weather|RainDance|[upkeep]
|-damage|p2a: Pelipper|87/100 brn|[from] brn
|upkeep
|turn|2
|
|t:|1641775476
|switch|p1a: Chansey|Chansey, F|100/100
|switch|p2a: Garchomp|Garchomp, M|100/100
|
|-weather|RainDance|[upkeep]
|upkeep
|turn|3
|
|t:|1641775480
|move|p2a: Garchomp|Swords Dance|p2a: Garchomp
|-boost|p2a: Garchomp|atk|2
|move|p1a: Chansey|Toxic|p2a: Garchomp
|-status|p2a: Garchomp|tox
|
|-weather|RainDance|[upkeep]
|-damage|p2a: Garchomp|94/100 tox|[from] psn
|upkeep
|turn|4
|
|t:|1641775485
|switch|p1a: Tapu Fini|Tapu Fini|100/100
|-fieldstart|move: Misty Terrain|[from] ability: Misty Surge|[of] p1a: Tapu Fini
|move|p2a: Garchomp|Swords Dance|p2a: Garchomp
|-boost|p2a: Garchomp|atk|2
|
|-weather|RainDance|[upkeep]
|-heal|p2a: Garchomp|100/100 tox|[from] item: Leftovers
|-damage|p2a: Garchomp|88/100 tox|[from] psn
|upkeep
|turn|5
|
|t:|1641775492
|move|p2a: Garchomp|Earthquake|p1a: Tapu Fini
|-damage|p1a: Tapu Fini|3/100
|move|p1a: Tapu Fini|Moonblast|p2a: Garchomp
|-supereffective|p2a: Garchomp
|-damage|p2a: Garchomp|14/100 tox
|-unboost|p2a: Garchomp|spa|1
|
|-weather|RainDance|[upkeep]
|-heal|p2a: Garchomp|20/100 tox|[from] item: Leftovers
|-heal|p1a: Tapu Fini|9/100|[from] item: Leftovers
|-damage|p2a: Garchomp|1/100 tox|[from] psn
|upkeep
|turn|6
|
|t:|1641775498
|move|p2a: Garchomp|Earthquake|p1a: Tapu Fini
|-damage|p1a: Tapu Fini|0 fnt
|faint|p1a: Tapu Fini
|
|-weather|RainDance|[upkeep]
|-heal|p2a: Garchomp|8/100 tox|[from] item: Leftovers
|-damage|p2a: Garchomp|0 fnt|[from] psn
|faint|p2a: Garchomp
|upkeep
|
|t:|1641775506
|switch|p2a: Barraskewda|Barraskewda, F|100/100
|switch|p1a: Crawdaunt|Crawdaunt, M|100/100
|turn|7
|
|t:|1641775518
|switch|p1a: Tangrowth|Tangrowth, F|100/100
|move|p2a: Barraskewda|Close Combat|p1a: Tangrowth
|-damage|p1a: Tangrowth|67/100
|-unboost|p2a: Barraskewda|def|1
|-unboost|p2a: Barraskewda|spd|1
|-damage|p2a: Barraskewda|84/100|[from] item: Rocky Helmet|[of] p1a: Tangrowth
|
|-weather|RainDance|[upkeep]
|upkeep
|turn|8
|
|t:|1641775532
|switch|p2a: Zapdos|Zapdos|100/100
|move|p1a: Tangrowth|Sleep Powder|p2a: Zapdos
|-status|p2a: Zapdos|slp|[from] move: Sleep Powder
|
|-weather|none
|-fieldend|Misty Terrain
|upkeep
|turn|9
|
|t:|1641775539
|cant|p2a: Zapdos|slp
|move|p1a: Tangrowth|Knock Off|p2a: Zapdos
|-damage|p2a: Zapdos|73/100 slp
|-enditem|p2a: Zapdos|Heavy-Duty Boots|[from] move: Knock Off|[of] p1a: Tangrowth
|
|upkeep
|turn|10
|
|t:|1641775548
|switch|p1a: Nidoking|Nidoking, M|100/100
|cant|p2a: Zapdos|slp
|
|upkeep
|turn|11
|
|t:|1641775556
|switch|p2a: Pelipper|Pelipper, F|87/100 brn
|-weather|RainDance|[from] ability: Drizzle|[of] p2a: Pelipper
|move|p1a: Nidoking|Ice Beam|p2a: Pelipper
|-damage|p2a: Pelipper|31/100 brn
|
|-weather|RainDance|[upkeep]
|-damage|p2a: Pelipper|24/100 brn|[from] brn
|upkeep
|turn|12
|
|t:|1641775563
|switch|p2a: Ferrothorn|Ferrothorn, M|100/100
|move|p1a: Nidoking|Ice Beam|p2a: Ferrothorn
|-damage|p2a: Ferrothorn|75/100
|
|-weather|RainDance|[upkeep]
|-heal|p2a: Ferrothorn|81/100|[from] item: Leftovers
|upkeep
|turn|13
|
|t:|1641775567
|move|p1a: Nidoking|Flamethrower|p2a: Ferrothorn
|-supereffective|p2a: Ferrothorn
|-damage|p2a: Ferrothorn|28/100
|move|p2a: Ferrothorn|Stealth Rock|p1a: Nidoking
|-sidestart|p1: Immagamer|move: Stealth Rock
|
|-weather|RainDance|[upkeep]
|-heal|p2a: Ferrothorn|34/100|[from] item: Leftovers
|upkeep
|turn|14
|
|t:|1641775576
|move|p1a: Nidoking|Earth Power|p2a: Ferrothorn
|-crit|p2a: Ferrothorn
|-damage|p2a: Ferrothorn|0 fnt
|faint|p2a: Ferrothorn
|
|-weather|RainDance|[upkeep]
|upkeep
|
|t:|1641775588
|switch|p2a: Zapdos|Zapdos|73/100 slp
|turn|15
|
|t:|1641775593
|cant|p2a: Zapdos|slp
|move|p1a: Nidoking|Ice Beam|p2a: Zapdos
|-supereffective|p2a: Zapdos
|-damage|p2a: Zapdos|0 fnt
|faint|p2a: Zapdos
|
|-weather|RainDance|[upkeep]
|upkeep
|
|t:|1641775599
|switch|p2a: Barraskewda|Barraskewda, F|84/100
|turn|16
|
|t:|1641775603
|switch|p1a: Tangrowth|Tangrowth, F|100/100
|-damage|p1a: Tangrowth|88/100|[from] Stealth Rock
|move|p2a: Barraskewda|Flip Turn|p1a: Tangrowth
|-resisted|p1a: Tangrowth
|-damage|p1a: Tangrowth|68/100
|-damage|p2a: Barraskewda|68/100|[from] item: Rocky Helmet|[of] p1a: Tangrowth
|
|t:|1641775615
|switch|p2a: Pelipper|Pelipper, F|24/100 brn|[from]move: Flip Turn
|
|-weather|RainDance|[upkeep]
|-damage|p2a: Pelipper|18/100 brn|[from] brn
|upkeep
|turn|17
|
|t:|1641775629
|switch|p1a: Chansey|Chansey, F|100/100
|-damage|p1a: Chansey|88/100|[from] Stealth Rock
|move|p2a: Pelipper|Roost|p2a: Pelipper
|-heal|p2a: Pelipper|68/100 brn
|-singleturn|p2a: Pelipper|move: Roost
|
|-weather|RainDance|[upkeep]
|-damage|p2a: Pelipper|62/100 brn|[from] brn
|upkeep
|turn|18
|
|t:|1641775636
|move|p2a: Pelipper|Roost|p2a: Pelipper
|-heal|p2a: Pelipper|100/100 brn
|-singleturn|p2a: Pelipper|move: Roost
|move|p1a: Chansey|Seismic Toss|p2a: Pelipper
|-damage|p2a: Pelipper|70/100 brn
|
|-weather|none
|-damage|p2a: Pelipper|63/100 brn|[from] brn
|upkeep
|turn|19
|
|t:|1641775643
|switch|p1a: Zeraora|Zeraora|100/100
|-damage|p1a: Zeraora|88/100|[from] Stealth Rock
|move|p2a: Pelipper|U-turn|p1a: Zeraora
|-damage|p1a: Zeraora|83/100
|
|t:|1641775656
|switch|p2a: Crawdaunt|Crawdaunt, F|100/100|[from]move: U-turn
|
|upkeep
|turn|20
|
|t:|1641775661
|move|p2a: Crawdaunt|Aqua Jet|p1a: Zeraora
|-damage|p1a: Zeraora|29/100
|-damage|p2a: Crawdaunt|91/100|[from] item: Life Orb
|move|p1a: Zeraora|Plasma Fists|p2a: Crawdaunt
|-supereffective|p2a: Crawdaunt
|-damage|p2a: Crawdaunt|0 fnt
|-fieldactivate|move: Ion Deluge
|-hint|Normal-type moves become Electric-type after using Plasma Fists.
|faint|p2a: Crawdaunt
|
|upkeep
|
|t:|1641775664
|switch|p2a: Pelipper|Pelipper, F|63/100 brn
|-weather|RainDance|[from] ability: Drizzle|[of] p2a: Pelipper
|turn|21
|
|t:|1641775669
|move|p1a: Zeraora|Plasma Fists|p2a: Pelipper
|-supereffective|p2a: Pelipper
|-damage|p2a: Pelipper|0 fnt
|-fieldactivate|move: Ion Deluge
|-hint|Normal-type moves become Electric-type after using Plasma Fists.
|faint|p2a: Pelipper
|
|-weather|RainDance|[upkeep]
|upkeep
|
|t:|1641775672
|switch|p2a: Barraskewda|Barraskewda, F|68/100
|turn|22
|
|t:|1641775692
|move|p2a: Barraskewda|Liquidation|p1a: Zeraora
|-damage|p1a: Zeraora|0 fnt
|faint|p1a: Zeraora
|
|-weather|RainDance|[upkeep]
|upkeep
|
|t:|1641775698
|switch|p1a: Crawdaunt|Crawdaunt, M|100/100
|-damage|p1a: Crawdaunt|88/100|[from] Stealth Rock
|turn|23
|
|t:|1641775701
|move|p2a: Barraskewda|Liquidation|p1a: Crawdaunt
|-resisted|p1a: Crawdaunt
|-damage|p1a: Crawdaunt|12/100
|move|p1a: Crawdaunt|Knock Off|p2a: Barraskewda
|-damage|p2a: Barraskewda|0 fnt
|-enditem|p2a: Barraskewda|Choice Band|[from] move: Knock Off|[of] p1a: Crawdaunt
|faint|p2a: Barraskewda
|-damage|p1a: Crawdaunt|2/100|[from] item: Life Orb
|
|win|Immagamer
|raw|Immagamer's rating: 1341 &rarr; <strong>1363</strong><br />(+22 for winning)
|raw|albinex's rating: 1373 &rarr; <strong>1351</strong><br />(-22 for losing)
|l|☆albinex
