|j|☆8jaggery
|j|☆tioneeee2
|t:|1641736893
|gametype|singles
|player|p1|8jaggery|102|1209
|player|p2|tioneeee2|lance|1211
|teamsize|p1|6
|teamsize|p2|6
|gen|8
|tier|[Gen 8] OU
|rated|
|rule|Sleep Clause Mod: Limit one foe put to sleep
|rule|Species Clause: Limit one of each Pokémon
|rule|OHKO Clause: OHKO moves are banned
|rule|Evasion Moves Clause: Evasion moves are banned
|rule|Endless Battle Clause: Forcing endless battles is banned
|rule|HP Percentage Mod: HP is shown in percentages
|rule|Dynamax Clause: You cannot dynamax
|clearpoke
|poke|p1|Hawlucha, M|
|poke|p1|Rillaboom, F|
|poke|p1|Heatran, M|
|poke|p1|Dragapult, M|
|poke|p1|Clefable, F|
|poke|p1|Blastoise, M|
|poke|p2|Pelipper, M|
|poke|p2|Zapdos|
|poke|p2|Barraskewda, F|
|poke|p2|Ferrothorn, M|
|poke|p2|Garchomp, M|
|poke|p2|Azumarill, F|
|teampreview
|
|t:|1641736906
|start
|switch|p1a: Blastoise|Blastoise, M|100/100
|switch|p2a: Pelipper|Pelipper, M|100/100
|-weather|RainDance|[from] ability: Drizzle|[of] p2a: Pelipper
|turn|1
|
|t:|1641736918
|move|p1a: Blastoise|Shell Smash|p1a: Blastoise
|-unboost|p1a: Blastoise|def|1
|-unboost|p1a: Blastoise|spd|1
|-boost|p1a: Blastoise|atk|2
|-boost|p1a: Blastoise|spa|2
|-boost|p1a: Blastoise|spe|2
|-enditem|p1a: Blastoise|White Herb
|-clearnegativeboost|p1a: Blastoise|[silent]
|move|p2a: Pelipper|U-turn|p1a: Blastoise
|-damage|p1a: Blastoise|91/100
|
|t:|1641736952
|switch|p2a: Barraskewda|Barraskewda, F|100/100|[from]move: U-turn
|
|-weather|RainDance|[upkeep]
|upkeep
|turn|2
|inactive|Battle timer is ON: inactive players will automatically lose when time's up. (requested by 8jaggery)
|
|t:|1641736976
|move|p2a: Barraskewda|Close Combat|p1a: Blastoise
|-damage|p1a: Blastoise|17/100
|-unboost|p2a: Barraskewda|def|1
|-unboost|p2a: Barraskewda|spd|1
|move|p1a: Blastoise|Aura Sphere|p2a: Barraskewda
|-damage|p2a: Barraskewda|0 fnt
|faint|p2a: Barraskewda
|
|-weather|RainDance|[upkeep]
|upkeep
|
|t:|1641736985
|switch|p2a: Azumarill|Azumarill, F|100/100
|turn|3
|
|t:|1641737006
|move|p2a: Azumarill|Aqua Jet|p1a: Blastoise
|-resisted|p1a: Blastoise
|-damage|p1a: Blastoise|0 fnt
|faint|p1a: Blastoise
|
|-weather|RainDance|[upkeep]
|upkeep
|
|t:|1641737019
|switch|p1a: Rillaboom|Rillaboom, F|100/100
|-fieldstart|move: Grassy Terrain|[from] ability: Grassy Surge|[of] p1a: Rillaboom
|turn|4
|inactive|tioneeee2 has 120 seconds left.
|
|t:|1641737053
|switch|p2a: Pelipper|Pelipper, M|100/100
|move|p1a: Rillaboom|Grassy Glide|p2a: Pelipper
|-damage|p2a: Pelipper|60/100
|
|-weather|RainDance|[upkeep]
|upkeep
|turn|5
|inactive|8jaggery has 120 seconds left.
|
|t:|1641737085
|move|p1a: Rillaboom|Grassy Glide|p2a: Pelipper
|-damage|p2a: Pelipper|16/100
|move|p2a: Pelipper|U-turn|p1a: Rillaboom
|-supereffective|p1a: Rillaboom
|-damage|p1a: Rillaboom|89/100
|inactive|tioneeee2 has 120 seconds left.
|
|t:|1641737107
|switch|p2a: Zapdos|Zapdos|100/100|[from]move: U-turn
|
|-weather|RainDance|[upkeep]
|-heal|p1a: Rillaboom|95/100|[from] Grassy Terrain
|upkeep
|turn|6
|inactive|8jaggery has 120 seconds left.
|
|t:|1641737124
|switch|p1a: Clefable|Clefable, F|100/100
|move|p2a: Zapdos|Hurricane|p1a: Clefable
|-damage|p1a: Clefable|60/100
|
|-weather|RainDance|[upkeep]
|-heal|p1a: Clefable|66/100|[from] Grassy Terrain
|-heal|p1a: Clefable|72/100|[from] item: Leftovers
|upkeep
|turn|7
|inactive|8jaggery has 120 seconds left.
|inactive|tioneeee2 has 120 seconds left.
|
|t:|1641737139
|move|p2a: Zapdos|Thunder|p1a: Clefable
|-damage|p1a: Clefable|37/100
|move|p1a: Clefable|Moonblast|p2a: Zapdos
|-damage|p2a: Zapdos|64/100
|
|-weather|RainDance|[upkeep]
|-heal|p1a: Clefable|43/100|[from] Grassy Terrain
|-heal|p1a: Clefable|49/100|[from] item: Leftovers
|upkeep
|turn|8
|inactive|tioneeee2 has 120 seconds left.
|
|t:|1641737149
|move|p2a: Zapdos|Thunder|p1a: Clefable
|-damage|p1a: Clefable|9/100
|-status|p1a: Clefable|par
|move|p1a: Clefable|Moonlight|p1a: Clefable
|-heal|p1a: Clefable|34/100 par
|
|-weather|none
|-heal|p1a: Clefable|40/100 par|[from] Grassy Terrain
|-heal|p1a: Clefable|46/100 par|[from] item: Leftovers
|-fieldend|move: Grassy Terrain
|upkeep
|turn|9
|inactive|tioneeee2 has 120 seconds left.
|inactive|8jaggery has 120 seconds left.
|
|t:|1641737172
|switch|p2a: Ferrothorn|Ferrothorn, M|100/100
|cant|p1a: Clefable|par
|
|-heal|p1a: Clefable|52/100 par|[from] item: Leftovers
|upkeep
|turn|10
|inactive|8jaggery has 120 seconds left.
|inactive|tioneeee2 has 120 seconds left.
|
|t:|1641737188
|switch|p1a: Heatran|Heatran, M|100/100
|-item|p1a: Heatran|Air Balloon
|move|p2a: Ferrothorn|Knock Off|p1a: Heatran
|-damage|p1a: Heatran|83/100
|-enditem|p1a: Heatran|Air Balloon
|
|upkeep
|turn|11
|inactive|tioneeee2 has 120 seconds left.
|
|t:|1641737198
|switch|p2a: Garchomp|Garchomp, M|100/100
|move|p1a: Heatran|Stealth Rock|p2a: Garchomp
|-sidestart|p2: tioneeee2|move: Stealth Rock
|
|upkeep
|turn|12
|inactive|tioneeee2 has 120 seconds left.
|
|t:|1641737211
|switch|p1a: Hawlucha|Hawlucha, M|100/100
|move|p2a: Garchomp|Swords Dance|p2a: Garchomp
|-boost|p2a: Garchomp|atk|2
|
|upkeep
|turn|13
|inactive|tioneeee2 has 120 seconds left.
|
|t:|1641737228
|move|p1a: Hawlucha|Close Combat|p2a: Garchomp
|-damage|p2a: Garchomp|44/100
|-unboost|p1a: Hawlucha|def|1
|-unboost|p1a: Hawlucha|spd|1
|-damage|p1a: Hawlucha|88/100|[from] ability: Rough Skin|[of] p2a: Garchomp
|move|p2a: Garchomp|Scale Shot|p1a: Hawlucha
|-damage|p1a: Hawlucha|13/100
|-damage|p1a: Hawlucha|0 fnt
|faint|p1a: Hawlucha
|-hitcount|p1: Hawlucha|2
|-unboost|p2a: Garchomp|def|1
|-boost|p2a: Garchomp|spe|1
|-damage|p2a: Garchomp|34/100|[from] item: Life Orb
|
|upkeep
|inactive|8jaggery has 120 seconds left.
|
|t:|1641737246
|switch|p1a: Rillaboom|Rillaboom, F|95/100
|-fieldstart|move: Grassy Terrain|[from] ability: Grassy Surge|[of] p1a: Rillaboom
|turn|14
|inactive|tioneeee2 has 120 seconds left.
|
|t:|1641737269
|switch|p2a: Ferrothorn|Ferrothorn, M|100/100
|-damage|p2a: Ferrothorn|94/100|[from] Stealth Rock
|move|p1a: Rillaboom|Grassy Glide|p2a: Ferrothorn
|-resisted|p2a: Ferrothorn
|-damage|p2a: Ferrothorn|85/100
|-damage|p1a: Rillaboom|83/100|[from] ability: Iron Barbs|[of] p2a: Ferrothorn
|
|-heal|p1a: Rillaboom|89/100|[from] Grassy Terrain
|-heal|p2a: Ferrothorn|91/100|[from] Grassy Terrain
|-heal|p2a: Ferrothorn|97/100|[from] item: Leftovers
|upkeep
|turn|15
|inactive|8jaggery has 120 seconds left.
|
|t:|1641737289
|switch|p1a: Heatran|Heatran, M|83/100
|switch|p2a: Garchomp|Garchomp, M|34/100
|-damage|p2a: Garchomp|28/100|[from] Stealth Rock
|
|-heal|p2a: Garchomp|34/100|[from] Grassy Terrain
|-heal|p1a: Heatran|89/100|[from] Grassy Terrain
|upkeep
|turn|16
|inactive|8jaggery has 120 seconds left.
|
|t:|1641737317
|switch|p1a: Rillaboom|Rillaboom, F|89/100
|move|p2a: Garchomp|Earthquake|p1a: Rillaboom
|-resisted|p1a: Rillaboom
|-damage|p1a: Rillaboom|77/100
|-damage|p2a: Garchomp|25/100|[from] item: Life Orb
|
|-heal|p2a: Garchomp|31/100|[from] Grassy Terrain
|-heal|p1a: Rillaboom|83/100|[from] Grassy Terrain
|upkeep
|turn|17
|-message|tioneeee2 forfeited.
|
|win|8jaggery
|raw|8jaggery's rating: 1209 &rarr; <strong>1234</strong><br />(+25 for winning)
|raw|tioneeee2's rating: 1211 &rarr; <strong>1186</strong><br />(-25 for losing)
|l|☆tioneeee2
