|j|☆kurnal
|j|☆apex2618
|t:|1641875375
|gametype|singles
|player|p1|kurnal|red|1034
|player|p2|apex2618|lucas|1018
|teamsize|p1|6
|teamsize|p2|6
|gen|8
|tier|[Gen 8] OU
|rated|
|rule|Sleep Clause Mod: Limit one foe put to sleep
|rule|Species Clause: Limit one of each Pokémon
|rule|OHKO Clause: OHKO moves are banned
|rule|Evasion Moves Clause: Evasion moves are banned
|rule|Endless Battle Clause: Forcing endless battles is banned
|rule|HP Percentage Mod: HP is shown in percentages
|rule|Dynamax Clause: You cannot dynamax
|clearpoke
|poke|p1|Urshifu-*, F|
|poke|p1|Dragapult, F|
|poke|p1|Rillaboom, F|
|poke|p1|Blissey, F|
|poke|p1|Skarmory, F|
|poke|p1|Magnezone|
|poke|p2|Dragapult, M|
|poke|p2|Blacephalon|
|poke|p2|Gengar, M|
|poke|p2|Aegislash, F|
|poke|p2|Mimikyu, F|
|poke|p2|Polteageist|
|teampreview
|inactive|Battle timer is ON: inactive players will automatically lose when time's up. (requested by apex2618)
|
|t:|1641875383
|start
|switch|p1a: Skarmory|Skarmory, F|100/100
|switch|p2a: Gengar|Gengar, M|100/100
|turn|1
|
|t:|1641875403
|move|p2a: Gengar|Shadow Ball|p1a: Skarmory
|-damage|p1a: Skarmory|3/100
|-unboost|p1a: Skarmory|spd|1
|move|p1a: Skarmory|Spikes|p2a: Gengar
|-sidestart|p2: apex2618|Spikes
|
|upkeep
|turn|2
|-enditem|p1a: Skarmory|Custap Berry|[eat]
|-activate|p1a: Skarmory|item: Custap Berry|[consumed]
|
|t:|1641875411
|move|p1a: Skarmory|Spikes|p2a: Gengar
|-sidestart|p2: apex2618|Spikes
|move|p2a: Gengar|Shadow Ball|p1a: Skarmory
|-damage|p1a: Skarmory|0 fnt
|faint|p1a: Skarmory
|
|upkeep
|
|t:|1641875420
|switch|p1a: Dragapult|Dragapult, F|100/100
|turn|3
|
|t:|1641875424
|move|p1a: Dragapult|Shadow Ball|p2a: Gengar
|-supereffective|p2a: Gengar
|-damage|p2a: Gengar|0 fnt
|-start|p1a: Dragapult|Disable|Shadow Ball|[from] ability: Cursed Body|[of] p2a: Gengar
|faint|p2a: Gengar
|
|upkeep
|
|t:|1641875432
|switch|p2a: Aegislash|Aegislash, F|100/100
|-damage|p2a: Aegislash|84/100|[from] Spikes
|turn|4
|
|t:|1641875437
|move|p1a: Dragapult|U-turn|p2a: Aegislash
|-resisted|p2a: Aegislash
|-damage|p2a: Aegislash|81/100
|
|t:|1641875444
|switch|p1a: Urshifu|Urshifu-Rapid-Strike, F|100/100|[from]move: U-turn
|move|p2a: Aegislash|Swords Dance|p2a: Aegislash
|-boost|p2a: Aegislash|atk|2
|
|upkeep
|turn|5
|
|t:|1641875453
|-formechange|p2a: Aegislash|Aegislash-Blade||[from] ability: Stance Change
|move|p2a: Aegislash|Shadow Sneak|p1a: Urshifu
|-damage|p1a: Urshifu|55/100
|move|p1a: Urshifu|U-turn|p2a: Aegislash
|-resisted|p2a: Aegislash
|-damage|p2a: Aegislash|66/100
|-damage|p1a: Urshifu|45/100|[from] item: Life Orb
|
|t:|1641875466
|switch|p1a: Dragapult|Dragapult, F|100/100|[from]move: U-turn
|
|upkeep
|turn|6
|
|t:|1641875471
|move|p2a: Aegislash|Shadow Sneak|p1a: Dragapult
|-supereffective|p1a: Dragapult
|-damage|p1a: Dragapult|0 fnt
|faint|p1a: Dragapult
|
|upkeep
|
|t:|1641875484
|switch|p1a: Rillaboom|Rillaboom, F|100/100
|-fieldstart|move: Grassy Terrain|[from] ability: Grassy Surge|[of] p1a: Rillaboom
|turn|7
|
|t:|1641875490
|move|p2a: Aegislash|Shadow Sneak|p1a: Rillaboom
|-damage|p1a: Rillaboom|46/100
|move|p1a: Rillaboom|Knock Off|p2a: Aegislash
|-supereffective|p2a: Aegislash
|-damage|p2a: Aegislash|0 fnt
|-enditem|p2a: Aegislash|Weakness Policy|[from] move: Knock Off|[of] p1a: Rillaboom
|faint|p2a: Aegislash
|-damage|p1a: Rillaboom|36/100|[from] item: Life Orb
|
|-heal|p1a: Rillaboom|42/100|[from] Grassy Terrain
|upkeep
|
|t:|1641875502
|switch|p2a: Blacephalon|Blacephalon|100/100
|-damage|p2a: Blacephalon|84/100|[from] Spikes
|turn|8
|
|t:|1641875525
|move|p1a: Rillaboom|Grassy Glide|p2a: Blacephalon
|-resisted|p2a: Blacephalon
|-damage|p2a: Blacephalon|18/100
|-damage|p1a: Rillaboom|32/100|[from] item: Life Orb
|move|p2a: Blacephalon|Flamethrower|p1a: Rillaboom
|-supereffective|p1a: Rillaboom
|-damage|p1a: Rillaboom|0 fnt
|faint|p1a: Rillaboom
|-ability|p2a: Blacephalon|Beast Boost|boost
|-boost|p2a: Blacephalon|spa|1
|
|-heal|p2a: Blacephalon|24/100|[from] Grassy Terrain
|upkeep
|
|t:|1641875536
|switch|p1a: Urshifu|Urshifu-Rapid-Strike, F|45/100
|turn|9
|
|t:|1641875553
|move|p1a: Urshifu|Aqua Jet|p2a: Blacephalon
|-supereffective|p2a: Blacephalon
|-damage|p2a: Blacephalon|0 fnt
|faint|p2a: Blacephalon
|-damage|p1a: Urshifu|35/100|[from] item: Life Orb
|
|-heal|p1a: Urshifu|41/100|[from] Grassy Terrain
|upkeep
|
|t:|1641875563
|switch|p2a: Dragapult|Dragapult, M|100/100
|-damage|p2a: Dragapult|84/100|[from] Spikes
|turn|10
|
|t:|1641875572
|switch|p1a: Magnezone|Magnezone|100/100
|move|p2a: Dragapult|Thunderbolt|p1a: Magnezone
|-resisted|p1a: Magnezone
|-damage|p1a: Magnezone|78/100
|
|-heal|p2a: Dragapult|90/100|[from] Grassy Terrain
|-heal|p1a: Magnezone|84/100|[from] Grassy Terrain
|-heal|p1a: Magnezone|90/100|[from] item: Leftovers
|upkeep
|turn|11
|-message|apex2618 forfeited.
|
|win|kurnal
|raw|kurnal's rating: 1034 &rarr; <strong>1067</strong><br />(+33 for winning)
|raw|apex2618's rating: 1018 &rarr; <strong>1006</strong><br />(-12 for losing)
|l|☆apex2618
