|j|☆ailos_deleon
|j|☆Happy Soybean
|t:|1641868788
|gametype|singles
|player|p1|ailos_deleon|pokemonbreeder-gen4|1055
|player|p2|Happy Soybean|lady-gen4|1000
|teamsize|p1|6
|teamsize|p2|6
|gen|8
|tier|[Gen 8] OU
|rated|
|rule|Sleep Clause Mod: Limit one foe put to sleep
|rule|Species Clause: Limit one of each Pokémon
|rule|OHKO Clause: OHKO moves are banned
|rule|Evasion Moves Clause: Evasion moves are banned
|rule|Endless Battle Clause: Forcing endless battles is banned
|rule|HP Percentage Mod: HP is shown in percentages
|rule|Dynamax Clause: You cannot dynamax
|clearpoke
|poke|p1|Corviknight, F|
|poke|p1|Gengar, M|
|poke|p1|Hatterene, F|
|poke|p1|Marowak-Alola, F|
|poke|p1|Beheeyem, M|
|poke|p1|Gourgeist-*, M|
|poke|p2|Klefki, F|
|poke|p2|Alcremie-Ruby-Swirl, F|
|poke|p2|Cresselia, F|
|poke|p2|Gardevoir, F|
|poke|p2|Lurantis, F|
|poke|p2|Diancie|
|teampreview
|inactive|Battle timer is ON: inactive players will automatically lose when time's up. (requested by Happy Soybean)
|c|☆Happy Soybean|Hello
|
|t:|1641868797
|start
|switch|p1a: Gengar|Gengar, M, shiny|100/100
|switch|p2a: Handmaid|Klefki, F|100/100
|turn|1
|
|t:|1641868805
|move|p2a: Handmaid|Reflect|p2a: Handmaid
|-sidestart|p2: Happy Soybean|Reflect
|move|p1a: Gengar|Trick Room|p1a: Gengar
|-fieldstart|move: Trick Room|[of] p1a: Gengar
|-enditem|p1a: Gengar|Room Service
|-unboost|p1a: Gengar|spe|1|[from] item: Room Service
|
|upkeep
|turn|2
|
|t:|1641868815
|move|p2a: Handmaid|Light Screen|p2a: Handmaid
|-sidestart|p2: Happy Soybean|move: Light Screen
|move|p1a: Gengar|Shadow Ball|p2a: Handmaid
|-damage|p2a: Handmaid|72/100
|-unboost|p2a: Handmaid|spd|1
|
|upkeep
|turn|3
|
|t:|1641868839
|switch|p1a: Marowak|Marowak-Alola, F|100/100
|switch|p2a: Duchess Devoir|Gardevoir, F|100/100
|-ability|p2a: Duchess Devoir|Rock Head|[from] ability: Trace|[of] p1a: Marowak
|
|upkeep
|turn|4
|
|t:|1641868858
|switch|p2a: Princess Diamond|Diancie|100/100
|move|p1a: Marowak|Swords Dance|p1a: Marowak
|-boost|p1a: Marowak|atk|2
|
|upkeep
|turn|5
|
|t:|1641868885
|move|p1a: Marowak|Bonemerang|p2a: Princess Diamond|[miss]
|-miss|p1a: Marowak|p2a: Princess Diamond
|move|p2a: Princess Diamond|Earth Power|p1a: Marowak
|-supereffective|p1a: Marowak
|-damage|p1a: Marowak|33/100
|
|-fieldend|move: Trick Room
|upkeep
|turn|6
|
|t:|1641868897
|switch|p1a: Hatterene|Hatterene, F, shiny|100/100
|move|p2a: Princess Diamond|Earth Power|p1a: Hatterene
|-damage|p1a: Hatterene|71/100
|
|-heal|p1a: Hatterene|77/100|[from] item: Leftovers
|upkeep
|turn|7
|inactive|ailos_deleon has 120 seconds left.
|
|t:|1641868918
|switch|p2a: Duchess Devoir|Gardevoir, F|100/100
|-ability|p2a: Duchess Devoir|Magic Bounce|[from] ability: Trace|[of] p1a: Hatterene
|move|p1a: Hatterene|Trick Room|p1a: Hatterene
|-fieldstart|move: Trick Room|[of] p1a: Hatterene
|
|-heal|p1a: Hatterene|83/100|[from] item: Leftovers
|upkeep
|turn|8
|inactive|ailos_deleon has 120 seconds left.
|
|t:|1641868944
|move|p1a: Hatterene|Calm Mind|p1a: Hatterene
|-boost|p1a: Hatterene|spa|1
|-boost|p1a: Hatterene|spd|1
|move|p2a: Duchess Devoir|Shadow Ball|p1a: Hatterene
|-supereffective|p1a: Hatterene
|-damage|p1a: Hatterene|46/100
|
|-heal|p1a: Hatterene|52/100|[from] item: Leftovers
|-sideend|p2: Happy Soybean|Reflect
|upkeep
|turn|9
|
|t:|1641868954
|move|p1a: Hatterene|Calm Mind|p1a: Hatterene
|-boost|p1a: Hatterene|spa|1
|-boost|p1a: Hatterene|spd|1
|move|p2a: Duchess Devoir|Shadow Ball|p1a: Hatterene
|-supereffective|p1a: Hatterene
|-damage|p1a: Hatterene|23/100
|-unboost|p1a: Hatterene|spd|1
|
|-heal|p1a: Hatterene|28/100|[from] item: Leftovers
|-sideend|p2: Happy Soybean|move: Light Screen
|upkeep
|turn|10
|
|t:|1641868966
|switch|p1a: Corviknight|Corviknight, F|100/100
|-ability|p1a: Corviknight|Pressure
|move|p2a: Duchess Devoir|Shadow Ball|p1a: Corviknight
|-damage|p1a: Corviknight|76/100
|
|upkeep
|turn|11
|
|t:|1641868980
|switch|p2a: Countess Crescent|Cresselia, F|100/100
|move|p1a: Corviknight|U-turn|p2a: Countess Crescent
|-supereffective|p2a: Countess Crescent
|-damage|p2a: Countess Crescent|82/100
|
|t:|1641868993
|switch|p1a: Gengar|Gengar, M, shiny|100/100|[from]move: U-turn
|
|-heal|p2a: Countess Crescent|88/100|[from] item: Leftovers
|-fieldend|move: Trick Room
|upkeep
|turn|12
|
|t:|1641869004
|move|p1a: Gengar|Shadow Ball|p2a: Countess Crescent
|-supereffective|p2a: Countess Crescent
|-damage|p2a: Countess Crescent|32/100
|move|p2a: Countess Crescent|Shadow Ball|p1a: Gengar
|-supereffective|p1a: Gengar
|-damage|p1a: Gengar|42/100
|
|-heal|p2a: Countess Crescent|38/100|[from] item: Leftovers
|upkeep
|turn|13
|
|t:|1641869022
|switch|p2a: Princess Diamond|Diancie|100/100
|move|p1a: Gengar|Shadow Ball|p2a: Princess Diamond
|-damage|p2a: Princess Diamond|64/100
|
|upkeep
|turn|14
|
|t:|1641869032
|switch|p1a: Beheeyem|Beheeyem, M|100/100
|move|p2a: Princess Diamond|Earth Power|p1a: Beheeyem
|-damage|p1a: Beheeyem|71/100
|
|upkeep
|turn|15
|inactive|ailos_deleon has 90 seconds left.
|
|t:|1641869074
|switch|p2a: Handmaid|Klefki, F|72/100
|move|p1a: Beheeyem|Shadow Ball|p2a: Handmaid
|-damage|p2a: Handmaid|18/100
|
|upkeep
|turn|16
|
|t:|1641869083
|move|p2a: Handmaid|Light Screen|p2a: Handmaid
|-sidestart|p2: Happy Soybean|move: Light Screen
|move|p1a: Beheeyem|Shadow Ball|p2a: Handmaid
|-damage|p2a: Handmaid|0 fnt
|faint|p2a: Handmaid
|
|upkeep
|
|t:|1641869095
|switch|p2a: Duchess Devoir|Gardevoir, F|100/100
|-ability|p2a: Duchess Devoir|Synchronize|[from] ability: Trace|[of] p1a: Beheeyem
|turn|17
|
|t:|1641869102
|switch|p1a: Corviknight|Corviknight, F|76/100
|-ability|p1a: Corviknight|Pressure
|move|p2a: Duchess Devoir|Shadow Ball|p1a: Corviknight
|-damage|p1a: Corviknight|53/100
|
|upkeep
|turn|18
|inactive|ailos_deleon has 90 seconds left.
|
|t:|1641869112
|move|p2a: Duchess Devoir|Mystical Fire|p1a: Corviknight
|-supereffective|p1a: Corviknight
|-damage|p1a: Corviknight|11/100
|-unboost|p1a: Corviknight|spa|1
|move|p1a: Corviknight|Roost|p1a: Corviknight
|-heal|p1a: Corviknight|61/100
|-singleturn|p1a: Corviknight|move: Roost
|
|upkeep
|turn|19
|inactive|ailos_deleon has 90 seconds left.
|
|t:|1641869126
|switch|p1a: Gengar|Gengar, M, shiny|42/100
|move|p2a: Duchess Devoir|Mystical Fire|p1a: Gengar
|-damage|p1a: Gengar|9/100
|-unboost|p1a: Gengar|spa|1
|
|upkeep
|turn|20
|
|t:|1641869136
|move|p2a: Duchess Devoir|Shadow Ball|p1a: Gengar
|-supereffective|p1a: Gengar
|-damage|p1a: Gengar|0 fnt
|faint|p1a: Gengar
|
|upkeep
|inactive|ailos_deleon has 90 seconds left.
|
|t:|1641869146
|switch|p1a: Gourgeist|Gourgeist, M, shiny|100/100
|turn|21
|
|t:|1641869151
|move|p2a: Duchess Devoir|Mystical Fire|p1a: Gourgeist
|-supereffective|p1a: Gourgeist
|-damage|p1a: Gourgeist|45/100
|-unboost|p1a: Gourgeist|spa|1
|move|p1a: Gourgeist|Poltergeist|p2a: Duchess Devoir
|-activate|p2a: Duchess Devoir|move: Poltergeist|Leftovers
|-supereffective|p2a: Duchess Devoir
|-damage|p2a: Duchess Devoir|0 fnt
|faint|p2a: Duchess Devoir
|
|upkeep
|
|t:|1641869163
|switch|p2a: Lady Parfait|Alcremie-Ruby-Swirl, F|100/100
|turn|22
|
|t:|1641869168
|move|p1a: Gourgeist|Synthesis|p1a: Gourgeist
|-heal|p1a: Gourgeist|95/100
|move|p2a: Lady Parfait|Mystical Fire|p1a: Gourgeist
|-supereffective|p1a: Gourgeist
|-damage|p1a: Gourgeist|48/100
|-unboost|p1a: Gourgeist|spa|1
|
|upkeep
|turn|23
|inactive|ailos_deleon has 120 seconds left.
|
|t:|1641869179
|switch|p1a: Marowak|Marowak-Alola, F|33/100
|move|p2a: Lady Parfait|Mystical Fire|p1a: Marowak
|-resisted|p1a: Marowak
|-damage|p1a: Marowak|21/100
|-unboost|p1a: Marowak|spa|1
|
|-sideend|p2: Happy Soybean|move: Light Screen
|upkeep
|turn|24
|inactive|ailos_deleon has 120 seconds left.
|
|t:|1641869199
|move|p2a: Lady Parfait|Dazzling Gleam|p1a: Marowak
|-resisted|p1a: Marowak
|-damage|p1a: Marowak|4/100
|move|p1a: Marowak|Bonemerang|p2a: Lady Parfait
|-damage|p2a: Lady Parfait|67/100
|-damage|p2a: Lady Parfait|33/100
|-hitcount|p2a: Lady Parfait|2
|
|upkeep
|turn|25
|
|t:|1641869209
|switch|p1a: Hatterene|Hatterene, F, shiny|28/100
|move|p2a: Lady Parfait|Recover|p2a: Lady Parfait
|-heal|p2a: Lady Parfait|83/100
|
|-heal|p1a: Hatterene|34/100|[from] item: Leftovers
|upkeep
|turn|26
|inactive|ailos_deleon has 120 seconds left.
|
|t:|1641869223
|move|p2a: Lady Parfait|Mystical Fire|p1a: Hatterene
|-damage|p1a: Hatterene|16/100
|-unboost|p1a: Hatterene|spa|1
|move|p1a: Hatterene|Calm Mind|p1a: Hatterene
|-boost|p1a: Hatterene|spa|1
|-boost|p1a: Hatterene|spd|1
|
|-heal|p1a: Hatterene|22/100|[from] item: Leftovers
|upkeep
|turn|27
|inactive|ailos_deleon has 120 seconds left.
|
|t:|1641869235
|switch|p2a: Marchioness Lu|Lurantis, F|100/100
|move|p1a: Hatterene|Trick Room|p1a: Hatterene
|-fieldstart|move: Trick Room|[of] p1a: Hatterene
|
|-heal|p1a: Hatterene|28/100|[from] item: Leftovers
|upkeep
|turn|28
|inactive|ailos_deleon has 120 seconds left.
|
|t:|1641869255
|move|p1a: Hatterene|Draining Kiss|p2a: Marchioness Lu
|-damage|p2a: Marchioness Lu|74/100
|-heal|p1a: Hatterene|49/100|[from] drain|[of] p2a: Marchioness Lu
|move|p2a: Marchioness Lu|Poison Jab|p1a: Hatterene
|-supereffective|p1a: Hatterene
|-damage|p1a: Hatterene|6/100
|
|-heal|p1a: Hatterene|12/100|[from] item: Leftovers
|upkeep
|turn|29
|inactive|ailos_deleon has 120 seconds left.
|
|t:|1641869267
|move|p1a: Hatterene|Draining Kiss|p2a: Marchioness Lu
|-damage|p2a: Marchioness Lu|49/100
|-heal|p1a: Hatterene|32/100|[from] drain|[of] p2a: Marchioness Lu
|move|p2a: Marchioness Lu|Poison Jab|p1a: Hatterene
|-supereffective|p1a: Hatterene
|-crit|p1a: Hatterene
|-damage|p1a: Hatterene|0 fnt
|faint|p1a: Hatterene
|
|upkeep
|inactive|ailos_deleon has 120 seconds left.
|
|t:|1641869277
|switch|p1a: Corviknight|Corviknight, F|61/100
|-ability|p1a: Corviknight|Pressure
|turn|30
|
|t:|1641869286
|switch|p2a: Lady Parfait|Alcremie-Ruby-Swirl, F|83/100
|move|p1a: Corviknight|U-turn|p2a: Lady Parfait
|-resisted|p2a: Lady Parfait
|-damage|p2a: Lady Parfait|73/100
|
|t:|1641869293
|switch|p1a: Beheeyem|Beheeyem, M|71/100|[from]move: U-turn
|
|upkeep
|turn|31
|
|t:|1641869306
|switch|p2a: Countess Crescent|Cresselia, F|38/100
|move|p1a: Beheeyem|Psyshock|p2a: Countess Crescent
|-resisted|p2a: Countess Crescent
|-damage|p2a: Countess Crescent|17/100
|
|-heal|p2a: Countess Crescent|23/100|[from] item: Leftovers
|-fieldend|move: Trick Room
|upkeep
|turn|32
|
|t:|1641869319
|switch|p1a: Corviknight|Corviknight, F|61/100
|-ability|p1a: Corviknight|Pressure
|move|p2a: Countess Crescent|Shadow Ball|p1a: Corviknight
|-damage|p1a: Corviknight|42/100
|-unboost|p1a: Corviknight|spd|1
|
|-heal|p2a: Countess Crescent|29/100|[from] item: Leftovers
|upkeep
|turn|33
|
|t:|1641869333
|switch|p2a: Princess Diamond|Diancie|64/100
|move|p1a: Corviknight|Roost|p1a: Corviknight
|-heal|p1a: Corviknight|92/100
|-singleturn|p1a: Corviknight|move: Roost
|
|upkeep
|turn|34
|
|t:|1641869342
|move|p1a: Corviknight|Body Press|p2a: Princess Diamond
|-damage|p2a: Princess Diamond|43/100
|move|p2a: Princess Diamond|Diamond Storm|p1a: Corviknight
|-crit|p1a: Corviknight
|-damage|p1a: Corviknight|58/100
|
|upkeep
|turn|35
|
|t:|1641869349
|move|p1a: Corviknight|Body Press|p2a: Princess Diamond
|-damage|p2a: Princess Diamond|25/100
|move|p2a: Princess Diamond|Stealth Rock|p1a: Corviknight
|-sidestart|p1: ailos_deleon|move: Stealth Rock
|
|upkeep
|turn|36
|
|t:|1641869355
|move|p1a: Corviknight|Body Press|p2a: Princess Diamond
|-damage|p2a: Princess Diamond|4/100
|move|p2a: Princess Diamond|Diamond Storm|p1a: Corviknight
|-damage|p1a: Corviknight|37/100
|-boost|p2a: Princess Diamond|def|2
|
|upkeep
|turn|37
|
|t:|1641869366
|move|p1a: Corviknight|Body Press|p2a: Princess Diamond
|-damage|p2a: Princess Diamond|0 fnt
|faint|p2a: Princess Diamond
|
|upkeep
|
|t:|1641869373
|switch|p2a: Lady Parfait|Alcremie-Ruby-Swirl, F|73/100
|turn|38
|
|t:|1641869379
|switch|p1a: Marowak|Marowak-Alola, F|4/100
|-damage|p1a: Marowak|0 fnt|[from] Stealth Rock
|faint|p1a: Marowak
|move|p2a: Lady Parfait|Mystical Fire|p1: Marowak|[notarget]
|-fail|p2a: Lady Parfait
|
|upkeep
|
|t:|1641869387
|switch|p1a: Beheeyem|Beheeyem, M|71/100
|-damage|p1a: Beheeyem|59/100|[from] Stealth Rock
|turn|39
|
|t:|1641869399
|switch|p2a: Marchioness Lu|Lurantis, F|49/100
|move|p1a: Beheeyem|Shadow Ball|p2a: Marchioness Lu
|-damage|p2a: Marchioness Lu|3/100
|
|upkeep
|turn|40
|
|t:|1641869425
|move|p2a: Marchioness Lu|X-Scissor|p1a: Beheeyem
|-supereffective|p1a: Beheeyem
|-damage|p1a: Beheeyem|0 fnt
|faint|p1a: Beheeyem
|
|upkeep
|
|t:|1641869432
|switch|p1a: Gourgeist|Gourgeist, M, shiny|48/100
|-damage|p1a: Gourgeist|36/100|[from] Stealth Rock
|turn|41
|
|t:|1641869441
|move|p1a: Gourgeist|Shadow Sneak|p2a: Marchioness Lu
|-damage|p2a: Marchioness Lu|0 fnt
|faint|p2a: Marchioness Lu
|
|upkeep
|
|t:|1641869446
|switch|p2a: Lady Parfait|Alcremie-Ruby-Swirl, F|73/100
|turn|42
|
|t:|1641869450
|move|p1a: Gourgeist|Synthesis|p1a: Gourgeist
|-heal|p1a: Gourgeist|86/100
|move|p2a: Lady Parfait|Mystical Fire|p1a: Gourgeist
|-supereffective|p1a: Gourgeist
|-damage|p1a: Gourgeist|46/100
|-unboost|p1a: Gourgeist|spa|1
|
|upkeep
|turn|43
|
|t:|1641869459
|move|p1a: Gourgeist|Synthesis|p1a: Gourgeist
|-heal|p1a: Gourgeist|95/100
|move|p2a: Lady Parfait|Mystical Fire|p1a: Gourgeist
|-supereffective|p1a: Gourgeist
|-crit|p1a: Gourgeist
|-damage|p1a: Gourgeist|34/100
|-unboost|p1a: Gourgeist|spa|1
|
|upkeep
|turn|44
|
|t:|1641869473
|move|p1a: Gourgeist|Power Whip|p2a: Lady Parfait
|-damage|p2a: Lady Parfait|8/100
|move|p2a: Lady Parfait|Mystical Fire|p1a: Gourgeist
|-supereffective|p1a: Gourgeist
|-damage|p1a: Gourgeist|0 fnt
|faint|p1a: Gourgeist
|
|upkeep
|
|t:|1641869482
|switch|p1a: Corviknight|Corviknight, F|37/100
|-damage|p1a: Corviknight|25/100|[from] Stealth Rock
|-ability|p1a: Corviknight|Pressure
|turn|45
|
|t:|1641869489
|move|p2a: Lady Parfait|Recover|p2a: Lady Parfait
|-heal|p2a: Lady Parfait|58/100
|move|p1a: Corviknight|Body Press|p2a: Lady Parfait
|-resisted|p2a: Lady Parfait
|-damage|p2a: Lady Parfait|42/100
|
|upkeep
|turn|46
|
|t:|1641869499
|move|p2a: Lady Parfait|Recover|p2a: Lady Parfait
|-heal|p2a: Lady Parfait|92/100
|move|p1a: Corviknight|Defog|p2a: Lady Parfait
|-unboost|p2a: Lady Parfait|evasion|1
|-sideend|p1: ailos_deleon|Stealth Rock|[from] move: Defog|[of] p1a: Corviknight
|
|upkeep
|turn|47
|-message|ailos_deleon forfeited.
|
|win|Happy Soybean
|raw|ailos_deleon's rating: 1055 &rarr; <strong>1034</strong><br />(-21 for losing)
|raw|Happy Soybean's rating: 1000 &rarr; <strong>1046</strong><br />(+46 for winning)
|l|☆ailos_deleon
