|j|☆Smart Falcon
|j|☆Ocampos93
|t:|1641857583
|gametype|singles
|player|p1|Smart Falcon|shauntal|1322
|player|p2|Ocampos93|alder|1358
|teamsize|p1|6
|teamsize|p2|6
|gen|8
|tier|[Gen 8] OU
|rated|
|rule|Sleep Clause Mod: Limit one foe put to sleep
|rule|Species Clause: Limit one of each Pokémon
|rule|OHKO Clause: OHKO moves are banned
|rule|Evasion Moves Clause: Evasion moves are banned
|rule|Endless Battle Clause: Forcing endless battles is banned
|rule|HP Percentage Mod: HP is shown in percentages
|rule|Dynamax Clause: You cannot dynamax
|clearpoke
|poke|p1|Tyranitar, M|
|poke|p1|Clefable, F|
|poke|p1|Excadrill, M|
|poke|p1|Kartana|
|poke|p1|Zapdos|
|poke|p1|Cloyster, F|
|poke|p2|Scizor, F|
|poke|p2|Blacephalon|
|poke|p2|Weavile, F|
|poke|p2|Dragonite, F|
|poke|p2|Regieleki|
|poke|p2|Bisharp, F|
|teampreview
|
|t:|1641857591
|start
|switch|p1a: Kartana|Kartana|100/100
|switch|p2a: Bisharp|Bisharp, F|100/100
|turn|1
|
|t:|1641857599
|move|p1a: Kartana|Sacred Sword|p2a: Bisharp
|-supereffective|p2a: Bisharp
|-damage|p2a: Bisharp|0 fnt
|faint|p2a: Bisharp
|-ability|p1a: Kartana|Beast Boost|boost
|-boost|p1a: Kartana|atk|1
|-damage|p1a: Kartana|91/100|[from] item: Life Orb
|
|upkeep
|
|t:|1641857608
|switch|p2a: Blacephalon|Blacephalon|100/100
|turn|2
|
|t:|1641857611
|switch|p1a: Tyranitar|Tyranitar, M|100/100
|-weather|Sandstorm|[from] ability: Sand Stream|[of] p1a: Tyranitar
|move|p2a: Blacephalon|Flamethrower|p1a: Tyranitar
|-resisted|p1a: Tyranitar
|-damage|p1a: Tyranitar|92/100
|
|-weather|Sandstorm|[upkeep]
|-damage|p2a: Blacephalon|94/100|[from] Sandstorm
|upkeep
|turn|3
|
|t:|1641857630
|switch|p2a: Regieleki|Regieleki|100/100
|-item|p2a: Regieleki|Air Balloon
|move|p1a: Tyranitar|Stone Edge|p2a: Regieleki
|-damage|p2a: Regieleki|7/100
|-enditem|p2a: Regieleki|Air Balloon
|
|-weather|Sandstorm|[upkeep]
|-damage|p2a: Regieleki|1/100|[from] Sandstorm
|upkeep
|turn|4
|
|t:|1641857642
|move|p2a: Regieleki|Thunderbolt|p1a: Tyranitar
|-damage|p1a: Tyranitar|74/100
|move|p1a: Tyranitar|Crunch|p2a: Regieleki
|-damage|p2a: Regieleki|0 fnt
|faint|p2a: Regieleki
|
|-weather|Sandstorm|[upkeep]
|upkeep
|
|t:|1641857657
|switch|p2a: Dragonite|Dragonite, F|100/100
|turn|5
|
|t:|1641857663
|switch|p1a: Zapdos|Zapdos|100/100
|move|p2a: Dragonite|Dragon Dance|p2a: Dragonite
|-boost|p2a: Dragonite|atk|1
|-boost|p2a: Dragonite|spe|1
|
|-weather|Sandstorm|[upkeep]
|-damage|p2a: Dragonite|94/100|[from] Sandstorm
|-damage|p1a: Zapdos|94/100|[from] Sandstorm
|upkeep
|turn|6
|
|t:|1641857672
|move|p2a: Dragonite|Dragon Dance|p2a: Dragonite
|-boost|p2a: Dragonite|atk|1
|-boost|p2a: Dragonite|spe|1
|move|p1a: Zapdos|Volt Switch|p2a: Dragonite
|-damage|p2a: Dragonite|65/100
|
|t:|1641857674
|switch|p1a: Cloyster|Cloyster, F|100/100|[from]move: Volt Switch
|
|-weather|none
|upkeep
|turn|7
|
|t:|1641857684
|move|p2a: Dragonite|Earthquake|p1a: Cloyster
|-damage|p1a: Cloyster|38/100
|move|p1a: Cloyster|Icicle Spear|p2a: Dragonite
|-supereffective|p2a: Dragonite
|-damage|p2a: Dragonite|16/100
|-supereffective|p2a: Dragonite
|-damage|p2a: Dragonite|0 fnt
|faint|p2a: Dragonite
|-hitcount|p2: Dragonite|2
|
|upkeep
|-message|Ocampos93 forfeited.
|
|win|Smart Falcon
|raw|Smart Falcon's rating: 1322 &rarr; <strong>1344</strong><br />(+22 for winning)
|raw|Ocampos93's rating: 1358 &rarr; <strong>1336</strong><br />(-22 for losing)
|l|☆Ocampos93
