|j|☆kuhrii
|j|☆Ronoguy
|t:|1641816065
|gametype|singles
|player|p1|kuhrii|hugh|1172
|player|p2|Ronoguy|102|1144
|teamsize|p1|6
|teamsize|p2|6
|gen|8
|tier|[Gen 8] OU
|rated|
|rule|Sleep Clause Mod: Limit one foe put to sleep
|rule|Species Clause: Limit one of each Pokémon
|rule|OHKO Clause: OHKO moves are banned
|rule|Evasion Moves Clause: Evasion moves are banned
|rule|Endless Battle Clause: Forcing endless battles is banned
|rule|HP Percentage Mod: HP is shown in percentages
|rule|Dynamax Clause: You cannot dynamax
|clearpoke
|poke|p1|Shuckle, M|
|poke|p1|Scrafty, F|
|poke|p1|Ferrothorn, M|
|poke|p1|Mew|
|poke|p1|Quagsire, F|
|poke|p1|Chandelure, F|
|poke|p2|Pelipper, M|
|poke|p2|Ferrothorn, M|
|poke|p2|Zapdos|
|poke|p2|Clefable, M|
|poke|p2|Garchomp, F|
|poke|p2|Volcanion|
|teampreview
|
|t:|1641816069
|start
|switch|p1a: Shuckle|Shuckle, M|100/100
|switch|p2a: Garchomp|Garchomp, F|100/100
|turn|1
|
|t:|1641816076
|move|p2a: Garchomp|Earthquake|p1a: Shuckle
|-damage|p1a: Shuckle|66/100
|move|p1a: Shuckle|Sticky Web|p2a: Garchomp
|-sidestart|p2: Ronoguy|move: Sticky Web
|
|upkeep
|turn|2
|
|t:|1641816084
|move|p2a: Garchomp|Earthquake|p1a: Shuckle
|-damage|p1a: Shuckle|32/100
|move|p1a: Shuckle|Toxic|p2a: Garchomp
|-status|p2a: Garchomp|tox
|
|-damage|p2a: Garchomp|94/100 tox|[from] psn
|upkeep
|turn|3
|
|t:|1641816093
|move|p2a: Garchomp|Earthquake|p1a: Shuckle
|-damage|p1a: Shuckle|0 fnt
|faint|p1a: Shuckle
|
|-heal|p2a: Garchomp|100/100 tox|[from] item: Leftovers
|-damage|p2a: Garchomp|88/100 tox|[from] psn
|upkeep
|
|t:|1641816119
|switch|p1a: Mew|Mew|100/100
|turn|4
|
|t:|1641816135
|switch|p2a: Zapdos|Zapdos|100/100
|move|p1a: Mew|Ice Beam|p2a: Zapdos
|-supereffective|p2a: Zapdos
|-crit|p2a: Zapdos
|-damage|p2a: Zapdos|0 fnt
|faint|p2a: Zapdos
|-damage|p1a: Mew|91/100|[from] item: Life Orb
|
|upkeep
|
|t:|1641816145
|switch|p2a: Volcanion|Volcanion|100/100
|turn|5
|
|t:|1641816150
|move|p1a: Mew|Thunderbolt|p2a: Volcanion
|-supereffective|p2a: Volcanion
|-damage|p2a: Volcanion|12/100
|-damage|p1a: Mew|81/100|[from] item: Life Orb
|move|p2a: Volcanion|Steam Eruption|p1a: Mew
|-crit|p1a: Mew
|-damage|p1a: Mew|0 fnt
|faint|p1a: Mew
|
|upkeep
|
|t:|1641816167
|switch|p1a: Scrafty|Scrafty, F|100/100
|turn|6
|
|t:|1641816177
|switch|p2a: Garchomp|Garchomp, F|88/100 tox
|-activate|p2a: Garchomp|move: Sticky Web
|-unboost|p2a: Garchomp|spe|1
|move|p1a: Scrafty|Dragon Dance|p1a: Scrafty
|-boost|p1a: Scrafty|atk|1
|-boost|p1a: Scrafty|spe|1
|
|-heal|p2a: Garchomp|94/100 tox|[from] item: Leftovers
|-damage|p2a: Garchomp|88/100 tox|[from] psn
|upkeep
|turn|7
|
|t:|1641816189
|move|p1a: Scrafty|Ice Punch|p2a: Garchomp
|-supereffective|p2a: Garchomp
|-damage|p2a: Garchomp|0 fnt
|-damage|p1a: Scrafty|88/100|[from] ability: Rough Skin|[of] p2a: Garchomp
|faint|p2a: Garchomp
|-ability|p1a: Scrafty|Moxie|boost
|-boost|p1a: Scrafty|atk|1
|
|upkeep
|
|t:|1641816204
|switch|p2a: Volcanion|Volcanion|12/100
|turn|8
|
|t:|1641816247
|switch|p2a: Ferrothorn|Ferrothorn, M|100/100
|-activate|p2a: Ferrothorn|move: Sticky Web
|-unboost|p2a: Ferrothorn|spe|1
|move|p1a: Scrafty|Drain Punch|p2a: Ferrothorn
|-supereffective|p2a: Ferrothorn
|-damage|p2a: Ferrothorn|3/100
|-heal|p1a: Scrafty|100/100|[from] drain|[of] p2a: Ferrothorn
|-damage|p1a: Scrafty|88/100|[from] ability: Iron Barbs|[of] p2a: Ferrothorn
|
|-heal|p2a: Ferrothorn|9/100|[from] item: Leftovers
|upkeep
|turn|9
|
|t:|1641816266
|switch|p2a: Clefable|Clefable, M|100/100
|move|p1a: Scrafty|Drain Punch|p2a: Clefable
|-resisted|p2a: Clefable
|-damage|p2a: Clefable|87/100
|-heal|p1a: Scrafty|98/100|[from] drain|[of] p2a: Clefable
|
|upkeep
|turn|10
|
|t:|1641816274
|move|p1a: Scrafty|Iron Head|p2a: Clefable
|-supereffective|p2a: Clefable
|-damage|p2a: Clefable|45/100
|cant|p2a: Clefable|flinch
|
|upkeep
|turn|11
|
|t:|1641816281
|move|p1a: Scrafty|Iron Head|p2a: Clefable
|-supereffective|p2a: Clefable
|-damage|p2a: Clefable|4/100
|move|p2a: Clefable|Thunder Wave|p1a: Scrafty
|-status|p1a: Scrafty|par
|-enditem|p1a: Scrafty|Lum Berry|[eat]
|-curestatus|p1a: Scrafty|par|[msg]
|
|upkeep
|turn|12
|
|t:|1641816292
|move|p1a: Scrafty|Drain Punch|p2a: Clefable
|-resisted|p2a: Clefable
|-damage|p2a: Clefable|0 fnt
|-heal|p1a: Scrafty|100/100|[from] drain|[of] p2a: Clefable
|faint|p2a: Clefable
|-ability|p1a: Scrafty|Moxie|boost
|-boost|p1a: Scrafty|atk|1
|
|upkeep
|
|t:|1641816306
|switch|p2a: Volcanion|Volcanion|12/100
|turn|13
|
|t:|1641816310
|move|p1a: Scrafty|Drain Punch|p2a: Volcanion
|-damage|p2a: Volcanion|0 fnt
|faint|p2a: Volcanion
|-ability|p1a: Scrafty|Moxie|boost
|-boost|p1a: Scrafty|atk|1
|
|upkeep
|-message|Ronoguy forfeited.
|
|win|kuhrii
|raw|kuhrii's rating: 1172 &rarr; <strong>1195</strong><br />(+23 for winning)
|raw|Ronoguy's rating: 1144 &rarr; <strong>1121</strong><br />(-23 for losing)
|l|☆Ronoguy
