|j|‽Lolytics1993
|j|☆George067
|t:|1641787904
|gametype|singles
|player|p1|Lolytics1993|169|1530
|player|p2|George067|nate|1471
|teamsize|p1|6
|teamsize|p2|6
|gen|8
|tier|[Gen 8] OU
|rated|
|rule|Sleep Clause Mod: Limit one foe put to sleep
|rule|Species Clause: Limit one of each Pokémon
|rule|OHKO Clause: OHKO moves are banned
|rule|Evasion Moves Clause: Evasion moves are banned
|rule|Endless Battle Clause: Forcing endless battles is banned
|rule|HP Percentage Mod: HP is shown in percentages
|rule|Dynamax Clause: You cannot dynamax
|clearpoke
|poke|p1|Tyranitar, M|
|poke|p1|Scizor, M|
|poke|p1|Zapdos|
|poke|p1|Tapu Fini|
|poke|p1|Garchomp, M|
|poke|p1|Heatran, M|
|poke|p2|Rillaboom, M|
|poke|p2|Slowking, M|
|poke|p2|Excadrill, M|
|poke|p2|Tyranitar, M|
|poke|p2|Dragapult, M|
|poke|p2|Skarmory, M|
|teampreview
|
|t:|1641787911
|start
|switch|p1a: Garchomp|Garchomp, M|100/100
|switch|p2a: Slowking|Slowking, M|100/100
|turn|1
|inactive|Battle timer is ON: inactive players will automatically lose when time's up. (requested by George067)
|
|t:|1641787955
|move|p1a: Garchomp|Protect|p1a: Garchomp
|-singleturn|p1a: Garchomp|Protect
|move|p2a: Slowking|Trick|p1a: Garchomp
|-activate|p1a: Garchomp|move: Protect
|
|upkeep
|turn|2
|
|t:|1641787976
|move|p1a: Garchomp|Stealth Rock|p2a: Slowking
|-sidestart|p2: George067|move: Stealth Rock
|move|p2a: Slowking|Trick|p1a: Garchomp
|-activate|p2a: Slowking|move: Trick|[of] p1a: Garchomp
|-item|p1a: Garchomp|Choice Scarf|[from] move: Trick
|-item|p2a: Slowking|Leftovers|[from] move: Trick
|
|upkeep
|turn|3
|
|t:|1641787987
|move|p1a: Garchomp|Earthquake|p2a: Slowking
|-damage|p2a: Slowking|55/100
|move|p2a: Slowking|Toxic|p1a: Garchomp
|-status|p1a: Garchomp|tox
|
|-heal|p2a: Slowking|61/100|[from] item: Leftovers
|-damage|p1a: Garchomp|94/100 tox|[from] psn
|upkeep
|turn|4
|
|t:|1641787995
|switch|p1a: Tapu Fini|Tapu Fini, shiny|100/100
|-fieldstart|move: Misty Terrain|[from] ability: Misty Surge|[of] p1a: Tapu Fini
|move|p2a: Slowking|Teleport|p2a: Slowking
|
|t:|1641788001
|switch|p2a: Rillaboom|Rillaboom, M|100/100|[from]move: Teleport
|-damage|p2a: Rillaboom|88/100|[from] Stealth Rock
|-fieldstart|move: Grassy Terrain|[from] ability: Grassy Surge|[of] p2a: Rillaboom
|
|-heal|p2a: Rillaboom|94/100|[from] Grassy Terrain
|upkeep
|turn|5
|
|t:|1641788008
|switch|p1a: Scizor|Scizor, M, shiny|100/100
|move|p2a: Rillaboom|U-turn|p1a: Scizor
|-resisted|p1a: Scizor
|-damage|p1a: Scizor|85/100
|
|t:|1641788014
|switch|p2a: Skarmory|Skarmory, M|100/100|[from]move: U-turn
|-damage|p2a: Skarmory|88/100|[from] Stealth Rock
|
|-heal|p1a: Scizor|91/100|[from] Grassy Terrain
|upkeep
|turn|6
|
|t:|1641788020
|move|p2a: Skarmory|Defog|p1a: Scizor
|-unboost|p1a: Scizor|evasion|1
|-sideend|p2: George067|Stealth Rock|[from] move: Defog|[of] p2a: Skarmory
|-fieldend|move: Grassy Terrain
|move|p1a: Scizor|Knock Off|p2a: Skarmory
|-damage|p2a: Skarmory|54/100
|-damage|p1a: Scizor|75/100|[from] item: Rocky Helmet|[of] p2a: Skarmory
|-enditem|p2a: Skarmory|Rocky Helmet|[from] move: Knock Off|[of] p1a: Scizor
|
|upkeep
|turn|7
|
|t:|1641788028
|switch|p1a: Heatran|Heatran, M, shiny|100/100
|move|p2a: Skarmory|Roost|p2a: Skarmory
|-heal|p2a: Skarmory|100/100
|-singleturn|p2a: Skarmory|move: Roost
|
|upkeep
|turn|8
|
|t:|1641788055
|switch|p2a: Tyranitar|Tyranitar, M|100/100
|-weather|Sandstorm|[from] ability: Sand Stream|[of] p2a: Tyranitar
|move|p1a: Heatran|Magma Storm|p2a: Tyranitar
|-resisted|p2a: Tyranitar
|-damage|p2a: Tyranitar|90/100
|-activate|p2a: Tyranitar|move: Magma Storm|[of] p1a: Heatran
|
|-weather|Sandstorm|[upkeep]
|-damage|p2a: Tyranitar|78/100|[from] move: Magma Storm|[partiallytrapped]
|upkeep
|turn|9
|inactive|Lolytics1993 has 120 seconds left.
|
|t:|1641788077
|switch|p1a: Zapdos|Zapdos, shiny|100/100
|move|p2a: Tyranitar|Stealth Rock|p1a: Zapdos
|-sidestart|p1: Lolytics1993|move: Stealth Rock
|
|-weather|Sandstorm|[upkeep]
|-damage|p1a: Zapdos|94/100|[from] Sandstorm
|-end|p2a: Tyranitar|Magma Storm|[partiallytrapped]|[silent]
|upkeep
|turn|10
|
|t:|1641788085
|move|p1a: Zapdos|Volt Switch|p2a: Tyranitar
|-damage|p2a: Tyranitar|60/100
|
|t:|1641788088
|switch|p1a: Garchomp|Garchomp, M|94/100 tox|[from]move: Volt Switch
|-damage|p1a: Garchomp|88/100 tox|[from] Stealth Rock
|move|p2a: Tyranitar|Rock Tomb|p1a: Garchomp
|-resisted|p1a: Garchomp
|-damage|p1a: Garchomp|79/100 tox
|-unboost|p1a: Garchomp|spe|1
|
|-weather|Sandstorm|[upkeep]
|-damage|p1a: Garchomp|73/100 tox|[from] psn
|upkeep
|turn|11
|
|t:|1641788101
|switch|p2a: Skarmory|Skarmory, M|100/100
|move|p1a: Garchomp|Earthquake|p2a: Skarmory
|-immune|p2a: Skarmory
|
|-weather|Sandstorm|[upkeep]
|-damage|p1a: Garchomp|60/100 tox|[from] psn
|upkeep
|turn|12
|
|t:|1641788110
|switch|p1a: Zapdos|Zapdos, shiny|94/100
|move|p2a: Skarmory|Body Press|p1a: Zapdos
|-resisted|p1a: Zapdos
|-damage|p1a: Zapdos|83/100
|
|-weather|Sandstorm|[upkeep]
|-damage|p1a: Zapdos|77/100|[from] Sandstorm
|upkeep
|turn|13
|
|t:|1641788120
|switch|p2a: Excadrill|Excadrill, M|100/100
|move|p1a: Zapdos|Defog|p2a: Excadrill
|-unboost|p2a: Excadrill|evasion|1
|-sideend|p1: Lolytics1993|Stealth Rock|[from] move: Defog|[of] p1a: Zapdos
|
|-weather|Sandstorm|[upkeep]
|-damage|p1a: Zapdos|71/100|[from] Sandstorm
|upkeep
|turn|14
|
|t:|1641788129
|move|p2a: Excadrill|Rock Slide|p1a: Zapdos
|-supereffective|p1a: Zapdos
|-damage|p1a: Zapdos|28/100
|cant|p1a: Zapdos|flinch
|
|-weather|Sandstorm|[upkeep]
|-damage|p1a: Zapdos|22/100|[from] Sandstorm
|upkeep
|turn|15
|
|t:|1641788137
|switch|p1a: Tapu Fini|Tapu Fini, shiny|100/100
|-fieldstart|move: Misty Terrain|[from] ability: Misty Surge|[of] p1a: Tapu Fini
|move|p2a: Excadrill|Rock Slide|p1a: Tapu Fini|[miss]
|-miss|p2a: Excadrill|p1a: Tapu Fini
|
|-weather|none
|upkeep
|turn|16
|
|t:|1641788146
|switch|p2a: Slowking|Slowking, M|95/100
|move|p1a: Tapu Fini|Surf|p2a: Slowking
|-resisted|p2a: Slowking
|-damage|p2a: Slowking|86/100
|
|-heal|p2a: Slowking|92/100|[from] item: Leftovers
|upkeep
|turn|17
|
|t:|1641788156
|move|p1a: Tapu Fini|Whirlpool|p2a: Slowking
|-resisted|p2a: Slowking
|-damage|p2a: Slowking|88/100
|-activate|p2a: Slowking|move: Whirlpool|[of] p1a: Tapu Fini
|move|p2a: Slowking|Teleport|p2a: Slowking
|
|t:|1641788167
|switch|p2a: Rillaboom|Rillaboom, M|94/100|[from]move: Teleport
|-fieldstart|move: Grassy Terrain|[from] ability: Grassy Surge|[of] p2a: Rillaboom
|
|-heal|p2a: Rillaboom|100/100|[from] Grassy Terrain
|upkeep
|turn|18
|
|t:|1641788189
|switch|p1a: Heatran|Heatran, M, shiny|100/100
|move|p2a: Rillaboom|Grassy Glide|p1a: Heatran
|-resisted|p1a: Heatran
|-damage|p1a: Heatran|87/100
|
|-heal|p1a: Heatran|94/100|[from] Grassy Terrain
|-heal|p1a: Heatran|99/100|[from] item: Leftovers
|upkeep
|turn|19
|
|t:|1641788198
|switch|p2a: Tyranitar|Tyranitar, M|60/100
|-weather|Sandstorm|[from] ability: Sand Stream|[of] p2a: Tyranitar
|move|p1a: Heatran|Magma Storm|p2a: Tyranitar
|-resisted|p2a: Tyranitar
|-damage|p2a: Tyranitar|49/100
|-activate|p2a: Tyranitar|move: Magma Storm|[of] p1a: Heatran
|
|-weather|Sandstorm|[upkeep]
|-heal|p1a: Heatran|100/100|[from] Grassy Terrain
|-heal|p2a: Tyranitar|55/100|[from] Grassy Terrain
|-damage|p2a: Tyranitar|43/100|[from] move: Magma Storm|[partiallytrapped]
|upkeep
|turn|20
|
|t:|1641788210
|switch|p1a: Tapu Fini|Tapu Fini, shiny|100/100
|-fieldstart|move: Misty Terrain|[from] ability: Misty Surge|[of] p1a: Tapu Fini
|move|p2a: Tyranitar|Stealth Rock|p1a: Tapu Fini
|-sidestart|p1: Lolytics1993|move: Stealth Rock
|
|-weather|Sandstorm|[upkeep]
|-damage|p1a: Tapu Fini|94/100|[from] Sandstorm
|-heal|p1a: Tapu Fini|100/100|[from] item: Leftovers
|-end|p2a: Tyranitar|Magma Storm|[partiallytrapped]|[silent]
|upkeep
|turn|21
|
|t:|1641788223
|switch|p2a: Slowking|Slowking, M|100/100
|move|p1a: Tapu Fini|Surf|p2a: Slowking
|-resisted|p2a: Slowking
|-damage|p2a: Slowking|91/100
|
|-weather|Sandstorm|[upkeep]
|-damage|p1a: Tapu Fini|94/100|[from] Sandstorm
|-damage|p2a: Slowking|85/100|[from] Sandstorm
|-heal|p1a: Tapu Fini|100/100|[from] item: Leftovers
|-heal|p2a: Slowking|91/100|[from] item: Leftovers
|upkeep
|turn|22
|
|t:|1641788233
|move|p1a: Tapu Fini|Taunt|p2a: Slowking
|-start|p2a: Slowking|move: Taunt
|cant|p2a: Slowking|move: Taunt|Teleport
|
|-weather|Sandstorm|[upkeep]
|-damage|p1a: Tapu Fini|94/100|[from] Sandstorm
|-damage|p2a: Slowking|85/100|[from] Sandstorm
|-heal|p1a: Tapu Fini|100/100|[from] item: Leftovers
|-heal|p2a: Slowking|91/100|[from] item: Leftovers
|upkeep
|turn|23
|
|t:|1641788242
|switch|p2a: Rillaboom|Rillaboom, M|100/100
|-fieldstart|move: Grassy Terrain|[from] ability: Grassy Surge|[of] p2a: Rillaboom
|move|p1a: Tapu Fini|Whirlpool|p2a: Rillaboom
|-resisted|p2a: Rillaboom
|-damage|p2a: Rillaboom|93/100
|-activate|p2a: Rillaboom|move: Whirlpool|[of] p1a: Tapu Fini
|
|-weather|Sandstorm|[upkeep]
|-damage|p2a: Rillaboom|86/100|[from] Sandstorm
|-damage|p1a: Tapu Fini|94/100|[from] Sandstorm
|-heal|p2a: Rillaboom|93/100|[from] Grassy Terrain
|-heal|p1a: Tapu Fini|100/100|[from] Grassy Terrain
|-damage|p2a: Rillaboom|80/100|[from] move: Whirlpool|[partiallytrapped]
|upkeep
|turn|24
|
|t:|1641788256
|switch|p1a: Heatran|Heatran, M, shiny|100/100
|-damage|p1a: Heatran|88/100|[from] Stealth Rock
|move|p2a: Rillaboom|Grassy Glide|p1a: Heatran
|-resisted|p1a: Heatran
|-damage|p1a: Heatran|75/100
|
|-weather|Sandstorm|[upkeep]
|-damage|p2a: Rillaboom|74/100|[from] Sandstorm
|-heal|p2a: Rillaboom|80/100|[from] Grassy Terrain
|-heal|p1a: Heatran|81/100|[from] Grassy Terrain
|-heal|p1a: Heatran|87/100|[from] item: Leftovers
|-end|p2a: Rillaboom|Whirlpool|[partiallytrapped]|[silent]
|upkeep
|turn|25
|
|t:|1641788270
|switch|p2a: Slowking|Slowking, M|100/100
|switch|p1a: Zapdos|Zapdos, shiny|22/100
|
|-weather|Sandstorm|[upkeep]
|-damage|p1a: Zapdos|15/100|[from] Sandstorm
|-damage|p2a: Slowking|94/100|[from] Sandstorm
|-heal|p2a: Slowking|100/100|[from] Grassy Terrain
|upkeep
|turn|26
|
|t:|1641788278
|move|p1a: Zapdos|Roost|p1a: Zapdos
|-heal|p1a: Zapdos|65/100
|-singleturn|p1a: Zapdos|move: Roost
|move|p2a: Slowking|Toxic|p1a: Zapdos
|-status|p1a: Zapdos|tox
|
|-weather|none
|-heal|p1a: Zapdos|72/100 tox|[from] Grassy Terrain
|-damage|p1a: Zapdos|65/100 tox|[from] psn
|upkeep
|turn|27
|
|t:|1641788289
|move|p1a: Zapdos|Defog|p2a: Slowking
|-unboost|p2a: Slowking|evasion|1
|-sideend|p1: Lolytics1993|Stealth Rock|[from] move: Defog|[of] p1a: Zapdos
|-fieldend|move: Grassy Terrain
|move|p2a: Slowking|Teleport|p2a: Slowking
|
|t:|1641788300
|switch|p2a: Dragapult|Dragapult, M|100/100|[from]move: Teleport
|
|-damage|p1a: Zapdos|53/100 tox|[from] psn
|upkeep
|turn|28
|
|t:|1641788306
|switch|p1a: Tyranitar|Tyranitar, M|100/100
|-weather|Sandstorm|[from] ability: Sand Stream|[of] p1a: Tyranitar
|move|p2a: Dragapult|Dragon Dance|p2a: Dragapult
|-boost|p2a: Dragapult|atk|1
|-boost|p2a: Dragapult|spe|1
|
|-weather|Sandstorm|[upkeep]
|-damage|p2a: Dragapult|95/100|[from] Sandstorm
|upkeep
|turn|29
|
|t:|1641788319
|move|p2a: Dragapult|Dragon Darts|p1a: Tyranitar
|-damage|p1a: Tyranitar|58/100
|-anim|p2a: Dragapult|Dragon Darts|p1a: Tyranitar
|-damage|p1a: Tyranitar|18/100
|-damage|p2a: Dragapult|85/100|[from] item: Life Orb
|move|p1a: Tyranitar|Crunch|p2a: Dragapult
|-supereffective|p2a: Dragapult
|-damage|p2a: Dragapult|0 fnt
|faint|p2a: Dragapult
|
|-weather|Sandstorm|[upkeep]
|upkeep
|
|t:|1641788330
|switch|p2a: Excadrill|Excadrill, M|100/100
|turn|30
|
|t:|1641788344
|move|p2a: Excadrill|Iron Head|p1a: Tyranitar
|-supereffective|p1a: Tyranitar
|-damage|p1a: Tyranitar|0 fnt
|faint|p1a: Tyranitar
|
|-weather|Sandstorm|[upkeep]
|upkeep
|
|t:|1641788348
|switch|p1a: Garchomp|Garchomp, M|60/100 tox
|turn|31
|
|t:|1641788356
|switch|p2a: Skarmory|Skarmory, M|100/100
|move|p1a: Garchomp|Earthquake|p2a: Skarmory
|-immune|p2a: Skarmory
|
|-weather|Sandstorm|[upkeep]
|-damage|p1a: Garchomp|54/100 tox|[from] psn
|upkeep
|turn|32
|
|t:|1641788373
|switch|p1a: Heatran|Heatran, M, shiny|87/100
|switch|p2a: Excadrill|Excadrill, M|100/100
|
|-weather|none
|-heal|p1a: Heatran|93/100|[from] item: Leftovers
|upkeep
|turn|33
|
|t:|1641788381
|switch|p1a: Tapu Fini|Tapu Fini, shiny|100/100
|-fieldstart|move: Misty Terrain|[from] ability: Misty Surge|[of] p1a: Tapu Fini
|move|p2a: Excadrill|High Horsepower|p1a: Tapu Fini
|-damage|p1a: Tapu Fini|55/100
|
|-heal|p1a: Tapu Fini|61/100|[from] item: Leftovers
|upkeep
|turn|34
|inactive|Lolytics1993 has 120 seconds left.
|
|t:|1641788411
|switch|p2a: Rillaboom|Rillaboom, M|80/100
|-fieldstart|move: Grassy Terrain|[from] ability: Grassy Surge|[of] p2a: Rillaboom
|move|p1a: Tapu Fini|Surf|p2a: Rillaboom
|-resisted|p2a: Rillaboom
|-damage|p2a: Rillaboom|60/100
|
|-heal|p2a: Rillaboom|66/100|[from] Grassy Terrain
|-heal|p1a: Tapu Fini|67/100|[from] Grassy Terrain
|-heal|p1a: Tapu Fini|73/100|[from] item: Leftovers
|upkeep
|turn|35
|
|t:|1641788422
|switch|p1a: Zapdos|Zapdos, shiny|53/100 tox
|move|p2a: Rillaboom|High Horsepower|p1a: Zapdos
|-immune|p1a: Zapdos
|
|-heal|p2a: Rillaboom|72/100|[from] Grassy Terrain
|-damage|p1a: Zapdos|47/100 tox|[from] psn
|upkeep
|turn|36
|
|t:|1641788432
|switch|p2a: Tyranitar|Tyranitar, M|43/100
|-weather|Sandstorm|[from] ability: Sand Stream|[of] p2a: Tyranitar
|move|p1a: Zapdos|Roost|p1a: Zapdos
|-heal|p1a: Zapdos|97/100 tox
|-singleturn|p1a: Zapdos|move: Roost
|
|-weather|Sandstorm|[upkeep]
|-damage|p1a: Zapdos|90/100 tox|[from] Sandstorm
|-heal|p1a: Zapdos|97/100 tox|[from] Grassy Terrain
|-heal|p2a: Tyranitar|49/100|[from] Grassy Terrain
|-damage|p1a: Zapdos|84/100 tox|[from] psn
|upkeep
|turn|37
|
|t:|1641788445
|move|p1a: Zapdos|Volt Switch|p2a: Tyranitar
|-damage|p2a: Tyranitar|34/100
|
|t:|1641788450
|switch|p1a: Tapu Fini|Tapu Fini, shiny|73/100|[from]move: Volt Switch
|-fieldstart|move: Misty Terrain|[from] ability: Misty Surge|[of] p1a: Tapu Fini
|move|p2a: Tyranitar|Stealth Rock|p1a: Tapu Fini
|-sidestart|p1: Lolytics1993|move: Stealth Rock
|
|-weather|Sandstorm|[upkeep]
|-damage|p1a: Tapu Fini|67/100|[from] Sandstorm
|-heal|p1a: Tapu Fini|73/100|[from] item: Leftovers
|upkeep
|turn|38
|
|t:|1641788461
|switch|p2a: Slowking|Slowking, M|100/100
|move|p1a: Tapu Fini|Surf|p2a: Slowking
|-resisted|p2a: Slowking
|-damage|p2a: Slowking|91/100
|
|-weather|Sandstorm|[upkeep]
|-damage|p1a: Tapu Fini|67/100|[from] Sandstorm
|-damage|p2a: Slowking|85/100|[from] Sandstorm
|-heal|p1a: Tapu Fini|73/100|[from] item: Leftovers
|-heal|p2a: Slowking|91/100|[from] item: Leftovers
|upkeep
|turn|39
|
|t:|1641788471
|switch|p2a: Rillaboom|Rillaboom, M|72/100
|-fieldstart|move: Grassy Terrain|[from] ability: Grassy Surge|[of] p2a: Rillaboom
|move|p1a: Tapu Fini|Whirlpool|p2a: Rillaboom
|-resisted|p2a: Rillaboom
|-damage|p2a: Rillaboom|65/100
|-activate|p2a: Rillaboom|move: Whirlpool|[of] p1a: Tapu Fini
|
|-weather|Sandstorm|[upkeep]
|-damage|p2a: Rillaboom|58/100|[from] Sandstorm
|-damage|p1a: Tapu Fini|67/100|[from] Sandstorm
|-heal|p2a: Rillaboom|65/100|[from] Grassy Terrain
|-heal|p1a: Tapu Fini|73/100|[from] Grassy Terrain
|-heal|p1a: Tapu Fini|80/100|[from] item: Leftovers
|-damage|p2a: Rillaboom|52/100|[from] move: Whirlpool|[partiallytrapped]
|upkeep
|turn|40
|
|t:|1641788485
|switch|p1a: Zapdos|Zapdos, shiny|84/100 tox
|move|p2a: Rillaboom|Knock Off|p1a: Zapdos
|-damage|p1a: Zapdos|50/100 tox
|-status|p2a: Rillaboom|par|[from] ability: Static|[of] p1a: Zapdos
|-enditem|p1a: Zapdos|Heavy-Duty Boots|[from] move: Knock Off|[of] p2a: Rillaboom
|
|-weather|Sandstorm|[upkeep]
|-damage|p1a: Zapdos|44/100 tox|[from] Sandstorm
|-damage|p2a: Rillaboom|46/100 par|[from] Sandstorm
|-heal|p2a: Rillaboom|52/100 par|[from] Grassy Terrain
|-damage|p1a: Zapdos|38/100 tox|[from] psn
|-end|p2a: Rillaboom|Whirlpool|[partiallytrapped]|[silent]
|upkeep
|turn|41
|
|t:|1641788500
|switch|p2a: Excadrill|Excadrill, M|100/100
|move|p1a: Zapdos|Roost|p1a: Zapdos
|-heal|p1a: Zapdos|88/100 tox
|-singleturn|p1a: Zapdos|move: Roost
|
|-weather|Sandstorm|[upkeep]
|-damage|p1a: Zapdos|82/100 tox|[from] Sandstorm
|-heal|p1a: Zapdos|88/100 tox|[from] Grassy Terrain
|-damage|p1a: Zapdos|75/100 tox|[from] psn
|upkeep
|turn|42
|
|t:|1641788511
|move|p2a: Excadrill|Rock Slide|p1a: Zapdos
|-supereffective|p1a: Zapdos
|-damage|p1a: Zapdos|31/100 tox
|cant|p1a: Zapdos|flinch
|
|-weather|Sandstorm|[upkeep]
|-damage|p1a: Zapdos|25/100 tox|[from] Sandstorm
|-damage|p1a: Zapdos|6/100 tox|[from] psn
|upkeep
|turn|43
|
|t:|1641788520
|move|p2a: Excadrill|Rock Slide|p1a: Zapdos
|-supereffective|p1a: Zapdos
|-damage|p1a: Zapdos|0 fnt
|faint|p1a: Zapdos
|
|-weather|none
|-fieldend|move: Grassy Terrain
|upkeep
|
|t:|1641788523
|switch|p1a: Tapu Fini|Tapu Fini, shiny|80/100
|-damage|p1a: Tapu Fini|67/100|[from] Stealth Rock
|-fieldstart|move: Misty Terrain|[from] ability: Misty Surge|[of] p1a: Tapu Fini
|turn|44
|
|t:|1641788530
|switch|p2a: Slowking|Slowking, M|100/100
|move|p1a: Tapu Fini|Surf|p2a: Slowking
|-resisted|p2a: Slowking
|-damage|p2a: Slowking|91/100
|
|-heal|p1a: Tapu Fini|73/100|[from] item: Leftovers
|-heal|p2a: Slowking|97/100|[from] item: Leftovers
|upkeep
|turn|45
|
|t:|1641788538
|switch|p1a: Garchomp|Garchomp, M|54/100 tox
|-damage|p1a: Garchomp|48/100 tox|[from] Stealth Rock
|move|p2a: Slowking|Teleport|p2a: Slowking
|
|t:|1641788548
|switch|p2a: Rillaboom|Rillaboom, M|52/100 par|[from]move: Teleport
|-fieldstart|move: Grassy Terrain|[from] ability: Grassy Surge|[of] p2a: Rillaboom
|
|-heal|p1a: Garchomp|54/100 tox|[from] Grassy Terrain
|-heal|p2a: Rillaboom|58/100 par|[from] Grassy Terrain
|-damage|p1a: Garchomp|48/100 tox|[from] psn
|upkeep
|turn|46
|
|t:|1641788558
|move|p1a: Garchomp|Protect|p1a: Garchomp
|-singleturn|p1a: Garchomp|Protect
|move|p2a: Rillaboom|Grassy Glide|p1a: Garchomp
|-activate|p1a: Garchomp|move: Protect
|
|-heal|p1a: Garchomp|54/100 tox|[from] Grassy Terrain
|-heal|p2a: Rillaboom|65/100 par|[from] Grassy Terrain
|-damage|p1a: Garchomp|42/100 tox|[from] psn
|upkeep
|turn|47
|
|t:|1641788572
|switch|p1a: Heatran|Heatran, M, shiny|93/100
|-damage|p1a: Heatran|81/100|[from] Stealth Rock
|move|p2a: Rillaboom|Grassy Glide|p1a: Heatran
|-resisted|p1a: Heatran
|-damage|p1a: Heatran|67/100
|
|-heal|p1a: Heatran|74/100|[from] Grassy Terrain
|-heal|p1a: Heatran|80/100|[from] item: Leftovers
|-heal|p2a: Rillaboom|71/100 par|[from] Grassy Terrain
|upkeep
|turn|48
|
|t:|1641788585
|switch|p2a: Tyranitar|Tyranitar, M|34/100
|-weather|Sandstorm|[from] ability: Sand Stream|[of] p2a: Tyranitar
|move|p1a: Heatran|Magma Storm|p2a: Tyranitar
|-resisted|p2a: Tyranitar
|-damage|p2a: Tyranitar|24/100
|-activate|p2a: Tyranitar|move: Magma Storm|[of] p1a: Heatran
|
|-weather|Sandstorm|[upkeep]
|-heal|p1a: Heatran|86/100|[from] Grassy Terrain
|-heal|p1a: Heatran|92/100|[from] item: Leftovers
|-heal|p2a: Tyranitar|30/100|[from] Grassy Terrain
|-damage|p2a: Tyranitar|18/100|[from] move: Magma Storm|[partiallytrapped]
|upkeep
|turn|49
|
|t:|1641788599
|move|p1a: Heatran|Flash Cannon|p2a: Tyranitar
|-supereffective|p2a: Tyranitar
|-damage|p2a: Tyranitar|0 fnt
|faint|p2a: Tyranitar
|
|-weather|Sandstorm|[upkeep]
|-heal|p1a: Heatran|98/100|[from] Grassy Terrain
|-heal|p1a: Heatran|100/100|[from] item: Leftovers
|-fieldend|move: Grassy Terrain
|upkeep
|
|t:|1641788608
|switch|p2a: Excadrill|Excadrill, M|100/100
|turn|50
|
|t:|1641788627
|move|p2a: Excadrill|High Horsepower|p1a: Heatran
|-supereffective|p1a: Heatran
|-damage|p1a: Heatran|0 fnt
|faint|p1a: Heatran
|
|-weather|Sandstorm|[upkeep]
|upkeep
|
|t:|1641788629
|switch|p1a: Scizor|Scizor, M, shiny|75/100
|-damage|p1a: Scizor|62/100|[from] Stealth Rock
|turn|51
|
|t:|1641788635
|move|p2a: Excadrill|High Horsepower|p1a: Scizor
|-damage|p1a: Scizor|4/100
|move|p1a: Scizor|Superpower|p2a: Excadrill
|-supereffective|p2a: Excadrill
|-damage|p2a: Excadrill|0 fnt
|-unboost|p1a: Scizor|atk|1
|-unboost|p1a: Scizor|def|1
|faint|p2a: Excadrill
|
|-weather|Sandstorm|[upkeep]
|upkeep
|
|t:|1641788646
|switch|p2a: Skarmory|Skarmory, M|100/100
|turn|52
|
|t:|1641788649
|move|p2a: Skarmory|Body Press|p1a: Scizor
|-damage|p1a: Scizor|0 fnt
|faint|p1a: Scizor
|
|-weather|Sandstorm|[upkeep]
|upkeep
|
|t:|1641788652
|switch|p1a: Garchomp|Garchomp, M|42/100 tox
|-damage|p1a: Garchomp|35/100 tox|[from] Stealth Rock
|turn|53
|
|t:|1641788661
|move|p1a: Garchomp|Stealth Rock|p2a: Skarmory
|-sidestart|p2: George067|move: Stealth Rock
|move|p2a: Skarmory|Body Press|p1a: Garchomp
|-crit|p1a: Garchomp
|-damage|p1a: Garchomp|0 fnt
|-damage|p2a: Skarmory|88/100|[from] ability: Rough Skin|[of] p1a: Garchomp
|faint|p1a: Garchomp
|
|-weather|Sandstorm|[upkeep]
|upkeep
|
|t:|1641788663
|switch|p1a: Tapu Fini|Tapu Fini, shiny|73/100
|-damage|p1a: Tapu Fini|61/100|[from] Stealth Rock
|-fieldstart|move: Misty Terrain|[from] ability: Misty Surge|[of] p1a: Tapu Fini
|turn|54
|
|t:|1641788673
|move|p1a: Tapu Fini|Draining Kiss|p2a: Skarmory
|-resisted|p2a: Skarmory
|-damage|p2a: Skarmory|76/100
|-heal|p1a: Tapu Fini|72/100|[from] drain|[of] p2a: Skarmory
|move|p2a: Skarmory|Defog|p1a: Tapu Fini
|-unboost|p1a: Tapu Fini|evasion|1
|-sideend|p1: Lolytics1993|Stealth Rock|[from] move: Defog|[of] p2a: Skarmory
|-sideend|p2: George067|Stealth Rock|[from] move: Defog|[of] p2a: Skarmory
|-fieldend|Misty Terrain
|
|-weather|Sandstorm|[upkeep]
|-damage|p1a: Tapu Fini|66/100|[from] Sandstorm
|-heal|p1a: Tapu Fini|72/100|[from] item: Leftovers
|upkeep
|turn|55
|
|t:|1641788685
|switch|p2a: Slowking|Slowking, M|100/100
|move|p1a: Tapu Fini|Draining Kiss|p2a: Slowking
|-damage|p2a: Slowking|89/100
|-heal|p1a: Tapu Fini|84/100|[from] drain|[of] p2a: Slowking
|
|-weather|none
|-heal|p1a: Tapu Fini|90/100|[from] item: Leftovers
|-heal|p2a: Slowking|95/100|[from] item: Leftovers
|upkeep
|turn|56
|
|t:|1641788695
|move|p1a: Tapu Fini|Draining Kiss|p2a: Slowking
|-damage|p2a: Slowking|84/100
|-heal|p1a: Tapu Fini|100/100|[from] drain|[of] p2a: Slowking
|move|p2a: Slowking|Toxic|p1a: Tapu Fini
|-status|p1a: Tapu Fini|tox
|
|-heal|p2a: Slowking|90/100|[from] item: Leftovers
|-damage|p1a: Tapu Fini|94/100 tox|[from] psn
|upkeep
|turn|57
|inactive|Lolytics1993 has 120 seconds left.
|c|☆George067|gg bro
|inactive|Lolytics1993 has 90 seconds left.
|-message|Lolytics1993 forfeited.
|
|win|George067
|raw|Lolytics1993's rating: 1511 &rarr; <strong>1489</strong><br />(-22 for losing)
|raw|George067's rating: 1471 &rarr; <strong>1493</strong><br />(+22 for winning)
|l|‽Lolytics1993
