|j|☆sarvesh672
|j|☆Ghidx
|t:|1641746690
|gametype|singles
|player|p1|sarvesh672|backpacker|1410
|player|p2|Ghidx|lucas|1459
|teamsize|p1|6
|teamsize|p2|6
|gen|8
|tier|[Gen 8] OU
|rated|
|rule|Sleep Clause Mod: Limit one foe put to sleep
|rule|Species Clause: Limit one of each Pokémon
|rule|OHKO Clause: OHKO moves are banned
|rule|Evasion Moves Clause: Evasion moves are banned
|rule|Endless Battle Clause: Forcing endless battles is banned
|rule|HP Percentage Mod: HP is shown in percentages
|rule|Dynamax Clause: You cannot dynamax
|clearpoke
|poke|p1|Garchomp, F|
|poke|p1|Urshifu-*, M|
|poke|p1|Gengar, M|
|poke|p1|Ferrothorn, F|
|poke|p1|Heatran, F|
|poke|p1|Klefki, M|
|poke|p2|Froslass, F|
|poke|p2|Bisharp, M|
|poke|p2|Landorus-Therian, M|
|poke|p2|Zapdos-Galar|
|poke|p2|Dragapult, F|
|poke|p2|Heatran, F|
|teampreview
|inactive|Battle timer is ON: inactive players will automatically lose when time's up. (requested by Ghidx)
|
|t:|1641746701
|start
|switch|p1a: Ferrothorn|Ferrothorn, F|100/100
|switch|p2a: Froslass|Froslass, F|100/100
|turn|1
|
|t:|1641746706
|move|p2a: Froslass|Spikes|p1a: Ferrothorn
|-sidestart|p1: sarvesh672|Spikes
|move|p1a: Ferrothorn|Knock Off|p2a: Froslass
|-supereffective|p2a: Froslass
|-damage|p2a: Froslass|34/100
|-enditem|p2a: Froslass|Focus Sash|[from] move: Knock Off|[of] p1a: Ferrothorn
|
|upkeep
|turn|2
|
|t:|1641746713
|move|p2a: Froslass|Destiny Bond|p2a: Froslass
|-singlemove|p2a: Froslass|Destiny Bond
|move|p1a: Ferrothorn|Leech Seed|p2a: Froslass
|-start|p2a: Froslass|move: Leech Seed
|
|-damage|p2a: Froslass|21/100|[from] Leech Seed|[of] p1a: Ferrothorn
|upkeep
|turn|3
|
|t:|1641746726
|switch|p1a: Klefki|Klefki, M|100/100
|-damage|p1a: Klefki|88/100|[from] Spikes
|move|p2a: Froslass|Spikes|p1a: Klefki
|-sidestart|p1: sarvesh672|Spikes
|
|-heal|p1a: Klefki|94/100|[from] item: Leftovers
|-damage|p2a: Froslass|9/100|[from] Leech Seed|[of] p1a: Klefki
|-heal|p1a: Klefki|100/100|[silent]
|upkeep
|turn|4
|
|t:|1641746734
|switch|p2a: Heatran|Heatran, F|100/100
|move|p1a: Klefki|Spikes|p2a: Heatran
|-sidestart|p2: Ghidx|Spikes
|
|upkeep
|turn|5
|
|t:|1641746739
|move|p1a: Klefki|Spikes|p2a: Heatran
|-sidestart|p2: Ghidx|Spikes
|move|p2a: Heatran|Flamethrower|p1a: Klefki
|-supereffective|p1a: Klefki
|-damage|p1a: Klefki|38/100
|
|-heal|p1a: Klefki|44/100|[from] item: Leftovers
|upkeep
|turn|6
|
|t:|1641746746
|move|p1a: Klefki|Protect|p1a: Klefki
|-singleturn|p1a: Klefki|Protect
|move|p2a: Heatran|Earth Power|p1a: Klefki
|-activate|p1a: Klefki|move: Protect
|
|-heal|p1a: Klefki|50/100|[from] item: Leftovers
|upkeep
|turn|7
|
|t:|1641746750
|move|p1a: Klefki|Spikes|p2a: Heatran
|-sidestart|p2: Ghidx|Spikes
|move|p2a: Heatran|Flamethrower|p1a: Klefki
|-supereffective|p1a: Klefki
|-damage|p1a: Klefki|0 fnt
|faint|p1a: Klefki
|
|upkeep
|
|t:|1641746755
|switch|p1a: Garchomp|Garchomp, F|100/100
|-damage|p1a: Garchomp|84/100|[from] Spikes
|turn|8
|
|t:|1641746764
|switch|p2a: Landorus|Landorus-Therian, M|100/100
|-ability|p2a: Landorus|Intimidate|boost
|-unboost|p1a: Garchomp|atk|1
|move|p1a: Garchomp|Swords Dance|p1a: Garchomp
|-boost|p1a: Garchomp|atk|2
|
|-heal|p1a: Garchomp|90/100|[from] item: Leftovers
|upkeep
|turn|9
|
|t:|1641746772
|move|p1a: Garchomp|Dragon Claw|p2a: Landorus
|-damage|p2a: Landorus|57/100
|move|p2a: Landorus|Earthquake|p1a: Garchomp
|-damage|p1a: Garchomp|40/100
|
|-heal|p1a: Garchomp|46/100|[from] item: Leftovers
|-heal|p2a: Landorus|63/100|[from] item: Leftovers
|upkeep
|turn|10
|
|t:|1641746780
|switch|p1a: Heatran|Heatran, F|100/100
|-item|p1a: Heatran|Air Balloon
|move|p2a: Landorus|Earthquake|p1a: Heatran
|-immune|p1a: Heatran
|
|-heal|p2a: Landorus|69/100|[from] item: Leftovers
|upkeep
|turn|11
|
|t:|1641746785
|move|p2a: Landorus|U-turn|p1a: Heatran
|-resisted|p1a: Heatran
|-damage|p1a: Heatran|96/100
|-enditem|p1a: Heatran|Air Balloon
|
|t:|1641746789
|switch|p2a: Heatran|Heatran, F|100/100|[from]move: U-turn
|-damage|p2a: Heatran|76/100|[from] Spikes
|move|p1a: Heatran|Stealth Rock|p2a: Heatran
|-sidestart|p2: Ghidx|move: Stealth Rock
|
|-heal|p2a: Heatran|82/100|[from] item: Leftovers
|upkeep
|turn|12
|
|t:|1641746805
|switch|p1a: Garchomp|Garchomp, F|46/100
|-damage|p1a: Garchomp|29/100|[from] Spikes
|move|p2a: Heatran|Earth Power|p1a: Garchomp
|-damage|p1a: Garchomp|0 fnt
|faint|p1a: Garchomp
|
|-heal|p2a: Heatran|88/100|[from] item: Leftovers
|upkeep
|
|t:|1641746810
|switch|p1a: Urshifu|Urshifu-Rapid-Strike, M|100/100
|-damage|p1a: Urshifu|84/100|[from] Spikes
|turn|13
|
|t:|1641746815
|switch|p2a: Froslass|Froslass, F|9/100
|-damage|p2a: Froslass|0 fnt|[from] Stealth Rock
|faint|p2a: Froslass
|move|p1a: Urshifu|Surging Strikes|p2: Froslass|[notarget]
|-fail|p1a: Urshifu
|
|upkeep
|
|t:|1641746830
|switch|p2a: Dragapult|Dragapult, F|100/100
|-damage|p2a: Dragapult|88/100|[from] Stealth Rock
|-damage|p2a: Dragapult|63/100|[from] Spikes
|turn|14
|
|t:|1641746835
|switch|p1a: Ferrothorn|Ferrothorn, F|100/100
|-damage|p1a: Ferrothorn|84/100|[from] Spikes
|move|p2a: Dragapult|Shadow Ball|p1a: Ferrothorn
|-damage|p1a: Ferrothorn|50/100
|
|-heal|p1a: Ferrothorn|56/100|[from] item: Leftovers
|upkeep
|turn|15
|
|t:|1641746847
|switch|p2a: Landorus|Landorus-Therian, M|69/100
|-damage|p2a: Landorus|57/100|[from] Stealth Rock
|-ability|p2a: Landorus|Intimidate|boost
|-unboost|p1a: Ferrothorn|atk|1
|move|p1a: Ferrothorn|Leech Seed|p2a: Landorus
|-start|p2a: Landorus|move: Leech Seed
|
|-heal|p2a: Landorus|63/100|[from] item: Leftovers
|-heal|p1a: Ferrothorn|62/100|[from] item: Leftovers
|-damage|p2a: Landorus|51/100|[from] Leech Seed|[of] p1a: Ferrothorn
|-heal|p1a: Ferrothorn|76/100|[silent]
|upkeep
|turn|16
|
|t:|1641746858
|move|p2a: Landorus|Stealth Rock|p1a: Ferrothorn
|-sidestart|p1: sarvesh672|move: Stealth Rock
|move|p1a: Ferrothorn|Knock Off|p2a: Landorus
|-damage|p2a: Landorus|40/100
|-enditem|p2a: Landorus|Leftovers|[from] move: Knock Off|[of] p1a: Ferrothorn
|
|-heal|p1a: Ferrothorn|82/100|[from] item: Leftovers
|-damage|p2a: Landorus|28/100|[from] Leech Seed|[of] p1a: Ferrothorn
|-heal|p1a: Ferrothorn|95/100|[silent]
|upkeep
|turn|17
|
|t:|1641746876
|move|p2a: Landorus|U-turn|p1a: Ferrothorn
|-damage|p1a: Ferrothorn|80/100
|-damage|p2a: Landorus|16/100|[from] ability: Iron Barbs|[of] p1a: Ferrothorn
|
|t:|1641746878
|switch|p2a: Heatran|Heatran, F|88/100|[from]move: U-turn
|-damage|p2a: Heatran|63/100|[from] Spikes
|-damage|p2a: Heatran|51/100|[from] Stealth Rock
|move|p1a: Ferrothorn|Leech Seed|p2a: Heatran
|-start|p2a: Heatran|move: Leech Seed
|
|-heal|p2a: Heatran|57/100|[from] item: Leftovers
|-heal|p1a: Ferrothorn|86/100|[from] item: Leftovers
|-damage|p2a: Heatran|45/100|[from] Leech Seed|[of] p1a: Ferrothorn
|-heal|p1a: Ferrothorn|99/100|[silent]
|upkeep
|turn|18
|
|t:|1641746889
|move|p1a: Ferrothorn|Protect|p1a: Ferrothorn
|-singleturn|p1a: Ferrothorn|Protect
|move|p2a: Heatran|Taunt|p1a: Ferrothorn
|-activate|p1a: Ferrothorn|move: Protect
|
|-heal|p2a: Heatran|51/100|[from] item: Leftovers
|-heal|p1a: Ferrothorn|100/100|[from] item: Leftovers
|-damage|p2a: Heatran|38/100|[from] Leech Seed|[of] p1a: Ferrothorn
|upkeep
|turn|19
|
|t:|1641746894
|switch|p1a: Heatran|Heatran, F|96/100
|-damage|p1a: Heatran|83/100|[from] Stealth Rock
|-damage|p1a: Heatran|67/100|[from] Spikes
|move|p2a: Heatran|Earth Power|p1a: Heatran
|-supereffective|p1a: Heatran
|-damage|p1a: Heatran|0 fnt
|faint|p1a: Heatran
|
|-heal|p2a: Heatran|45/100|[from] item: Leftovers
|upkeep
|
|t:|1641746912
|switch|p1a: Gengar|Gengar, M|100/100
|-damage|p1a: Gengar|88/100|[from] Stealth Rock
|-damage|p1a: Gengar|72/100|[from] Spikes
|turn|20
|
|t:|1641746916
|move|p1a: Gengar|Shadow Ball|p2a: Heatran
|-damage|p2a: Heatran|19/100
|move|p2a: Heatran|Earth Power|p1a: Gengar
|-supereffective|p1a: Gengar
|-damage|p1a: Gengar|0 fnt
|faint|p1a: Gengar
|
|-heal|p2a: Heatran|25/100|[from] item: Leftovers
|upkeep
|
|t:|1641746922
|switch|p1a: Urshifu|Urshifu-Rapid-Strike, M|84/100
|-damage|p1a: Urshifu|78/100|[from] Stealth Rock
|-damage|p1a: Urshifu|61/100|[from] Spikes
|turn|21
|
|t:|1641746931
|move|p1a: Urshifu|Surging Strikes|p2a: Heatran
|-supereffective|p2a: Heatran
|-crit|p2a: Heatran
|-damage|p2a: Heatran|0 fnt
|faint|p2a: Heatran
|-hitcount|p2: Heatran|1
|
|upkeep
|
|t:|1641746935
|switch|p2a: Zapdos|Zapdos-Galar|100/100
|-damage|p2a: Zapdos|88/100|[from] Stealth Rock
|turn|22
|
|t:|1641746942
|switch|p1a: Ferrothorn|Ferrothorn, F|100/100
|-damage|p1a: Ferrothorn|94/100|[from] Stealth Rock
|-damage|p1a: Ferrothorn|78/100|[from] Spikes
|move|p2a: Zapdos|Brave Bird|p1a: Ferrothorn
|-damage|p1a: Ferrothorn|39/100
|-damage|p2a: Zapdos|76/100|[from] ability: Iron Barbs|[of] p1a: Ferrothorn
|-damage|p2a: Zapdos|61/100|[from] Recoil
|
|-heal|p1a: Ferrothorn|45/100|[from] item: Leftovers
|upkeep
|turn|23
|
|t:|1641746948
|switch|p2a: Bisharp|Bisharp, M|100/100
|-damage|p2a: Bisharp|94/100|[from] Stealth Rock
|-damage|p2a: Bisharp|69/100|[from] Spikes
|move|p1a: Ferrothorn|Leech Seed|p2a: Bisharp
|-start|p2a: Bisharp|move: Leech Seed
|
|-heal|p1a: Ferrothorn|51/100|[from] item: Leftovers
|-damage|p2a: Bisharp|57/100|[from] Leech Seed|[of] p1a: Ferrothorn
|-heal|p1a: Ferrothorn|61/100|[silent]
|upkeep
|turn|24
|
|t:|1641746963
|move|p2a: Bisharp|Knock Off|p1a: Ferrothorn
|-damage|p1a: Ferrothorn|17/100
|-damage|p2a: Bisharp|44/100|[from] ability: Iron Barbs|[of] p1a: Ferrothorn
|-enditem|p1a: Ferrothorn|Leftovers|[from] move: Knock Off|[of] p2a: Bisharp
|move|p1a: Ferrothorn|Knock Off|p2a: Bisharp
|-resisted|p2a: Bisharp
|-damage|p2a: Bisharp|32/100
|-enditem|p2a: Bisharp|Black Glasses|[from] move: Knock Off|[of] p1a: Ferrothorn
|
|-damage|p2a: Bisharp|20/100|[from] Leech Seed|[of] p1a: Ferrothorn
|-heal|p1a: Ferrothorn|27/100|[silent]
|upkeep
|turn|25
|
|t:|1641746973
|move|p1a: Ferrothorn|Protect|p1a: Ferrothorn
|-singleturn|p1a: Ferrothorn|Protect
|move|p2a: Bisharp|Knock Off|p1a: Ferrothorn
|-activate|p1a: Ferrothorn|move: Protect
|
|-damage|p2a: Bisharp|7/100|[from] Leech Seed|[of] p1a: Ferrothorn
|-heal|p1a: Ferrothorn|37/100|[silent]
|upkeep
|turn|26
|
|t:|1641746977
|move|p1a: Ferrothorn|Protect||[still]
|-fail|p1a: Ferrothorn
|move|p2a: Bisharp|Knock Off|p1a: Ferrothorn
|-damage|p1a: Ferrothorn|11/100
|-damage|p2a: Bisharp|0 fnt|[from] ability: Iron Barbs|[of] p1a: Ferrothorn
|faint|p2a: Bisharp
|
|upkeep
|
|t:|1641746979
|switch|p2a: Dragapult|Dragapult, F|63/100
|-damage|p2a: Dragapult|38/100|[from] Spikes
|-damage|p2a: Dragapult|26/100|[from] Stealth Rock
|turn|27
|
|t:|1641746986
|move|p2a: Dragapult|Shadow Ball|p1a: Ferrothorn
|-damage|p1a: Ferrothorn|0 fnt
|faint|p1a: Ferrothorn
|
|upkeep
|
|t:|1641746988
|switch|p1a: Urshifu|Urshifu-Rapid-Strike, M|61/100
|-damage|p1a: Urshifu|45/100|[from] Spikes
|-damage|p1a: Urshifu|39/100|[from] Stealth Rock
|turn|28
|
|t:|1641746992
|move|p2a: Dragapult|Shadow Ball|p1a: Urshifu
|-damage|p1a: Urshifu|0 fnt
|faint|p1a: Urshifu
|
|win|Ghidx
|raw|sarvesh672's rating: 1410 &rarr; <strong>1393</strong><br />(-17 for losing)
|raw|Ghidx's rating: 1459 &rarr; <strong>1476</strong><br />(+17 for winning)
|c|☆sarvesh672|gg
