|j|☆hipsterisiili
|j|☆Mr_Turtle0987
|t:|1641842202
|gametype|singles
|player|p1|hipsterisiili|169|1069
|player|p2|Mr_Turtle0987|nate|1025
|teamsize|p1|6
|teamsize|p2|6
|gen|8
|tier|[Gen 8] OU
|rated|
|rule|Sleep Clause Mod: Limit one foe put to sleep
|rule|Species Clause: Limit one of each Pokémon
|rule|OHKO Clause: OHKO moves are banned
|rule|Evasion Moves Clause: Evasion moves are banned
|rule|Endless Battle Clause: Forcing endless battles is banned
|rule|HP Percentage Mod: HP is shown in percentages
|rule|Dynamax Clause: You cannot dynamax
|clearpoke
|poke|p1|Clefable, F|
|poke|p1|Tyranitar, M|
|poke|p1|Ferrothorn, F|
|poke|p1|Conkeldurr, M|
|poke|p1|Excadrill, F|
|poke|p1|Slowbro, F|
|poke|p2|Salamence, M|
|poke|p2|Tyranitar, M|
|poke|p2|Dragapult, M|
|poke|p2|Slowbro-Galar, M|
|poke|p2|Slowking-Galar, M|
|poke|p2|Garchomp, M|
|teampreview
|inactive|Battle timer is ON: inactive players will automatically lose when time's up. (requested by Mr_Turtle0987)
|
|t:|1641842227
|start
|switch|p1a: Slowbro|Slowbro, F|100/100
|switch|p2a: Garchomp|Garchomp, M, shiny|100/100
|turn|1
|
|t:|1641842235
|move|p2a: Garchomp|Swords Dance|p2a: Garchomp
|-boost|p2a: Garchomp|atk|2
|move|p1a: Slowbro|Trick Room|p1a: Slowbro
|-fieldstart|move: Trick Room|[of] p1a: Slowbro
|
|upkeep
|turn|2
|
|t:|1641842243
|move|p1a: Slowbro|Yawn|p2a: Garchomp
|-start|p2a: Garchomp|move: Yawn|[of] p1a: Slowbro
|move|p2a: Garchomp|Swords Dance|p2a: Garchomp
|-boost|p2a: Garchomp|atk|2
|
|upkeep
|turn|3
|inactive|hipsterisiili has 120 seconds left.
|
|t:|1641842276
|switch|p1a: Ferrothorn|Ferrothorn, F|100/100
|move|p2a: Garchomp|Dragon Claw|p1a: Ferrothorn
|-resisted|p1a: Ferrothorn
|-damage|p1a: Ferrothorn|62/100
|-damage|p2a: Garchomp|88/100|[from] ability: Iron Barbs|[of] p1a: Ferrothorn
|-damage|p2a: Garchomp|72/100|[from] item: Rocky Helmet|[of] p1a: Ferrothorn
|
|-end|p2a: Garchomp|move: Yawn|[silent]
|-status|p2a: Garchomp|slp
|upkeep
|turn|4
|inactive|hipsterisiili has 120 seconds left.
|
|t:|1641842291
|move|p1a: Ferrothorn|Leech Seed|p2a: Garchomp
|-start|p2a: Garchomp|move: Leech Seed
|cant|p2a: Garchomp|slp
|
|-damage|p2a: Garchomp|59/100 slp|[from] Leech Seed|[of] p1a: Ferrothorn
|-heal|p1a: Ferrothorn|74/100|[silent]
|upkeep
|turn|5
|inactive|hipsterisiili has 120 seconds left.
|
|t:|1641842312
|switch|p2a: Dragapult|Dragapult, M, shiny|100/100
|move|p1a: Ferrothorn|Power Whip|p2a: Dragapult
|-resisted|p2a: Dragapult
|-damage|p2a: Dragapult|73/100
|
|-fieldend|move: Trick Room
|upkeep
|turn|6
|
|t:|1641842323
|move|p2a: Dragapult|Sucker Punch||[still]
|-fail|p2a: Dragapult
|move|p1a: Ferrothorn|Leech Seed|p2a: Dragapult|[miss]
|-miss|p1a: Ferrothorn|p2a: Dragapult
|
|upkeep
|turn|7
|
|t:|1641842332
|move|p2a: Dragapult|Draco Meteor|p1a: Ferrothorn
|-resisted|p1a: Ferrothorn
|-damage|p1a: Ferrothorn|53/100
|-unboost|p2a: Dragapult|spa|2
|move|p1a: Ferrothorn|Leech Seed|p2a: Dragapult
|-start|p2a: Dragapult|move: Leech Seed
|
|-damage|p2a: Dragapult|61/100|[from] Leech Seed|[of] p1a: Ferrothorn
|-heal|p1a: Ferrothorn|64/100|[silent]
|upkeep
|turn|8
|inactive|hipsterisiili has 120 seconds left.
|
|t:|1641842350
|switch|p2a: Slowbro|Slowbro-Galar, M, shiny|100/100
|move|p1a: Ferrothorn|Protect||[still]
|-fail|p1a: Ferrothorn
|
|upkeep
|turn|9
|
|t:|1641842359
|move|p2a: Slowbro|Flamethrower|p1a: Ferrothorn
|-supereffective|p1a: Ferrothorn
|-damage|p1a: Ferrothorn|0 fnt
|faint|p1a: Ferrothorn
|
|upkeep
|
|t:|1641842372
|switch|p1a: Tyranitar|Tyranitar, M|100/100
|-weather|Sandstorm|[from] ability: Sand Stream|[of] p1a: Tyranitar
|turn|10
|
|t:|1641842381
|move|p1a: Tyranitar|Stealth Rock|p2a: Slowbro
|-sidestart|p2: Mr_Turtle0987|move: Stealth Rock
|move|p2a: Slowbro|Surf|p1a: Tyranitar
|-supereffective|p1a: Tyranitar
|-damage|p1a: Tyranitar|65/100
|
|-weather|Sandstorm|[upkeep]
|-damage|p2a: Slowbro|94/100|[from] Sandstorm
|-heal|p2a: Slowbro|100/100|[from] item: Black Sludge
|upkeep
|turn|11
|inactive|hipsterisiili has 120 seconds left.
|
|t:|1641842395
|move|p1a: Tyranitar|Earthquake|p2a: Slowbro
|-supereffective|p2a: Slowbro
|-damage|p2a: Slowbro|25/100
|move|p2a: Slowbro|Surf|p1a: Tyranitar
|-supereffective|p1a: Tyranitar
|-damage|p1a: Tyranitar|34/100
|
|-weather|Sandstorm|[upkeep]
|-damage|p2a: Slowbro|19/100|[from] Sandstorm
|-heal|p2a: Slowbro|25/100|[from] item: Black Sludge
|upkeep
|turn|12
|inactive|hipsterisiili has 120 seconds left.
|
|t:|1641842407
|move|p1a: Tyranitar|Stone Edge|p2a: Slowbro
|-damage|p2a: Slowbro|0 fnt
|faint|p2a: Slowbro
|
|-weather|Sandstorm|[upkeep]
|upkeep
|
|t:|1641842418
|switch|p2a: Tyranitar|Tyranitar, M, shiny|100/100
|-damage|p2a: Tyranitar|88/100|[from] Stealth Rock
|-item|p2a: Tyranitar|Air Balloon
|turn|13
|inactive|hipsterisiili has 120 seconds left.
|
|t:|1641842437
|move|p2a: Tyranitar|Earthquake|p1a: Tyranitar
|-supereffective|p1a: Tyranitar
|-damage|p1a: Tyranitar|0 fnt
|faint|p1a: Tyranitar
|
|-weather|Sandstorm|[upkeep]
|upkeep
|
|t:|1641842444
|switch|p1a: Excadrill|Excadrill, F|100/100
|turn|14
|
|t:|1641842455
|move|p1a: Excadrill|Earthquake|p2a: Tyranitar
|-immune|p2a: Tyranitar
|move|p2a: Tyranitar|Crunch|p1a: Excadrill
|-damage|p1a: Excadrill|39/100
|
|-weather|none
|upkeep
|turn|15
|
|t:|1641842465
|switch|p1a: Clefable|Clefable, F|100/100
|move|p2a: Tyranitar|Crunch|p1a: Clefable
|-resisted|p1a: Clefable
|-damage|p1a: Clefable|74/100
|
|-heal|p1a: Clefable|80/100|[from] item: Leftovers
|upkeep
|turn|16
|inactive|hipsterisiili has 120 seconds left.
|
|t:|1641842483
|move|p2a: Tyranitar|Stone Edge|p1a: Clefable
|-damage|p1a: Clefable|13/100
|move|p1a: Clefable|Toxic|p2a: Tyranitar
|-status|p2a: Tyranitar|tox
|
|-heal|p1a: Clefable|20/100|[from] item: Leftovers
|-damage|p2a: Tyranitar|82/100 tox|[from] psn
|upkeep
|turn|17
|inactive|hipsterisiili has 120 seconds left.
|
|t:|1641842498
|switch|p1a: Conkeldurr|Conkeldurr, M|100/100
|move|p2a: Tyranitar|Earthquake|p1a: Conkeldurr
|-damage|p1a: Conkeldurr|69/100
|
|-damage|p2a: Tyranitar|70/100 tox|[from] psn
|-status|p1a: Conkeldurr|brn|[from] item: Flame Orb
|upkeep
|turn|18
|inactive|hipsterisiili has 120 seconds left.
|
|t:|1641842513
|switch|p2a: Slowking|Slowking-Galar, M, shiny|100/100
|move|p1a: Conkeldurr|Mach Punch|p2a: Slowking
|-resisted|p2a: Slowking
|-damage|p2a: Slowking|91/100
|
|-damage|p1a: Conkeldurr|63/100 brn|[from] brn
|upkeep
|turn|19
|
|t:|1641842523
|move|p1a: Conkeldurr|Earthquake|p2a: Slowking
|-supereffective|p2a: Slowking
|-damage|p2a: Slowking|0 fnt
|faint|p2a: Slowking
|
|-damage|p1a: Conkeldurr|57/100 brn|[from] brn
|upkeep
|
|t:|1641842530
|switch|p2a: Salamence|Salamence, M|100/100
|-damage|p2a: Salamence|76/100|[from] Stealth Rock
|turn|20
|inactive|hipsterisiili has 120 seconds left.
|
|t:|1641842541
|move|p2a: Salamence|Aerial Ace|p1a: Conkeldurr
|-supereffective|p1a: Conkeldurr
|-damage|p1a: Conkeldurr|0 fnt
|faint|p1a: Conkeldurr
|-ability|p2a: Salamence|Moxie|boost
|-boost|p2a: Salamence|atk|1
|-damage|p2a: Salamence|66/100|[from] item: Life Orb
|
|upkeep
|inactive|hipsterisiili has 120 seconds left.
|
|t:|1641842553
|switch|p1a: Slowbro|Slowbro, F|100/100
|turn|21
|inactive|hipsterisiili has 120 seconds left.
|
|t:|1641842562
|move|p2a: Salamence|Crunch|p1a: Slowbro
|-supereffective|p1a: Slowbro
|-damage|p1a: Slowbro|4/100
|-damage|p2a: Salamence|56/100|[from] item: Life Orb
|move|p1a: Slowbro|Trick Room|p1a: Slowbro
|-fieldstart|move: Trick Room|[of] p1a: Slowbro
|
|-heal|p1a: Slowbro|10/100|[from] item: Leftovers
|upkeep
|turn|22
|inactive|hipsterisiili has 120 seconds left.
|
|t:|1641842575
|move|p1a: Slowbro|Psychic|p2a: Salamence
|-damage|p2a: Salamence|0 fnt
|faint|p2a: Salamence
|
|-heal|p1a: Slowbro|16/100|[from] item: Leftovers
|upkeep
|
|t:|1641842580
|switch|p2a: Dragapult|Dragapult, M, shiny|61/100
|-damage|p2a: Dragapult|48/100|[from] Stealth Rock
|turn|23
|
|t:|1641842586
|move|p2a: Dragapult|Sucker Punch|p1a: Slowbro
|-supereffective|p1a: Slowbro
|-damage|p1a: Slowbro|0 fnt
|faint|p1a: Slowbro
|
|upkeep
|
|t:|1641842594
|switch|p1a: Clefable|Clefable, F|20/100
|turn|24
|
|t:|1641842609
|move|p1a: Clefable|Wish|p1a: Clefable
|move|p2a: Dragapult|Phantom Force||[still]
|-prepare|p2a: Dragapult|Phantom Force
|
|-heal|p1a: Clefable|26/100|[from] item: Leftovers
|upkeep
|turn|25
|
|t:|1641842620
|switch|p1a: Excadrill|Excadrill, F|39/100
|move|p2a: Dragapult|Phantom Force|p1a: Excadrill|[from]lockedmove
|-damage|p1a: Excadrill|0 fnt
|faint|p1a: Excadrill
|
|-fieldend|move: Trick Room
|upkeep
|
|t:|1641842629
|switch|p1a: Clefable|Clefable, F|26/100
|turn|26
|
|t:|1641842634
|move|p2a: Dragapult|Draco Meteor|p1a: Clefable
|-immune|p1a: Clefable
|move|p1a: Clefable|Moonblast|p2a: Dragapult
|-supereffective|p2a: Dragapult
|-damage|p2a: Dragapult|0 fnt
|faint|p2a: Dragapult
|
|-heal|p1a: Clefable|32/100|[from] item: Leftovers
|upkeep
|
|t:|1641842642
|switch|p2a: Tyranitar|Tyranitar, M, shiny|70/100 tox
|-damage|p2a: Tyranitar|57/100 tox|[from] Stealth Rock
|-weather|Sandstorm|[from] ability: Sand Stream|[of] p2a: Tyranitar
|-item|p2a: Tyranitar|Air Balloon
|turn|27
|
|t:|1641842648
|move|p2a: Tyranitar|Earthquake|p1a: Clefable
|-damage|p1a: Clefable|0 fnt
|faint|p1a: Clefable
|
|win|Mr_Turtle0987
|raw|hipsterisiili's rating: 1069 &rarr; <strong>1046</strong><br />(-23 for losing)
|raw|Mr_Turtle0987's rating: 1025 &rarr; <strong>1066</strong><br />(+41 for winning)
