|j|☆mthree3
|j|☆Alicegramme
|t:|1641820765
|gametype|singles
|player|p1|mthree3|cynthia-gen4|1062
|player|p2|Alicegramme|cynthia-gen4|1098
|teamsize|p1|6
|teamsize|p2|6
|gen|8
|tier|[Gen 8] OU
|rated|
|rule|Sleep Clause Mod: Limit one foe put to sleep
|rule|Species Clause: Limit one of each Pokémon
|rule|OHKO Clause: OHKO moves are banned
|rule|Evasion Moves Clause: Evasion moves are banned
|rule|Endless Battle Clause: Forcing endless battles is banned
|rule|HP Percentage Mod: HP is shown in percentages
|rule|Dynamax Clause: You cannot dynamax
|clearpoke
|poke|p1|Froslass, F|
|poke|p1|Comfey, M|
|poke|p1|Regice|
|poke|p1|Qwilfish, M|
|poke|p1|Mimikyu, F|
|poke|p1|Jirachi|
|poke|p2|Uxie|
|poke|p2|Mimikyu, F|
|poke|p2|Lycanroc-Dusk, M|
|poke|p2|Ninetales-Alola, F|
|poke|p2|Leafeon, F|
|poke|p2|Lucario, F|
|teampreview
|
|t:|1641820787
|start
|switch|p1a: Mimikyu|Mimikyu, F|100/100
|switch|p2a: Uxie|Uxie|100/100
|turn|1
|
|t:|1641820795
|move|p1a: Mimikyu|Swords Dance|p1a: Mimikyu
|-boost|p1a: Mimikyu|atk|2
|move|p2a: Uxie|Stealth Rock|p1a: Mimikyu
|-sidestart|p1: mthree3|move: Stealth Rock
|
|upkeep
|turn|2
|
|t:|1641820808
|move|p1a: Mimikyu|Shadow Claw|p2a: Uxie
|-supereffective|p2a: Uxie
|-damage|p2a: Uxie|33/100
|move|p2a: Uxie|Psychic|p1a: Mimikyu
|-activate|p1a: Mimikyu|ability: Disguise
|-damage|p1a: Mimikyu|100/100
|detailschange|p1a: Mimikyu|Mimikyu-Busted, F
|-damage|p1a: Mimikyu|88/100|[from] pokemon: Mimikyu-Busted
|
|upkeep
|turn|3
|
|t:|1641820820
|move|p1a: Mimikyu|Shadow Claw|p2a: Uxie
|-supereffective|p2a: Uxie
|-damage|p2a: Uxie|0 fnt
|faint|p2a: Uxie
|
|upkeep
|
|t:|1641820828
|switch|p2a: Lucario|Lucario, F|100/100
|turn|4
|
|t:|1641820835
|move|p1a: Mimikyu|Play Rough|p2a: Lucario
|-damage|p2a: Lucario|0 fnt
|faint|p2a: Lucario
|
|upkeep
|
|t:|1641820842
|switch|p2a: Aurora|Ninetales-Alola, F, shiny|100/100
|-weather|Hail|[from] ability: Snow Warning|[of] p2a: Aurora
|turn|5
|
|t:|1641820856
|move|p2a: Aurora|Aurora Veil|p2a: Aurora
|-sidestart|p2: Alicegramme|move: Aurora Veil
|move|p1a: Mimikyu|Shadow Claw|p2a: Aurora
|-damage|p2a: Aurora|67/100
|
|-weather|Hail|[upkeep]
|-damage|p1a: Mimikyu|82/100|[from] Hail
|upkeep
|turn|6
|
|t:|1641820869
|move|p2a: Aurora|Moonblast|p1a: Mimikyu
|-damage|p1a: Mimikyu|43/100
|move|p1a: Mimikyu|Swords Dance|p1a: Mimikyu
|-boost|p1a: Mimikyu|atk|2
|
|-weather|Hail|[upkeep]
|-damage|p1a: Mimikyu|37/100|[from] Hail
|upkeep
|turn|7
|
|t:|1641820881
|move|p2a: Aurora|Moonblast|p1a: Mimikyu
|-damage|p1a: Mimikyu|2/100
|move|p1a: Mimikyu|Shadow Claw|p2a: Aurora
|-damage|p2a: Aurora|10/100
|
|-weather|Hail|[upkeep]
|-damage|p1a: Mimikyu|0 fnt|[from] Hail
|faint|p1a: Mimikyu
|upkeep
|
|t:|1641820898
|switch|p1a: Regice|Regice|100/100
|-damage|p1a: Regice|75/100|[from] Stealth Rock
|turn|8
|
|t:|1641820905
|move|p2a: Aurora|Moonblast|p1a: Regice
|-damage|p1a: Regice|63/100
|-unboost|p1a: Regice|spa|1
|move|p1a: Regice|Blizzard|p2a: Aurora
|-resisted|p2a: Aurora
|-damage|p2a: Aurora|5/100
|
|-weather|Hail|[upkeep]
|-heal|p1a: Regice|69/100|[from] ability: Ice Body
|-heal|p1a: Regice|75/100|[from] item: Leftovers
|upkeep
|turn|9
|
|t:|1641820916
|move|p2a: Aurora|Moonblast|p1a: Regice
|-damage|p1a: Regice|65/100
|-unboost|p1a: Regice|spa|1
|move|p1a: Regice|Thunderbolt|p2a: Aurora
|-damage|p2a: Aurora|0 fnt
|faint|p2a: Aurora
|
|-weather|none
|-heal|p1a: Regice|71/100|[from] item: Leftovers
|upkeep
|c|☆Alicegramme|!weak Regice
|c|!Alicegramme|/raw <div class="infobox">Regice (ignoring abilities):<br /><span class="message-effect-weak">Weaknesses</span>: Fighting, Fire, Rock, Steel<br /><span class="message-effect-resist">Resistances</span>: Ice<br /><span class="message-effect-immune">Immunities</span>: Frozen, Hail damage</div>
|
|t:|1641820947
|switch|p2a: Ame|Lycanroc-Dusk, M, shiny|100/100
|turn|10
|
|t:|1641820957
|switch|p1a: Qwilfish|Qwilfish, M|100/100
|-damage|p1a: Qwilfish|88/100|[from] Stealth Rock
|move|p2a: Ame|Accelerock|p1a: Qwilfish
|-damage|p1a: Qwilfish|56/100
|-damage|p2a: Ame|91/100|[from] item: Life Orb
|
|-heal|p1a: Qwilfish|62/100|[from] item: Black Sludge
|upkeep
|turn|11
|
|t:|1641820970
|move|p2a: Ame|Psychic Fangs|p1a: Qwilfish
|-supereffective|p1a: Qwilfish
|-damage|p1a: Qwilfish|0 fnt
|faint|p1a: Qwilfish
|-damage|p2a: Ame|81/100|[from] item: Life Orb
|
|upkeep
|
|t:|1641820984
|switch|p1a: Froslass|Froslass, F|100/100
|-damage|p1a: Froslass|76/100|[from] Stealth Rock
|turn|12
|
|t:|1641820995
|move|p2a: Ame|Accelerock|p1a: Froslass
|-supereffective|p1a: Froslass
|-damage|p1a: Froslass|0 fnt
|faint|p1a: Froslass
|-damage|p2a: Ame|71/100|[from] item: Life Orb
|
|-sideend|p2: Alicegramme|move: Aurora Veil
|upkeep
|
|t:|1641821011
|switch|p1a: Comfey|Comfey, M|100/100
|-damage|p1a: Comfey|88/100|[from] Stealth Rock
|turn|13
|
|t:|1641821031
|move|p1a: Comfey|Draining Kiss|p2a: Ame
|-damage|p2a: Ame|44/100
|-heal|p1a: Comfey|100/100|[from] drain|[of] p2a: Ame
|move|p2a: Ame|Accelerock|p1a: Comfey
|-damage|p1a: Comfey|69/100
|-damage|p2a: Ame|35/100|[from] item: Life Orb
|
|-heal|p1a: Comfey|76/100|[from] item: Leftovers
|upkeep
|turn|14
|
|t:|1641821041
|move|p1a: Comfey|Draining Kiss|p2a: Ame
|-damage|p2a: Ame|9/100
|-heal|p1a: Comfey|94/100|[from] drain|[of] p2a: Ame
|move|p2a: Ame|Close Combat|p1a: Comfey
|-resisted|p1a: Comfey
|-damage|p1a: Comfey|64/100
|-unboost|p2a: Ame|def|1
|-unboost|p2a: Ame|spd|1
|-damage|p2a: Ame|0 fnt|[from] item: Life Orb
|faint|p2a: Ame
|
|-heal|p1a: Comfey|70/100|[from] item: Leftovers
|upkeep
|
|t:|1641821068
|switch|p2a: Mimi|Mimikyu, F, shiny|100/100
|turn|15
|
|t:|1641821074
|move|p1a: Comfey|Synthesis|p1a: Comfey
|-heal|p1a: Comfey|100/100
|move|p2a: Mimi|Swords Dance|p2a: Mimi
|-boost|p2a: Mimi|atk|2
|
|upkeep
|turn|16
|
|t:|1641821082
|move|p1a: Comfey|Draining Kiss|p2a: Mimi
|-activate|p2a: Mimi|ability: Disguise
|-damage|p2a: Mimi|100/100
|detailschange|p2a: Mimi|Mimikyu-Busted, F, shiny
|-damage|p2a: Mimi|88/100|[from] pokemon: Mimikyu-Busted
|move|p2a: Mimi|Swords Dance|p2a: Mimi
|-boost|p2a: Mimi|atk|2
|
|upkeep
|turn|17
|
|t:|1641821094
|move|p2a: Mimi|Shadow Sneak|p1a: Comfey
|-damage|p1a: Comfey|50/100
|-damage|p2a: Mimi|78/100|[from] item: Life Orb
|move|p1a: Comfey|Leech Seed|p2a: Mimi
|-start|p2a: Mimi|move: Leech Seed
|
|-heal|p1a: Comfey|57/100|[from] item: Leftovers
|-damage|p2a: Mimi|66/100|[from] Leech Seed|[of] p1a: Comfey
|-heal|p1a: Comfey|67/100|[silent]
|upkeep
|turn|18
|
|t:|1641821104
|move|p1a: Comfey|Synthesis|p1a: Comfey
|-heal|p1a: Comfey|100/100
|move|p2a: Mimi|Play Rough|p1a: Comfey
|-damage|p1a: Comfey|0 fnt
|faint|p1a: Comfey
|-damage|p2a: Mimi|56/100|[from] item: Life Orb
|
|upkeep
|
|t:|1641821112
|switch|p1a: Jirachi|Jirachi|100/100
|-damage|p1a: Jirachi|94/100|[from] Stealth Rock
|turn|19
|
|t:|1641821118
|move|p1a: Jirachi|Iron Head|p2a: Mimi
|-supereffective|p2a: Mimi
|-damage|p2a: Mimi|0 fnt
|faint|p2a: Mimi
|
|-heal|p1a: Jirachi|100/100|[from] item: Leftovers
|upkeep
|
|t:|1641821124
|switch|p2a: Léa|Leafeon, F|100/100
|turn|20
|
|t:|1641821132
|move|p1a: Jirachi|Fire Punch|p2a: Léa
|-supereffective|p2a: Léa
|-damage|p2a: Léa|58/100
|-status|p2a: Léa|brn
|move|p2a: Léa|Swords Dance|p2a: Léa
|-boost|p2a: Léa|atk|2
|
|-heal|p2a: Léa|64/100 brn|[from] item: Leftovers
|-damage|p2a: Léa|58/100 brn|[from] brn
|upkeep
|turn|21
|
|t:|1641821144
|move|p1a: Jirachi|Fire Punch|p2a: Léa
|-supereffective|p2a: Léa
|-damage|p2a: Léa|16/100 brn
|move|p2a: Léa|Knock Off|p1a: Jirachi
|-supereffective|p1a: Jirachi
|-damage|p1a: Jirachi|43/100
|-enditem|p1a: Jirachi|Leftovers|[from] move: Knock Off|[of] p2a: Léa
|
|-heal|p2a: Léa|22/100 brn|[from] item: Leftovers
|-damage|p2a: Léa|16/100 brn|[from] brn
|upkeep
|turn|22
|
|t:|1641821154
|move|p1a: Jirachi|Fire Punch|p2a: Léa
|-supereffective|p2a: Léa
|-damage|p2a: Léa|0 fnt
|faint|p2a: Léa
|
|win|mthree3
|raw|mthree3's rating: 1062 &rarr; <strong>1096</strong><br />(+34 for winning)
|raw|Alicegramme's rating: 1098 &rarr; <strong>1071</strong><br />(-27 for losing)
|c|☆mthree3|lg
|l|☆Alicegramme
