|j|☆I Suck Smh
|j|☆RepeatUntilDrunk9
|t:|1641791039
|gametype|singles
|player|p1|I Suck Smh|265|
|player|p2|RepeatUntilDrunk9|marlon|
|teamsize|p1|6
|teamsize|p2|6
|gen|8
|tier|[Gen 8] OU
|rule|Sleep Clause Mod: Limit one foe put to sleep
|rule|Species Clause: Limit one of each Pokémon
|rule|OHKO Clause: OHKO moves are banned
|rule|Evasion Moves Clause: Evasion moves are banned
|rule|Endless Battle Clause: Forcing endless battles is banned
|rule|HP Percentage Mod: HP is shown in percentages
|rule|Dynamax Clause: You cannot dynamax
|clearpoke
|poke|p1|Clefable, F|
|poke|p1|Gigalith, F|
|poke|p1|Ferrothorn, F|
|poke|p1|Excadrill, M|
|poke|p1|Buzzwole|
|poke|p1|Tapu Lele|
|poke|p2|Excadrill, F|
|poke|p2|Diggersby, F|
|poke|p2|Gigalith, F|
|poke|p2|Landorus-Therian, M|
|poke|p2|Buzzwole|
|poke|p2|Slowbro, M|
|teampreview
|c|☆RepeatUntilDrunk9|wait what
|c|☆RepeatUntilDrunk9|whos team is this
|c|☆I Suck Smh|mine
|inactive|Battle timer is ON: inactive players will automatically lose when time's up. (requested by RepeatUntilDrunk9)
|c|☆I Suck Smh|i didnt take it from RMT or anything
|c|☆I Suck Smh|built it myself
|c|☆I Suck Smh|i love the diggersby their
|inactive|I Suck Smh has 270 seconds left.
|
|t:|1641791088
|start
|switch|p1a: Pain|Ferrothorn, F, shiny|100/100
|switch|p2a: Gigalith|Gigalith, F|100/100
|-weather|Sandstorm|[from] ability: Sand Stream|[of] p2a: Gigalith
|turn|1
|c|☆RepeatUntilDrunk9|im gonna start laddering up with rain then try testing at like 1400
|c|☆RepeatUntilDrunk9|people use too much unserious shit
|
|t:|1641791101
|switch|p1a: Holey Moley|Excadrill, M, shiny|100/100
|move|p2a: Gigalith|Stealth Rock|p1a: Holey Moley
|-sidestart|p1: I Suck Smh|move: Stealth Rock
|
|-weather|Sandstorm|[upkeep]
|upkeep
|turn|2
|
|t:|1641791108
|switch|p2a: Landorus|Landorus-Therian, M|100/100
|-ability|p2a: Landorus|Intimidate|boost
|-unboost|p1a: Holey Moley|atk|1
|move|p1a: Holey Moley|Toxic|p2a: Landorus|[miss]
|-miss|p1a: Holey Moley|p2a: Landorus
|
|-weather|Sandstorm|[upkeep]
|upkeep
|turn|3
|c|☆I Suck Smh|:)
|c|☆I Suck Smh|OH FUCK
|
|t:|1641791125
|switch|p1a: Nurse Depression|Clefable, F, shiny|100/100
|move|p2a: Landorus|U-turn|p1a: Nurse Depression
|-resisted|p1a: Nurse Depression
|-damage|p1a: Nurse Depression|89/100
|
|t:|1641791131
|switch|p2a: Slowbro|Slowbro, M|100/100|[from]move: U-turn
|
|-weather|Sandstorm|[upkeep]
|-damage|p2a: Slowbro|94/100|[from] Sandstorm
|-heal|p1a: Nurse Depression|95/100|[from] item: Leftovers
|upkeep
|turn|4
|
|t:|1641791138
|move|p2a: Slowbro|Future Sight|p1a: Nurse Depression
|-start|p2a: Slowbro|move: Future Sight
|move|p1a: Nurse Depression|Teleport|p1a: Nurse Depression
|
|t:|1641791142
|switch|p1a: Georgie's Sister|Tapu Lele|100/100|[from]move: Teleport
|-damage|p1a: Georgie's Sister|88/100|[from] Stealth Rock
|-fieldstart|move: Psychic Terrain|[from] ability: Psychic Surge|[of] p1a: Georgie's Sister
|
|-weather|Sandstorm|[upkeep]
|-damage|p1a: Georgie's Sister|82/100|[from] Sandstorm
|-damage|p2a: Slowbro|88/100|[from] Sandstorm
|upkeep
|turn|5
|c|☆I Suck Smh|u have no switchins to lele
|
|t:|1641791154
|move|p1a: Georgie's Sister|Moonblast|p2a: Slowbro
|-damage|p2a: Slowbro|5/100
|move|p2a: Slowbro|Teleport|p2a: Slowbro
|
|t:|1641791158
|switch|p2a: Excadrill|Excadrill, F|100/100|[from]move: Teleport
|
|-weather|Sandstorm|[upkeep]
|-damage|p1a: Georgie's Sister|76/100|[from] Sandstorm
|upkeep
|turn|6
|c|☆I Suck Smh|oof almost died
|c|☆RepeatUntilDrunk9|i have excadrill
|
|t:|1641791165
|switch|p1a: Pain|Ferrothorn, F, shiny|100/100
|-damage|p1a: Pain|94/100|[from] Stealth Rock
|move|p2a: Excadrill|Earthquake|p1a: Pain
|-damage|p1a: Pain|33/100
|
|-weather|Sandstorm|[upkeep]
|-end|p1a: Pain|move: Future Sight
|-resisted|p1a: Pain
|-damage|p1a: Pain|13/100
|-heal|p1a: Pain|20/100|[from] item: Leftovers
|upkeep
|turn|7
|c|☆RepeatUntilDrunk9|give me that buzzwole
|
|t:|1641791180
|switch|p2a: Slowbro|Slowbro, M|38/100
|switch|p1a: NachoThighJuice|Buzzwole, shiny|100/100
|-damage|p1a: NachoThighJuice|88/100|[from] Stealth Rock
|
|-weather|Sandstorm|[upkeep]
|-damage|p1a: NachoThighJuice|82/100|[from] Sandstorm
|-damage|p2a: Slowbro|32/100|[from] Sandstorm
|upkeep
|turn|8
|c|☆I Suck Smh|do u like drill as a mon?
|c|☆RepeatUntilDrunk9|yes i do
|l|☆I Suck Smh
|inactive|I Suck Smh disconnected and has 300 seconds to reconnect!
|player|p1|
|c|☆RepeatUntilDrunk9|ur buzzwole is mine
|inactive|I Suck Smh has 270 seconds to reconnect!
|c|☆RepeatUntilDrunk9|yo come back
|inactive|I Suck Smh has 240 seconds to reconnect!
|j|☆I Suck Smh
|inactive|I Suck Smh reconnected and has 280 seconds left.
|player|p1|I Suck Smh|265
|inactive|I Suck Smh has 270 seconds left.
|
|t:|1641791286
|switch|p2a: Landorus|Landorus-Therian, M|100/100
|-ability|p2a: Landorus|Intimidate|boost
|-unboost|p1a: NachoThighJuice|atk|1
|move|p1a: NachoThighJuice|Thunder Punch|p2a: Landorus
|-immune|p2a: Landorus
|
|-weather|none
|-fieldend|move: Psychic Terrain
|upkeep
|turn|9
|c|☆I Suck Smh|OH NO
|inactive|I Suck Smh has 270 seconds left.
|
|t:|1641791302
|switch|p2a: Slowbro|Slowbro, M|65/100
|switch|p1a: Pain|Ferrothorn, F, shiny|20/100
|-damage|p1a: Pain|13/100|[from] Stealth Rock
|
|-heal|p1a: Pain|20/100|[from] item: Leftovers
|upkeep
|turn|10
|inactive|I Suck Smh has 270 seconds left.
|c|☆I Suck Smh|stupid fsight shit
|
|t:|1641791314
|move|p1a: Pain|Stealth Rock|p2a: Slowbro
|-sidestart|p2: RepeatUntilDrunk9|move: Stealth Rock
|move|p2a: Slowbro|Future Sight|p1a: Pain
|-start|p2a: Slowbro|move: Future Sight
|
|-heal|p1a: Pain|26/100|[from] item: Leftovers
|upkeep
|turn|11
|inactive|I Suck Smh has 270 seconds left.
|c|☆RepeatUntilDrunk9|give me that buzzwole
|
|t:|1641791323
|move|p1a: Pain|Knock Off|p2a: Slowbro
|-supereffective|p2a: Slowbro
|-damage|p2a: Slowbro|39/100
|-damage|p1a: Pain|9/100|[from] item: Rocky Helmet|[of] p2a: Slowbro
|-enditem|p2a: Slowbro|Rocky Helmet|[from] move: Knock Off|[of] p1a: Pain
|move|p2a: Slowbro|Teleport|p2a: Slowbro
|c|☆I Suck Smh|while this thing happens
|
|t:|1641791333
|switch|p2a: Diggersby|Diggersby, F|100/100|[from]move: Teleport
|-damage|p2a: Diggersby|94/100|[from] Stealth Rock
|
|-heal|p1a: Pain|16/100|[from] item: Leftovers
|upkeep
|turn|12
|c|☆I Suck Smh|imma make sure i can make full use of ferro before it dies
|
|t:|1641791351
|move|p2a: Diggersby|Earthquake|p1a: Pain
|-damage|p1a: Pain|0 fnt
|faint|p1a: Pain
|-damage|p2a: Diggersby|84/100|[from] item: Life Orb
|
|-hint|Future Sight did not hit because the target is fainted.
|upkeep
|
|t:|1641791358
|switch|p1a: Georgie's Sister|Tapu Lele|76/100
|-damage|p1a: Georgie's Sister|63/100|[from] Stealth Rock
|-fieldstart|move: Psychic Terrain|[from] ability: Psychic Surge|[of] p1a: Georgie's Sister
|turn|13
|c|☆RepeatUntilDrunk9|give me that buzzwole
|c|☆I Suck Smh|no switchins :D
|
|t:|1641791367
|switch|p2a: Gigalith|Gigalith, F|100/100
|-damage|p2a: Gigalith|88/100|[from] Stealth Rock
|-weather|Sandstorm|[from] ability: Sand Stream|[of] p2a: Gigalith
|move|p1a: Georgie's Sister|Psychic|p2a: Gigalith
|-damage|p2a: Gigalith|41/100
|
|-weather|Sandstorm|[upkeep]
|-damage|p1a: Georgie's Sister|57/100|[from] Sandstorm
|upkeep
|turn|14
|c|☆RepeatUntilDrunk9|i have gigalith
|c|☆I Suck Smh|2hkod after rocks
|
|t:|1641791391
|switch|p2a: Excadrill|Excadrill, F|100/100
|-damage|p2a: Excadrill|97/100|[from] Stealth Rock
|move|p1a: Georgie's Sister|Psychic|p2a: Excadrill
|-resisted|p2a: Excadrill
|-damage|p2a: Excadrill|33/100
|
|-weather|Sandstorm|[upkeep]
|-damage|p1a: Georgie's Sister|51/100|[from] Sandstorm
|upkeep
|turn|15
|inactive|I Suck Smh has 270 seconds left.
|
|t:|1641791407
|switch|p1a: NachoThighJuice|Buzzwole, shiny|82/100
|-damage|p1a: NachoThighJuice|70/100|[from] Stealth Rock
|move|p2a: Excadrill|Rapid Spin|p1a: NachoThighJuice
|-crit|p1a: NachoThighJuice
|-damage|p1a: NachoThighJuice|41/100
|-boost|p2a: Excadrill|spe|1
|-damage|p2a: Excadrill|17/100|[from] item: Rocky Helmet|[of] p1a: NachoThighJuice
|-sideend|p2: RepeatUntilDrunk9|Stealth Rock|[from] move: Rapid Spin|[of] p2a: Excadrill
|
|-weather|Sandstorm|[upkeep]
|-damage|p1a: NachoThighJuice|35/100|[from] Sandstorm
|upkeep
|turn|16
|inactive|I Suck Smh has 270 seconds left.
|
|t:|1641791419
|switch|p2a: Slowbro|Slowbro, M|73/100
|move|p1a: NachoThighJuice|Roost|p1a: NachoThighJuice
|-heal|p1a: NachoThighJuice|85/100
|-singleturn|p1a: NachoThighJuice|move: Roost
|
|-weather|Sandstorm|[upkeep]
|-damage|p1a: NachoThighJuice|79/100|[from] Sandstorm
|-damage|p2a: Slowbro|67/100|[from] Sandstorm
|upkeep
|turn|17
|c|☆RepeatUntilDrunk9|give me that buzzwole
|inactive|I Suck Smh has 270 seconds left.
|
|t:|1641791435
|switch|p1a: Nurse Depression|Clefable, F, shiny|95/100
|move|p2a: Slowbro|Future Sight|p1a: Nurse Depression
|-start|p2a: Slowbro|move: Future Sight
|
|-weather|Sandstorm|[upkeep]
|-damage|p2a: Slowbro|61/100|[from] Sandstorm
|-heal|p1a: Nurse Depression|100/100|[from] item: Leftovers
|-fieldend|move: Psychic Terrain
|upkeep
|turn|18
|c|☆I Suck Smh|never
|inactive|I Suck Smh has 270 seconds left.
|
|t:|1641791445
|move|p1a: Nurse Depression|Teleport|p1a: Nurse Depression
|inactive|I Suck Smh has 270 seconds left.
|
|t:|1641791452
|switch|p1a: Holey Moley|Excadrill, M, shiny|100/100|[from]move: Teleport
|-damage|p1a: Holey Moley|97/100|[from] Stealth Rock
|move|p2a: Slowbro|Teleport|p2a: Slowbro
|c|☆RepeatUntilDrunk9|give me that buzzwole
|c|☆I Suck Smh|i will never surrender my buzz
|
|t:|1641791463
|switch|p2a: Landorus|Landorus-Therian, M|100/100|[from]move: Teleport
|-ability|p2a: Landorus|Intimidate|boost
|-unboost|p1a: Holey Moley|atk|1
|
|-weather|Sandstorm|[upkeep]
|upkeep
|turn|19
|
|t:|1641791470
|switch|p1a: Nurse Depression|Clefable, F, shiny|100/100
|move|p2a: Landorus|Earthquake|p1a: Nurse Depression
|-damage|p1a: Nurse Depression|45/100
|
|-weather|Sandstorm|[upkeep]
|-end|p1a: Nurse Depression|move: Future Sight
|-damage|p1a: Nurse Depression|14/100
|-heal|p1a: Nurse Depression|20/100|[from] item: Leftovers
|upkeep
|turn|20
|
|t:|1641791480
|move|p2a: Landorus|Earthquake|p1a: Nurse Depression
|-damage|p1a: Nurse Depression|0 fnt
|faint|p1a: Nurse Depression
|
|-weather|none
|upkeep
|
|t:|1641791487
|switch|p1a: NachoThighJuice|Buzzwole, shiny|79/100
|-damage|p1a: NachoThighJuice|66/100|[from] Stealth Rock
|turn|21
|c|☆RepeatUntilDrunk9|give me that buzzwole
|
|t:|1641791493
|switch|p1a: Georgie's Sister|Tapu Lele|51/100
|-damage|p1a: Georgie's Sister|39/100|[from] Stealth Rock
|-fieldstart|move: Psychic Terrain|[from] ability: Psychic Surge|[of] p1a: Georgie's Sister
|move|p2a: Landorus|Explosion|p1a: Georgie's Sister
|-enditem|p2a: Landorus|Normal Gem|[from] gem
|-damage|p1a: Georgie's Sister|0 fnt
|faint|p2a: Landorus
|faint|p1a: Georgie's Sister
|
|upkeep
|c|☆I Suck Smh|huh?
|
|t:|1641791507
|switch|p1a: Obsidian|Gigalith, F, shiny|100/100
|switch|p2a: Slowbro|Slowbro, M|94/100
|-damage|p1a: Obsidian|88/100|[from] Stealth Rock
|-weather|Sandstorm|[from] ability: Sand Stream|[of] p1a: Obsidian
|turn|22
|c|☆RepeatUntilDrunk9|lol
|
|t:|1641791517
|move|p1a: Obsidian|Gravity|p1a: Obsidian
|-fieldstart|move: Gravity
|move|p2a: Slowbro|Future Sight|p1a: Obsidian
|-start|p2a: Slowbro|move: Future Sight
|
|-weather|Sandstorm|[upkeep]
|-damage|p2a: Slowbro|88/100|[from] Sandstorm
|upkeep
|turn|23
|c|☆RepeatUntilDrunk9|give me your buzzwole man
|c|☆I Suck Smh|stupid shit
|
|t:|1641791525
|move|p1a: Obsidian|Explosion|p2a: Slowbro
|-damage|p2a: Slowbro|46/100
|faint|p1a: Obsidian
|move|p2a: Slowbro|Teleport|p2a: Slowbro
|
|t:|1641791532
|switch|p2a: Buzzwole|Buzzwole|100/100|[from]move: Teleport
|
|-weather|Sandstorm|[upkeep]
|-damage|p2a: Buzzwole|94/100|[from] Sandstorm
|upkeep
|c|☆I Suck Smh|i will not give the buzzwole
|
|t:|1641791541
|switch|p1a: Holey Moley|Excadrill, M, shiny|97/100
|-damage|p1a: Holey Moley|94/100|[from] Stealth Rock
|turn|24
|
|t:|1641791547
|move|p1a: Holey Moley|Toxic|p2a: Buzzwole
|-status|p2a: Buzzwole|tox
|move|p2a: Buzzwole|Close Combat|p1a: Holey Moley
|-supereffective|p1a: Holey Moley
|-damage|p1a: Holey Moley|0 fnt
|-unboost|p2a: Buzzwole|def|1
|-unboost|p2a: Buzzwole|spd|1
|faint|p1a: Holey Moley
|-ability|p2a: Buzzwole|Beast Boost|boost
|-boost|p2a: Buzzwole|atk|1
|-damage|p2a: Buzzwole|85/100 tox|[from] item: Life Orb
|
|-weather|Sandstorm|[upkeep]
|-damage|p2a: Buzzwole|78/100 tox|[from] Sandstorm
|-hint|Future Sight did not hit because the target is fainted.
|-damage|p2a: Buzzwole|72/100 tox|[from] psn
|upkeep
|c|☆RepeatUntilDrunk9|determined
|
|t:|1641791561
|switch|p1a: NachoThighJuice|Buzzwole, shiny|66/100
|-damage|p1a: NachoThighJuice|54/100|[from] Stealth Rock
|turn|25
|c|☆I Suck Smh|i will make sure i win with buzzwole
|c|☆I Suck Smh|if thats possible
|
|t:|1641791572
|move|p2a: Buzzwole|Poison Jab|p1a: NachoThighJuice
|-damage|p1a: NachoThighJuice|11/100
|-status|p1a: NachoThighJuice|psn
|-damage|p2a: Buzzwole|56/100 tox|[from] item: Rocky Helmet|[of] p1a: NachoThighJuice
|-damage|p2a: Buzzwole|46/100 tox|[from] item: Life Orb
|move|p1a: NachoThighJuice|Roost|p1a: NachoThighJuice
|-heal|p1a: NachoThighJuice|61/100 psn
|-singleturn|p1a: NachoThighJuice|move: Roost
|
|-weather|Sandstorm|[upkeep]
|-damage|p2a: Buzzwole|40/100 tox|[from] Sandstorm
|-damage|p1a: NachoThighJuice|55/100 psn|[from] Sandstorm
|-damage|p2a: Buzzwole|28/100 tox|[from] psn
|-damage|p1a: NachoThighJuice|42/100 psn|[from] psn
|-fieldend|move: Psychic Terrain
|upkeep
|turn|26
|c|☆I Suck Smh|ok this sucks
|
|t:|1641791586
|move|p2a: Buzzwole|Close Combat|p1a: NachoThighJuice
|-resisted|p1a: NachoThighJuice
|-damage|p1a: NachoThighJuice|0 fnt
|-unboost|p2a: Buzzwole|def|1
|-unboost|p2a: Buzzwole|spd|1
|-damage|p2a: Buzzwole|11/100 tox|[from] item: Rocky Helmet|[of] p1a: NachoThighJuice
|faint|p1a: NachoThighJuice
|-damage|p2a: Buzzwole|2/100 tox|[from] item: Life Orb
|
|win|RepeatUntilDrunk9
|c|☆I Suck Smh|HUH WTF
|c|☆I Suck Smh|it killed
|c|☆RepeatUntilDrunk9|you kept saving that buzzwole
|c|☆I Suck Smh|fuck man
|c|☆RepeatUntilDrunk9|i wanted it
|c|☆I Suck Smh|:(
