|j|☆OUTH MO
|j|☆Hijiri Airen
|t:|1641782187
|gametype|singles
|player|p1|OUTH MO|crasherwake|1638
|player|p2|Hijiri Airen|teamrocket|1526
|teamsize|p1|6
|teamsize|p2|6
|gen|8
|tier|[Gen 8] OU
|rated|
|rule|Sleep Clause Mod: Limit one foe put to sleep
|rule|Species Clause: Limit one of each Pokémon
|rule|OHKO Clause: OHKO moves are banned
|rule|Evasion Moves Clause: Evasion moves are banned
|rule|Endless Battle Clause: Forcing endless battles is banned
|rule|HP Percentage Mod: HP is shown in percentages
|rule|Dynamax Clause: You cannot dynamax
|clearpoke
|poke|p1|Melmetal|
|poke|p1|Pelipper, M|
|poke|p1|Volcanion|
|poke|p1|Barraskewda, M|
|poke|p1|Zapdos|
|poke|p1|Seismitoad, M|
|poke|p2|Mamoswine, M|
|poke|p2|Gardevoir, F|
|poke|p2|Blaziken, F|
|poke|p2|Tapu Fini|
|poke|p2|Slowking-Galar, M|
|poke|p2|Rotom-Wash|
|teampreview
|inactive|Battle timer is ON: inactive players will automatically lose when time's up. (requested by OUTH MO)
|
|t:|1641782206
|start
|switch|p1a: Globox|Seismitoad, M, shiny|100/100
|switch|p2a: Gardevoir|Gardevoir, F|100/100
|-ability|p2a: Gardevoir|Swift Swim|[from] ability: Trace|[of] p1a: Globox
|turn|1
|
|t:|1641782216
|switch|p2a: Slowking|Slowking-Galar, M|100/100
|move|p1a: Globox|Earth Power|p2a: Slowking
|-supereffective|p2a: Slowking
|-damage|p2a: Slowking|61/100
|-damage|p1a: Globox|91/100|[from] item: Life Orb
|
|upkeep
|turn|2
|
|t:|1641782222
|move|p1a: Globox|Earth Power|p2a: Slowking
|-supereffective|p2a: Slowking
|-damage|p2a: Slowking|21/100
|-damage|p1a: Globox|81/100|[from] item: Life Orb
|move|p2a: Slowking|Future Sight|p1a: Globox
|-start|p2a: Slowking|move: Future Sight
|
|upkeep
|turn|3
|
|t:|1641782232
|switch|p2a: Rotom|Rotom-Wash|100/100
|move|p1a: Globox|Toxic|p2a: Rotom
|-status|p2a: Rotom|tox
|
|-damage|p2a: Rotom|94/100 tox|[from] psn
|upkeep
|turn|4
|
|t:|1641782241
|switch|p1a: Fate|Melmetal, shiny|100/100
|switch|p2a: Slowking|Slowking-Galar, M|55/100
|
|-end|p1a: Fate|move: Future Sight
|-resisted|p1a: Fate
|-damage|p1a: Fate|86/100
|upkeep
|turn|5
|
|t:|1641782247
|switch|p2a: Rotom|Rotom-Wash|94/100 tox
|move|p1a: Fate|Double Iron Bash|p2a: Rotom
|-resisted|p2a: Rotom
|-damage|p2a: Rotom|85/100 tox
|-resisted|p2a: Rotom
|-damage|p2a: Rotom|76/100 tox
|-hitcount|p2a: Rotom|2
|
|-heal|p2a: Rotom|83/100 tox|[from] item: Leftovers
|-damage|p2a: Rotom|76/100 tox|[from] psn
|upkeep
|turn|6
|
|t:|1641782269
|move|p2a: Rotom|Will-O-Wisp|p1a: Fate
|-status|p1a: Fate|brn
|move|p1a: Fate|Double Iron Bash|p2a: Rotom
|-resisted|p2a: Rotom
|-damage|p2a: Rotom|73/100 tox
|-resisted|p2a: Rotom
|-damage|p2a: Rotom|68/100 tox
|-hitcount|p2a: Rotom|2
|
|-heal|p2a: Rotom|75/100 tox|[from] item: Leftovers
|-damage|p2a: Rotom|62/100 tox|[from] psn
|-damage|p1a: Fate|79/100 brn|[from] brn
|upkeep
|turn|7
|
|t:|1641782274
|move|p2a: Rotom|Volt Switch|p1a: Fate
|-damage|p1a: Fate|62/100 brn
|
|t:|1641782279
|switch|p2a: Blaziken|Blaziken, F|100/100|[from]move: Volt Switch
|move|p1a: Fate|Double Iron Bash|p2a: Blaziken
|-resisted|p2a: Blaziken
|-damage|p2a: Blaziken|84/100
|-resisted|p2a: Blaziken
|-damage|p2a: Blaziken|66/100
|-hitcount|p2a: Blaziken|2
|
|-damage|p1a: Fate|56/100 brn|[from] brn
|upkeep
|turn|8
|
|t:|1641782282
|move|p2a: Blaziken|Close Combat|p1a: Fate
|-supereffective|p1a: Fate
|-damage|p1a: Fate|0 fnt
|-unboost|p2a: Blaziken|def|1
|-unboost|p2a: Blaziken|spd|1
|faint|p1a: Fate
|
|-ability|p2a: Blaziken|Speed Boost|boost
|-boost|p2a: Blaziken|spe|1
|upkeep
|
|t:|1641782285
|switch|p1a: Messenger|Pelipper, M, shiny|100/100
|-weather|RainDance|[from] ability: Drizzle|[of] p1a: Messenger
|turn|9
|
|t:|1641782290
|switch|p2a: Slowking|Slowking-Galar, M|88/100
|move|p1a: Messenger|Hurricane|p2a: Slowking
|-damage|p2a: Slowking|73/100
|
|-weather|RainDance|[upkeep]
|upkeep
|turn|10
|
|t:|1641782293
|switch|p1a: Predator|Barraskewda, M, shiny|100/100
|move|p2a: Slowking|Future Sight|p1a: Predator
|-start|p2a: Slowking|move: Future Sight
|
|-weather|RainDance|[upkeep]
|upkeep
|turn|11
|
|t:|1641782297
|switch|p2a: Rotom|Rotom-Wash|62/100 tox
|move|p1a: Predator|Liquidation|p2a: Rotom
|-resisted|p2a: Rotom
|-damage|p2a: Rotom|23/100 tox
|
|-weather|RainDance|[upkeep]
|-heal|p2a: Rotom|29/100 tox|[from] item: Leftovers
|-damage|p2a: Rotom|23/100 tox|[from] psn
|upkeep
|turn|12
|
|t:|1641782303
|switch|p1a: Globox|Seismitoad, M, shiny|81/100
|move|p2a: Rotom|Will-O-Wisp|p1a: Globox
|-status|p1a: Globox|brn
|
|-weather|RainDance|[upkeep]
|-end|p1a: Globox|move: Future Sight
|-damage|p1a: Globox|22/100 brn
|-heal|p2a: Rotom|29/100 tox|[from] item: Leftovers
|-damage|p2a: Rotom|16/100 tox|[from] psn
|-damage|p1a: Globox|16/100 brn|[from] brn
|upkeep
|turn|13
|
|t:|1641782310
|switch|p2a: Slowking|Slowking-Galar, M|100/100
|move|p1a: Globox|Weather Ball|p2a: Slowking
|-damage|p2a: Slowking|66/100
|-damage|p1a: Globox|6/100 brn|[from] item: Life Orb
|
|-weather|RainDance|[upkeep]
|-damage|p1a: Globox|0 fnt|[from] brn
|faint|p1a: Globox
|upkeep
|
|t:|1641782313
|switch|p1a: Predator|Barraskewda, M, shiny|100/100
|turn|14
|
|t:|1641782317
|switch|p2a: Rotom|Rotom-Wash|16/100 tox
|move|p1a: Predator|Liquidation|p2a: Rotom
|-resisted|p2a: Rotom
|-crit|p2a: Rotom
|-damage|p2a: Rotom|0 fnt
|faint|p2a: Rotom
|
|-weather|RainDance|[upkeep]
|upkeep
|
|t:|1641782321
|switch|p2a: Tapu Fini|Tapu Fini|100/100
|-fieldstart|move: Misty Terrain|[from] ability: Misty Surge|[of] p2a: Tapu Fini
|turn|15
|
|t:|1641782326
|switch|p1a: King VIG|Volcanion|100/100
|move|p2a: Tapu Fini|Moonblast|p1a: King VIG
|-resisted|p1a: King VIG
|-damage|p1a: King VIG|81/100
|
|-weather|RainDance|[upkeep]
|upkeep
|turn|16
|
|t:|1641782332
|switch|p2a: Slowking|Slowking-Galar, M|99/100
|move|p1a: King VIG|Sludge Wave|p2a: Slowking
|-resisted|p2a: Slowking
|-damage|p2a: Slowking|88/100
|
|-weather|none
|upkeep
|turn|17
|
|t:|1641782337
|switch|p1a: Messenger|Pelipper, M, shiny|100/100
|-weather|RainDance|[from] ability: Drizzle|[of] p1a: Messenger
|move|p2a: Slowking|Future Sight|p1a: Messenger
|-start|p2a: Slowking|move: Future Sight
|
|-weather|RainDance|[upkeep]
|upkeep
|turn|18
|
|t:|1641782339
|move|p1a: Messenger|U-turn|p2a: Slowking
|-damage|p2a: Slowking|79/100
|
|t:|1641782341
|switch|p1a: Predator|Barraskewda, M, shiny|100/100|[from]move: U-turn
|move|p2a: Slowking|Psychic|p1a: Predator
|-damage|p1a: Predator|19/100
|
|-weather|RainDance|[upkeep]
|upkeep
|turn|19
|
|t:|1641782347
|switch|p2a: Tapu Fini|Tapu Fini|100/100
|move|p1a: Predator|Flip Turn|p2a: Tapu Fini
|-resisted|p2a: Tapu Fini
|-damage|p2a: Tapu Fini|73/100
|
|t:|1641782351
|switch|p1a: Zapdos|Zapdos|100/100|[from]move: Flip Turn
|
|-weather|RainDance|[upkeep]
|-end|p1a: Zapdos|move: Future Sight
|-crit|p1a: Zapdos
|-damage|p1a: Zapdos|32/100
|-heal|p2a: Tapu Fini|79/100|[from] item: Leftovers
|-fieldend|Misty Terrain
|upkeep
|turn|20
|
|t:|1641782361
|switch|p2a: Slowking|Slowking-Galar, M|100/100
|move|p1a: Zapdos|Roost|p1a: Zapdos
|-heal|p1a: Zapdos|82/100
|-singleturn|p1a: Zapdos|move: Roost
|
|-weather|RainDance|[upkeep]
|upkeep
|turn|21
|
|t:|1641782373
|move|p1a: Zapdos|Hurricane|p2a: Slowking
|-damage|p2a: Slowking|80/100
|move|p2a: Slowking|Future Sight|p1a: Zapdos
|-start|p2a: Slowking|move: Future Sight
|
|-weather|RainDance|[upkeep]
|upkeep
|turn|22
|
|t:|1641782377
|move|p1a: Zapdos|Hurricane|p2a: Slowking
|-damage|p2a: Slowking|59/100
|move|p2a: Slowking|Psychic|p1a: Zapdos
|-damage|p1a: Zapdos|43/100
|
|-weather|RainDance|[upkeep]
|upkeep
|turn|23
|
|t:|1641782381
|move|p1a: Zapdos|Roost|p1a: Zapdos
|-heal|p1a: Zapdos|93/100
|-singleturn|p1a: Zapdos|move: Roost
|move|p2a: Slowking|Psychic|p1a: Zapdos
|-damage|p1a: Zapdos|57/100
|
|-weather|RainDance|[upkeep]
|-end|p1a: Zapdos|move: Future Sight
|-damage|p1a: Zapdos|6/100
|upkeep
|turn|24
|
|t:|1641782385
|move|p1a: Zapdos|Roost|p1a: Zapdos
|-heal|p1a: Zapdos|56/100
|-singleturn|p1a: Zapdos|move: Roost
|move|p2a: Slowking|Sludge Bomb|p1a: Zapdos
|-damage|p1a: Zapdos|17/100
|
|-weather|none
|upkeep
|turn|25
|
|t:|1641782388
|move|p1a: Zapdos|Roost|p1a: Zapdos
|-heal|p1a: Zapdos|67/100
|-singleturn|p1a: Zapdos|move: Roost
|move|p2a: Slowking|Sludge Bomb|p1a: Zapdos
|-damage|p1a: Zapdos|33/100
|
|upkeep
|turn|26
|
|t:|1641782390
|move|p1a: Zapdos|Roost|p1a: Zapdos
|-heal|p1a: Zapdos|83/100
|-singleturn|p1a: Zapdos|move: Roost
|move|p2a: Slowking|Sludge Bomb|p1a: Zapdos
|-damage|p1a: Zapdos|43/100
|-status|p1a: Zapdos|psn
|
|-damage|p1a: Zapdos|30/100 psn|[from] psn
|upkeep
|turn|27
|
|t:|1641782393
|switch|p1a: Messenger|Pelipper, M, shiny|100/100
|-weather|RainDance|[from] ability: Drizzle|[of] p1a: Messenger
|move|p2a: Slowking|Future Sight|p1a: Messenger
|-start|p2a: Slowking|move: Future Sight
|
|-weather|RainDance|[upkeep]
|upkeep
|turn|28
|
|t:|1641782395
|move|p1a: Messenger|U-turn|p2a: Slowking
|-damage|p2a: Slowking|50/100
|
|t:|1641782396
|switch|p1a: King VIG|Volcanion|81/100|[from]move: U-turn
|move|p2a: Slowking|Psychic|p1a: King VIG
|-damage|p1a: King VIG|43/100
|
|-weather|RainDance|[upkeep]
|upkeep
|turn|29
|
|t:|1641782402
|switch|p2a: Tapu Fini|Tapu Fini|79/100
|-fieldstart|move: Misty Terrain|[from] ability: Misty Surge|[of] p2a: Tapu Fini
|move|p1a: King VIG|Steam Eruption|p2a: Tapu Fini
|-resisted|p2a: Tapu Fini
|-damage|p2a: Tapu Fini|19/100
|
|-weather|RainDance|[upkeep]
|-end|p1a: King VIG|move: Future Sight
|-damage|p1a: King VIG|0 fnt
|faint|p1a: King VIG
|-heal|p2a: Tapu Fini|25/100|[from] item: Leftovers
|upkeep
|
|t:|1641782405
|switch|p1a: Predator|Barraskewda, M, shiny|19/100
|turn|30
|
|t:|1641782409
|move|p1a: Predator|Flip Turn|p2a: Tapu Fini
|-resisted|p2a: Tapu Fini
|-damage|p2a: Tapu Fini|0 fnt
|faint|p2a: Tapu Fini
|
|t:|1641782416
|switch|p1a: Zapdos|Zapdos|30/100 psn|[from]move: Flip Turn
|
|-weather|RainDance|[upkeep]
|-damage|p1a: Zapdos|18/100 psn|[from] psn
|upkeep
|
|t:|1641782420
|switch|p2a: Mamoswine|Mamoswine, M|100/100
|turn|31
|
|t:|1641782423
|switch|p1a: Messenger|Pelipper, M, shiny|100/100
|move|p2a: Mamoswine|Ice Shard|p1a: Messenger
|-damage|p1a: Messenger|77/100
|-damage|p2a: Mamoswine|91/100|[from] item: Life Orb
|
|-weather|RainDance|[upkeep]
|upkeep
|turn|32
|
|t:|1641782426
|switch|p2a: Slowking|Slowking-Galar, M|83/100
|move|p1a: Messenger|Scald|p2a: Slowking
|-crit|p2a: Slowking
|-damage|p2a: Slowking|58/100
|
|-weather|RainDance|[upkeep]
|upkeep
|turn|33
|
|t:|1641782432
|switch|p1a: Zapdos|Zapdos|18/100 psn
|move|p2a: Slowking|Future Sight|p1a: Zapdos
|-start|p2a: Slowking|move: Future Sight
|
|-weather|RainDance|[upkeep]
|-damage|p1a: Zapdos|5/100 psn|[from] psn
|-fieldend|Misty Terrain
|upkeep
|turn|34
|
|t:|1641782435
|move|p1a: Zapdos|Roost|p1a: Zapdos
|-heal|p1a: Zapdos|55/100 psn
|-singleturn|p1a: Zapdos|move: Roost
|move|p2a: Slowking|Psychic|p1a: Zapdos
|-damage|p1a: Zapdos|20/100 psn
|-unboost|p1a: Zapdos|spd|1
|
|-weather|none
|-damage|p1a: Zapdos|7/100 psn|[from] psn
|upkeep
|turn|35
|
|t:|1641782444
|move|p1a: Zapdos|Roost|p1a: Zapdos
|-heal|p1a: Zapdos|58/100 psn
|-singleturn|p1a: Zapdos|move: Roost
|move|p2a: Slowking|Psychic|p1a: Zapdos
|-damage|p1a: Zapdos|0 fnt
|faint|p1a: Zapdos
|
|-hint|Future Sight did not hit because the target is fainted.
|upkeep
|
|t:|1641782447
|switch|p1a: Messenger|Pelipper, M, shiny|77/100
|-weather|RainDance|[from] ability: Drizzle|[of] p1a: Messenger
|turn|36
|
|t:|1641782454
|move|p1a: Messenger|U-turn|p2a: Slowking
|-damage|p2a: Slowking|50/100
|
|t:|1641782457
|switch|p1a: Predator|Barraskewda, M, shiny|19/100|[from]move: U-turn
|move|p2a: Slowking|Future Sight|p1a: Predator
|-start|p2a: Slowking|move: Future Sight
|
|-weather|RainDance|[upkeep]
|upkeep
|turn|37
|
|t:|1641782459
|switch|p2a: Blaziken|Blaziken, F|66/100
|move|p1a: Predator|Liquidation|p2a: Blaziken
|-supereffective|p2a: Blaziken
|-damage|p2a: Blaziken|0 fnt
|faint|p2a: Blaziken
|
|-weather|RainDance|[upkeep]
|upkeep
|
|t:|1641782461
|switch|p2a: Gardevoir|Gardevoir, F|100/100
|-ability|p2a: Gardevoir|Swift Swim|[from] ability: Trace|[of] p1a: Predator
|turn|38
|
|t:|1641782463
|move|p2a: Gardevoir|Moonblast|p1a: Predator
|-damage|p1a: Predator|0 fnt
|faint|p1a: Predator
|
|-weather|RainDance|[upkeep]
|-hint|Future Sight did not hit because the target is fainted.
|upkeep
|-message|OUTH MO forfeited.
|
|win|Hijiri Airen
|raw|OUTH MO's rating: 1638 &rarr; <strong>1612</strong><br />(-26 for losing)
|raw|Hijiri Airen's rating: 1526 &rarr; <strong>1552</strong><br />(+26 for winning)
