|j|☆OverloadAllius
|j|☆Mystical Eonis
|t:|1641706210
|gametype|singles
|player|p1|OverloadAllius|169|1452
|player|p2|Mystical Eonis|cynthia|1464
|teamsize|p1|6
|teamsize|p2|6
|gen|8
|tier|[Gen 8] OU
|rated|
|rule|Sleep Clause Mod: Limit one foe put to sleep
|rule|Species Clause: Limit one of each Pokémon
|rule|OHKO Clause: OHKO moves are banned
|rule|Evasion Moves Clause: Evasion moves are banned
|rule|Endless Battle Clause: Forcing endless battles is banned
|rule|HP Percentage Mod: HP is shown in percentages
|rule|Dynamax Clause: You cannot dynamax
|clearpoke
|poke|p1|Barraskewda, M|
|poke|p1|Pelipper, F|
|poke|p1|Zapdos|
|poke|p1|Tornadus-Therian, M|
|poke|p1|Swampert, M|
|poke|p1|Ludicolo, M|
|poke|p2|Tapu Lele|
|poke|p2|Toxapex, F|
|poke|p2|Ferrothorn, F|
|poke|p2|Landorus-Therian, M|
|poke|p2|Tornadus-Therian, M|
|poke|p2|Latias, F|
|teampreview
|inactive|Battle timer is ON: inactive players will automatically lose when time's up. (requested by OverloadAllius)
|
|t:|1641706221
|start
|switch|p1a: Tornadus|Tornadus-Therian, M|100/100
|switch|p2a: Lucifer|Landorus-Therian, M|100/100
|-ability|p2a: Lucifer|Intimidate|boost
|-unboost|p1a: Tornadus|atk|1
|turn|1
|
|t:|1641706227
|move|p1a: Tornadus|U-turn|p2a: Lucifer
|-resisted|p2a: Lucifer
|-damage|p2a: Lucifer|96/100
|
|t:|1641706229
|switch|p1a: Pelipper|Pelipper, F|100/100|[from]move: U-turn
|-weather|RainDance|[from] ability: Drizzle|[of] p1a: Pelipper
|move|p2a: Lucifer|Stealth Rock|p1a: Pelipper
|-sidestart|p1: OverloadAllius|move: Stealth Rock
|
|-weather|RainDance|[upkeep]
|-heal|p2a: Lucifer|100/100|[from] item: Leftovers
|upkeep
|turn|2
|
|t:|1641706233
|move|p2a: Lucifer|Knock Off|p1a: Pelipper
|-damage|p1a: Pelipper|75/100
|-enditem|p1a: Pelipper|Damp Rock|[from] move: Knock Off|[of] p2a: Lucifer
|move|p1a: Pelipper|Defog|p2a: Lucifer
|-unboost|p2a: Lucifer|evasion|1
|-sideend|p1: OverloadAllius|Stealth Rock|[from] move: Defog|[of] p1a: Pelipper
|
|-weather|RainDance|[upkeep]
|upkeep
|turn|3
|
|t:|1641706237
|move|p2a: Lucifer|Toxic|p1a: Pelipper|[miss]
|-miss|p2a: Lucifer|p1a: Pelipper
|move|p1a: Pelipper|Scald|p2a: Lucifer
|-supereffective|p2a: Lucifer
|-damage|p2a: Lucifer|39/100
|
|-weather|RainDance|[upkeep]
|-heal|p2a: Lucifer|45/100|[from] item: Leftovers
|upkeep
|turn|4
|
|t:|1641706246
|switch|p2a: Lucifer's Bff|Toxapex, F|100/100
|move|p1a: Pelipper|Scald|p2a: Lucifer's Bff
|-resisted|p2a: Lucifer's Bff
|-damage|p2a: Lucifer's Bff|88/100
|
|-weather|RainDance|[upkeep]
|upkeep
|turn|5
|
|t:|1641706252
|move|p1a: Pelipper|U-turn|p2a: Lucifer's Bff
|-resisted|p2a: Lucifer's Bff
|-damage|p2a: Lucifer's Bff|85/100
|
|t:|1641706255
|switch|p1a: Zapdos|Zapdos|100/100|[from]move: U-turn
|move|p2a: Lucifer's Bff|Knock Off|p1a: Zapdos
|-damage|p1a: Zapdos|85/100
|-enditem|p1a: Zapdos|Heavy-Duty Boots|[from] move: Knock Off|[of] p2a: Lucifer's Bff
|
|-weather|RainDance|[upkeep]
|upkeep
|turn|6
|
|t:|1641706261
|switch|p2a: Lucifer|Landorus-Therian, M|45/100
|-ability|p2a: Lucifer|Intimidate|boost
|-unboost|p1a: Zapdos|atk|1
|move|p1a: Zapdos|Thunder|p2a: Lucifer
|-immune|p2a: Lucifer
|
|-weather|RainDance|[upkeep]
|-heal|p2a: Lucifer|51/100|[from] item: Leftovers
|upkeep
|turn|7
|
|t:|1641706266
|move|p1a: Zapdos|Weather Ball|p2a: Lucifer
|-supereffective|p2a: Lucifer
|-damage|p2a: Lucifer|0 fnt
|faint|p2a: Lucifer
|
|-weather|RainDance|[upkeep]
|upkeep
|
|t:|1641706270
|switch|p2a: Playay|Tapu Lele|100/100
|-fieldstart|move: Psychic Terrain|[from] ability: Psychic Surge|[of] p2a: Playay
|turn|8
|
|t:|1641706276
|switch|p2a: Lucifer's Gf|Ferrothorn, F|100/100
|move|p1a: Zapdos|Thunder|p2a: Lucifer's Gf
|-resisted|p2a: Lucifer's Gf
|-damage|p2a: Lucifer's Gf|83/100
|-status|p2a: Lucifer's Gf|par
|
|-weather|none
|-heal|p2a: Lucifer's Gf|89/100 par|[from] item: Leftovers
|upkeep
|turn|9
|
|t:|1641706285
|switch|p1a: Pelipper|Pelipper, F|75/100
|-weather|RainDance|[from] ability: Drizzle|[of] p1a: Pelipper
|switch|p2a: Playay|Tapu Lele|100/100
|
|-weather|RainDance|[upkeep]
|upkeep
|turn|10
|
|t:|1641706291
|switch|p1a: Tornadus|Tornadus-Therian, M|100/100
|move|p2a: Playay|Psychic|p1a: Tornadus
|-damage|p1a: Tornadus|7/100
|
|-weather|RainDance|[upkeep]
|upkeep
|turn|11
|
|t:|1641706300
|switch|p2a: Lucifer's Bff|Toxapex, F|100/100
|move|p1a: Tornadus|Knock Off|p2a: Lucifer's Bff
|-damage|p2a: Lucifer's Bff|86/100
|-enditem|p2a: Lucifer's Bff|Shed Shell|[from] move: Knock Off|[of] p1a: Tornadus
|
|-weather|RainDance|[upkeep]
|upkeep
|turn|12
|
|t:|1641706304
|move|p1a: Tornadus|U-turn|p2a: Lucifer's Bff
|-resisted|p2a: Lucifer's Bff
|-damage|p2a: Lucifer's Bff|80/100
|
|t:|1641706306
|switch|p1a: Zapdos|Zapdos|85/100|[from]move: U-turn
|move|p2a: Lucifer's Bff|Knock Off|p1a: Zapdos
|-damage|p1a: Zapdos|73/100
|
|-weather|RainDance|[upkeep]
|-fieldend|move: Psychic Terrain
|upkeep
|turn|13
|
|t:|1641706313
|move|p1a: Zapdos|Thunder|p2a: Lucifer's Bff
|-supereffective|p2a: Lucifer's Bff
|-damage|p2a: Lucifer's Bff|11/100
|move|p2a: Lucifer's Bff|Scald|p1a: Zapdos
|-damage|p1a: Zapdos|41/100
|
|-weather|none
|upkeep
|turn|14
|
|t:|1641706318
|switch|p2a: Lucifer's Gf|Ferrothorn, F|89/100 par
|move|p1a: Zapdos|Hurricane|p2a: Lucifer's Gf
|-damage|p2a: Lucifer's Gf|55/100 par
|
|-heal|p2a: Lucifer's Gf|61/100 par|[from] item: Leftovers
|upkeep
|turn|15
|
|t:|1641706322
|move|p1a: Zapdos|Hurricane|p2a: Lucifer's Gf
|-damage|p2a: Lucifer's Gf|23/100 par
|move|p2a: Lucifer's Gf|Leech Seed|p1a: Zapdos
|-start|p1a: Zapdos|move: Leech Seed
|
|-heal|p2a: Lucifer's Gf|29/100 par|[from] item: Leftovers
|-damage|p1a: Zapdos|29/100|[from] Leech Seed|[of] p2a: Lucifer's Gf
|-heal|p2a: Lucifer's Gf|41/100 par|[silent]
|upkeep
|turn|16
|
|t:|1641706329
|switch|p1a: Tornadus|Tornadus-Therian, M|40/100
|move|p2a: Lucifer's Gf|Spikes|p1a: Tornadus
|-sidestart|p1: OverloadAllius|Spikes
|
|-heal|p2a: Lucifer's Gf|47/100 par|[from] item: Leftovers
|upkeep
|turn|17
|
|t:|1641706334
|move|p1a: Tornadus|Hurricane|p2a: Lucifer's Gf
|-damage|p2a: Lucifer's Gf|21/100 par
|move|p2a: Lucifer's Gf|Leech Seed|p1a: Tornadus
|-start|p1a: Tornadus|move: Leech Seed
|
|-heal|p2a: Lucifer's Gf|27/100 par|[from] item: Leftovers
|-damage|p1a: Tornadus|28/100|[from] Leech Seed|[of] p2a: Lucifer's Gf
|-heal|p2a: Lucifer's Gf|40/100 par|[silent]
|upkeep
|turn|18
|
|t:|1641706344
|move|p1a: Tornadus|U-turn|p2a: Lucifer's Gf
|-damage|p2a: Lucifer's Gf|28/100 par
|-damage|p1a: Tornadus|15/100|[from] ability: Iron Barbs|[of] p2a: Lucifer's Gf
|
|t:|1641706346
|switch|p1a: Zapdos|Zapdos|29/100|[from]move: U-turn
|move|p2a: Lucifer's Gf|Knock Off|p1a: Zapdos
|-damage|p1a: Zapdos|10/100
|
|-heal|p2a: Lucifer's Gf|34/100 par|[from] item: Leftovers
|upkeep
|turn|19
|
|t:|1641706351
|move|p1a: Zapdos|Hurricane|p2a: Lucifer's Gf
|-crit|p2a: Lucifer's Gf
|-damage|p2a: Lucifer's Gf|0 fnt
|faint|p2a: Lucifer's Gf
|
|upkeep
|
|t:|1641706355
|switch|p2a: Octe|Latias, F|100/100
|turn|20
|
|t:|1641706360
|switch|p1a: Tornadus|Tornadus-Therian, M|48/100
|move|p2a: Octe|Psyshock|p1a: Tornadus
|-damage|p1a: Tornadus|9/100
|
|upkeep
|turn|21
|
|t:|1641706366
|move|p2a: Octe|Psyshock|p1a: Tornadus
|-damage|p1a: Tornadus|0 fnt
|faint|p1a: Tornadus
|
|upkeep
|
|t:|1641706377
|switch|p1a: Pelipper|Pelipper, F|75/100
|-weather|RainDance|[from] ability: Drizzle|[of] p1a: Pelipper
|turn|22
|
|t:|1641706382
|switch|p2a: Lucifer's Bff|Toxapex, F|44/100
|move|p1a: Pelipper|Defog|p2a: Lucifer's Bff
|-unboost|p2a: Lucifer's Bff|evasion|1
|-sideend|p1: OverloadAllius|Spikes|[from] move: Defog|[of] p1a: Pelipper
|
|-weather|RainDance|[upkeep]
|upkeep
|turn|23
|
|t:|1641706386
|switch|p2a: Playay|Tapu Lele|100/100
|-fieldstart|move: Psychic Terrain|[from] ability: Psychic Surge|[of] p2a: Playay
|move|p1a: Pelipper|U-turn|p2a: Playay
|-damage|p2a: Playay|88/100
|
|t:|1641706399
|switch|p1a: Barraskewda|Barraskewda, M|100/100|[from]move: U-turn
|
|-weather|RainDance|[upkeep]
|upkeep
|turn|24
|
|t:|1641706402
|switch|p2a: Lucifer's Bff|Toxapex, F|78/100
|move|p1a: Barraskewda|Flip Turn|p2a: Lucifer's Bff
|-resisted|p2a: Lucifer's Bff
|-damage|p2a: Lucifer's Bff|51/100
|
|t:|1641706405
|switch|p1a: Zapdos|Zapdos|10/100|[from]move: Flip Turn
|
|-weather|RainDance|[upkeep]
|upkeep
|turn|25
|
|t:|1641706410
|switch|p2a: Octe|Latias, F|100/100
|move|p1a: Zapdos|Thunder|p2a: Octe
|-resisted|p2a: Octe
|-damage|p2a: Octe|76/100
|
|-weather|RainDance|[upkeep]
|upkeep
|turn|26
|
|t:|1641706419
|move|p2a: Octe|Psyshock|p1a: Zapdos
|-damage|p1a: Zapdos|0 fnt
|faint|p1a: Zapdos
|
|-weather|none
|upkeep
|
|t:|1641706424
|switch|p1a: Pelipper|Pelipper, F|75/100
|-weather|RainDance|[from] ability: Drizzle|[of] p1a: Pelipper
|turn|27
|
|t:|1641706430
|switch|p2a: Playay|Tapu Lele|88/100
|move|p1a: Pelipper|U-turn|p2a: Playay
|-damage|p2a: Playay|75/100
|
|t:|1641706440
|switch|p1a: Barraskewda|Barraskewda, M|100/100|[from]move: U-turn
|
|-weather|RainDance|[upkeep]
|-fieldend|move: Psychic Terrain
|upkeep
|turn|28
|
|t:|1641706448
|switch|p2a: Lucifer's Bff|Toxapex, F|84/100
|move|p1a: Barraskewda|Liquidation|p2a: Lucifer's Bff
|-resisted|p2a: Lucifer's Bff
|-damage|p2a: Lucifer's Bff|43/100
|
|-weather|RainDance|[upkeep]
|upkeep
|turn|29
|
|t:|1641706457
|move|p1a: Barraskewda|Liquidation|p2a: Lucifer's Bff
|-resisted|p2a: Lucifer's Bff
|-damage|p2a: Lucifer's Bff|3/100
|-unboost|p2a: Lucifer's Bff|def|1
|move|p2a: Lucifer's Bff|Knock Off|p1a: Barraskewda
|-damage|p1a: Barraskewda|74/100
|-enditem|p1a: Barraskewda|Choice Band|[from] move: Knock Off|[of] p2a: Lucifer's Bff
|
|-weather|RainDance|[upkeep]
|upkeep
|turn|30
|
|t:|1641706465
|switch|p2a: Lucifer's Foe|Tornadus-Therian, M|100/100
|move|p1a: Barraskewda|Liquidation|p2a: Lucifer's Foe
|-damage|p2a: Lucifer's Foe|30/100
|-unboost|p2a: Lucifer's Foe|def|1
|
|-weather|RainDance|[upkeep]
|upkeep
|turn|31
|
|t:|1641706471
|move|p1a: Barraskewda|Liquidation|p2a: Lucifer's Foe
|-damage|p2a: Lucifer's Foe|0 fnt
|faint|p2a: Lucifer's Foe
|
|-weather|none
|upkeep
|
|t:|1641706476
|switch|p2a: Octe|Latias, F|76/100
|turn|32
|
|t:|1641706481
|switch|p1a: Pelipper|Pelipper, F|75/100
|-weather|RainDance|[from] ability: Drizzle|[of] p1a: Pelipper
|move|p2a: Octe|Psyshock|p1a: Pelipper
|-damage|p1a: Pelipper|45/100
|
|-weather|RainDance|[upkeep]
|upkeep
|turn|33
|
|t:|1641706485
|move|p2a: Octe|Psyshock|p1a: Pelipper
|-damage|p1a: Pelipper|17/100
|move|p1a: Pelipper|U-turn|p2a: Octe
|-supereffective|p2a: Octe
|-damage|p2a: Octe|56/100
|
|t:|1641706494
|switch|p1a: Ludicolo|Ludicolo, M|100/100|[from]move: U-turn
|
|-weather|RainDance|[upkeep]
|upkeep
|turn|34
|
|t:|1641706498
|switch|p2a: Lucifer's Bff|Toxapex, F|37/100
|move|p1a: Ludicolo|Ice Beam|p2a: Lucifer's Bff
|-resisted|p2a: Lucifer's Bff
|-damage|p2a: Lucifer's Bff|25/100
|-damage|p1a: Ludicolo|91/100|[from] item: Life Orb
|
|-weather|RainDance|[upkeep]
|upkeep
|turn|35
|
|t:|1641706504
|switch|p2a: Playay|Tapu Lele|75/100
|-fieldstart|move: Psychic Terrain|[from] ability: Psychic Surge|[of] p2a: Playay
|move|p1a: Ludicolo|Giga Drain|p2a: Playay
|-damage|p2a: Playay|29/100
|-heal|p1a: Ludicolo|100/100|[from] drain|[of] p2a: Playay
|-damage|p1a: Ludicolo|91/100|[from] item: Life Orb
|
|-weather|RainDance|[upkeep]
|upkeep
|turn|36
|
|t:|1641706510
|switch|p2a: Lucifer's Bff|Toxapex, F|59/100
|move|p1a: Ludicolo|Giga Drain|p2a: Lucifer's Bff
|-damage|p2a: Lucifer's Bff|27/100
|-heal|p1a: Ludicolo|100/100|[from] drain|[of] p2a: Lucifer's Bff
|-damage|p1a: Ludicolo|91/100|[from] item: Life Orb
|
|-weather|none
|upkeep
|turn|37
|
|t:|1641706516
|switch|p2a: Octe|Latias, F|56/100
|move|p1a: Ludicolo|Giga Drain|p2a: Octe
|-resisted|p2a: Octe
|-damage|p2a: Octe|36/100
|-heal|p1a: Ludicolo|100/100|[from] drain|[of] p2a: Octe
|-damage|p1a: Ludicolo|91/100|[from] item: Life Orb
|
|upkeep
|turn|38
|
|t:|1641706519
|switch|p1a: Pelipper|Pelipper, F|17/100
|-weather|RainDance|[from] ability: Drizzle|[of] p1a: Pelipper
|move|p2a: Octe|Draco Meteor|p1a: Pelipper
|-damage|p1a: Pelipper|0 fnt
|-unboost|p2a: Octe|spa|2
|faint|p1a: Pelipper
|
|-weather|RainDance|[upkeep]
|upkeep
|
|t:|1641706523
|switch|p1a: Ludicolo|Ludicolo, M|91/100
|turn|39
|
|t:|1641706527
|switch|p2a: Playay|Tapu Lele|29/100
|move|p1a: Ludicolo|Giga Drain|p2a: Playay
|-damage|p2a: Playay|0 fnt
|-heal|p1a: Ludicolo|100/100|[from] drain|[of] p2a: Playay
|faint|p2a: Playay
|-damage|p1a: Ludicolo|91/100|[from] item: Life Orb
|
|-weather|RainDance|[upkeep]
|-fieldend|move: Psychic Terrain
|upkeep
|
|t:|1641706531
|switch|p2a: Lucifer's Bff|Toxapex, F|61/100
|turn|40
|
|t:|1641706534
|move|p1a: Ludicolo|Giga Drain|p2a: Lucifer's Bff
|-damage|p2a: Lucifer's Bff|33/100
|-heal|p1a: Ludicolo|100/100|[from] drain|[of] p2a: Lucifer's Bff
|-damage|p1a: Ludicolo|91/100|[from] item: Life Orb
|move|p2a: Lucifer's Bff|Recover|p2a: Lucifer's Bff
|-heal|p2a: Lucifer's Bff|83/100
|
|-weather|RainDance|[upkeep]
|upkeep
|turn|41
|
|t:|1641706544
|switch|p1a: Barraskewda|Barraskewda, M|74/100
|move|p2a: Lucifer's Bff|Recover|p2a: Lucifer's Bff
|-heal|p2a: Lucifer's Bff|100/100
|
|-weather|RainDance|[upkeep]
|upkeep
|turn|42
|
|t:|1641706547
|move|p1a: Barraskewda|Psychic Fangs|p2a: Lucifer's Bff
|-supereffective|p2a: Lucifer's Bff
|-damage|p2a: Lucifer's Bff|53/100
|move|p2a: Lucifer's Bff|Scald|p1a: Barraskewda
|-resisted|p1a: Barraskewda
|-damage|p1a: Barraskewda|45/100
|-status|p1a: Barraskewda|brn
|
|-weather|none
|-damage|p1a: Barraskewda|39/100 brn|[from] brn
|upkeep
|turn|43
|
|t:|1641706552
|move|p1a: Barraskewda|Psychic Fangs|p2a: Lucifer's Bff
|-supereffective|p2a: Lucifer's Bff
|-damage|p2a: Lucifer's Bff|32/100
|move|p2a: Lucifer's Bff|Recover|p2a: Lucifer's Bff
|-heal|p2a: Lucifer's Bff|82/100
|
|-damage|p1a: Barraskewda|33/100 brn|[from] brn
|upkeep
|turn|44
|
|t:|1641706560
|move|p1a: Barraskewda|Liquidation|p2a: Lucifer's Bff
|-resisted|p2a: Lucifer's Bff
|-damage|p2a: Lucifer's Bff|74/100
|move|p2a: Lucifer's Bff|Knock Off|p1a: Barraskewda
|-damage|p1a: Barraskewda|13/100 brn
|
|-damage|p1a: Barraskewda|7/100 brn|[from] brn
|upkeep
|turn|45
|
|t:|1641706566
|move|p1a: Barraskewda|Psychic Fangs|p2a: Lucifer's Bff
|-supereffective|p2a: Lucifer's Bff
|-damage|p2a: Lucifer's Bff|51/100
|move|p2a: Lucifer's Bff|Recover|p2a: Lucifer's Bff
|-heal|p2a: Lucifer's Bff|100/100
|
|-damage|p1a: Barraskewda|1/100 brn|[from] brn
|upkeep
|turn|46
|
|t:|1641706570
|move|p1a: Barraskewda|Psychic Fangs|p2a: Lucifer's Bff
|-supereffective|p2a: Lucifer's Bff
|-damage|p2a: Lucifer's Bff|79/100
|move|p2a: Lucifer's Bff|Scald|p1a: Barraskewda
|-resisted|p1a: Barraskewda
|-damage|p1a: Barraskewda|0 fnt
|faint|p1a: Barraskewda
|
|upkeep
|
|t:|1641706574
|switch|p1a: Swampert|Swampert, M|100/100
|turn|47
|
|t:|1641706577
|switch|p2a: Octe|Latias, F|36/100
|move|p1a: Swampert|Earthquake|p2a: Octe
|-immune|p2a: Octe|[from] ability: Levitate
|
|upkeep
|turn|48
|
|t:|1641706581
|move|p2a: Octe|Draco Meteor|p1a: Swampert
|-damage|p1a: Swampert|59/100
|-unboost|p2a: Octe|spa|2
|move|p1a: Swampert|Flip Turn|p2a: Octe
|-resisted|p2a: Octe
|-damage|p2a: Octe|23/100
|
|t:|1641706583
|switch|p1a: Ludicolo|Ludicolo, M|91/100|[from]move: Flip Turn
|
|upkeep
|turn|49
|
|t:|1641706588
|switch|p2a: Lucifer's Bff|Toxapex, F|100/100
|switch|p1a: Swampert|Swampert, M|59/100
|
|-heal|p1a: Swampert|65/100|[from] item: Leftovers
|upkeep
|turn|50
|
|t:|1641706592
|move|p1a: Swampert|Earthquake|p2a: Lucifer's Bff
|-supereffective|p2a: Lucifer's Bff
|-damage|p2a: Lucifer's Bff|43/100
|move|p2a: Lucifer's Bff|Knock Off|p1a: Swampert
|-damage|p1a: Swampert|52/100
|-enditem|p1a: Swampert|Leftovers|[from] move: Knock Off|[of] p2a: Lucifer's Bff
|
|upkeep
|turn|51
|
|t:|1641706600
|switch|p2a: Octe|Latias, F|23/100
|move|p1a: Swampert|Flip Turn|p2a: Octe
|-resisted|p2a: Octe
|-damage|p2a: Octe|10/100
|
|t:|1641706602
|switch|p1a: Ludicolo|Ludicolo, M|91/100|[from]move: Flip Turn
|
|upkeep
|turn|52
|
|t:|1641706609
|move|p2a: Octe|Draco Meteor|p1a: Ludicolo
|-crit|p1a: Ludicolo
|-damage|p1a: Ludicolo|0 fnt
|-unboost|p2a: Octe|spa|2
|faint|p1a: Ludicolo
|
|upkeep
|
|t:|1641706611
|switch|p1a: Swampert|Swampert, M|52/100
|turn|53
|
|t:|1641706616
|switch|p2a: Lucifer's Bff|Toxapex, F|76/100
|move|p1a: Swampert|Flip Turn|p2a: Lucifer's Bff
|-resisted|p2a: Lucifer's Bff
|-damage|p2a: Lucifer's Bff|68/100
|
|upkeep
|turn|54
|
|t:|1641706630
|switch|p2a: Octe|Latias, F|10/100
|move|p1a: Swampert|Stealth Rock|p2a: Octe
|-sidestart|p2: Mystical Eonis|move: Stealth Rock
|
|upkeep
|turn|55
|
|t:|1641706635
|move|p2a: Octe|Draco Meteor|p1a: Swampert
|-crit|p1a: Swampert
|-damage|p1a: Swampert|0 fnt
|-unboost|p2a: Octe|spa|2
|faint|p1a: Swampert
|
|win|Mystical Eonis
|raw|OverloadAllius's rating: 1452 &rarr; <strong>1433</strong><br />(-19 for losing)
|raw|Mystical Eonis's rating: 1464 &rarr; <strong>1483</strong><br />(+19 for winning)
|l|☆OverloadAllius
|c|☆Mystical Eonis|gg
|j| GW
|l|☆Mystical Eonis
|j|☆Mystical Eonis
|player|p2|Mystical Eonis|cynthia
|l| GW
