|j|☆ReaperGG
|j|☆Bunnyhop 54
|t:|1641853340
|gametype|singles
|player|p1|ReaperGG|li|1072
|player|p2|Bunnyhop 54|1|1044
|teamsize|p1|6
|teamsize|p2|6
|gen|8
|tier|[Gen 8] OU
|rated|
|rule|Sleep Clause Mod: Limit one foe put to sleep
|rule|Species Clause: Limit one of each Pokémon
|rule|OHKO Clause: OHKO moves are banned
|rule|Evasion Moves Clause: Evasion moves are banned
|rule|Endless Battle Clause: Forcing endless battles is banned
|rule|HP Percentage Mod: HP is shown in percentages
|rule|Dynamax Clause: You cannot dynamax
|clearpoke
|poke|p1|Mamoswine, F|
|poke|p1|Ninetales-Alola, M|
|poke|p1|Blissey, F|
|poke|p1|Sandslash-Alola, F|
|poke|p1|Arctovish|
|poke|p1|Slowbro, M|
|poke|p2|Rillaboom, M|
|poke|p2|Celesteela|
|poke|p2|Regieleki|
|poke|p2|Blissey, F|
|poke|p2|Primarina, F|
|poke|p2|Dragapult, M|
|teampreview
|inactive|Battle timer is ON: inactive players will automatically lose when time's up. (requested by ReaperGG)
|
|t:|1641853348
|start
|switch|p1a: Ninetales|Ninetales-Alola, M, shiny|100/100
|switch|p2a: Blissey|Blissey, F|100/100
|-weather|Hail|[from] ability: Snow Warning|[of] p1a: Ninetales
|turn|1
|
|t:|1641853358
|move|p1a: Ninetales|Aurora Veil|p1a: Ninetales
|-sidestart|p1: ReaperGG|move: Aurora Veil
|move|p2a: Blissey|Stealth Rock|p1a: Ninetales
|-sidestart|p1: ReaperGG|move: Stealth Rock
|
|-weather|Hail|[upkeep]
|-damage|p2a: Blissey|94/100|[from] Hail
|upkeep
|turn|2
|
|t:|1641853374
|switch|p1a: Sandslash|Sandslash-Alola, F, shiny|100/100
|-damage|p1a: Sandslash|88/100|[from] Stealth Rock
|move|p2a: Blissey|Toxic|p1a: Sandslash
|-immune|p1a: Sandslash
|
|-weather|Hail|[upkeep]
|-damage|p2a: Blissey|88/100|[from] Hail
|upkeep
|turn|3
|
|t:|1641853393
|switch|p2a: Celesteela|Celesteela|100/100
|move|p1a: Sandslash|Brick Break|p2a: Celesteela
|-damage|p2a: Celesteela|83/100
|
|-weather|Hail|[upkeep]
|-damage|p2a: Celesteela|77/100|[from] Hail
|upkeep
|turn|4
|
|t:|1641853405
|switch|p1a: Slowbro|Slowbro, M|100/100
|-damage|p1a: Slowbro|88/100|[from] Stealth Rock
|move|p2a: Celesteela|Flamethrower|p1a: Slowbro
|-resisted|p1a: Slowbro
|-damage|p1a: Slowbro|80/100
|
|-weather|Hail|[upkeep]
|-damage|p2a: Celesteela|71/100|[from] Hail
|-damage|p1a: Slowbro|74/100|[from] Hail
|-heal|p1a: Slowbro|80/100|[from] item: Leftovers
|upkeep
|turn|5
|
|t:|1641853426
|move|p2a: Celesteela|Autotomize|p2a: Celesteela
|-boost|p2a: Celesteela|spe|2
|-start|p2a: Celesteela|Autotomize
|move|p1a: Slowbro|Thunder Wave|p2a: Celesteela
|-status|p2a: Celesteela|par
|
|-weather|Hail|[upkeep]
|-damage|p2a: Celesteela|65/100 par|[from] Hail
|-damage|p1a: Slowbro|74/100|[from] Hail
|-heal|p1a: Slowbro|80/100|[from] item: Leftovers
|-sideend|p1: ReaperGG|move: Aurora Veil
|upkeep
|turn|6
|
|t:|1641853440
|move|p2a: Celesteela|Meteor Beam||[still]
|-prepare|p2a: Celesteela|Meteor Beam
|-boost|p2a: Celesteela|spa|1
|-enditem|p2a: Celesteela|Power Herb
|-anim|p2a: Celesteela|Meteor Beam|p1a: Slowbro
|-damage|p1a: Slowbro|21/100
|move|p1a: Slowbro|Psychic|p2a: Celesteela
|-resisted|p2a: Celesteela
|-damage|p2a: Celesteela|52/100 par
|
|-weather|Hail|[upkeep]
|-damage|p2a: Celesteela|45/100 par|[from] Hail
|-damage|p1a: Slowbro|15/100|[from] Hail
|-heal|p1a: Slowbro|21/100|[from] item: Leftovers
|upkeep
|turn|7
|
|t:|1641853454
|move|p2a: Celesteela|Air Slash|p1a: Slowbro
|-damage|p1a: Slowbro|0 fnt
|faint|p1a: Slowbro
|-ability|p2a: Celesteela|Beast Boost|boost
|-boost|p2a: Celesteela|spa|1
|
|-weather|Hail|[upkeep]
|-damage|p2a: Celesteela|39/100 par|[from] Hail
|upkeep
|
|t:|1641853471
|switch|p1a: Arctovish|Arctovish|100/100
|-damage|p1a: Arctovish|75/100|[from] Stealth Rock
|turn|8
|
|t:|1641853476
|move|p2a: Celesteela|Air Slash|p1a: Arctovish
|-damage|p1a: Arctovish|5/100
|move|p1a: Arctovish|Iron Defense|p1a: Arctovish
|-boost|p1a: Arctovish|def|2
|
|-weather|none
|-heal|p1a: Arctovish|11/100|[from] item: Leftovers
|upkeep
|turn|9
|
|t:|1641853484
|cant|p2a: Celesteela|par
|move|p1a: Arctovish|Crunch|p2a: Celesteela
|-crit|p2a: Celesteela
|-damage|p2a: Celesteela|11/100 par
|
|-heal|p1a: Arctovish|18/100|[from] item: Leftovers
|upkeep
|turn|10
|
|t:|1641853492
|cant|p2a: Celesteela|par
|move|p1a: Arctovish|Crunch|p2a: Celesteela
|-damage|p2a: Celesteela|0 fnt
|faint|p2a: Celesteela
|
|-heal|p1a: Arctovish|24/100|[from] item: Leftovers
|upkeep
|
|t:|1641853501
|switch|p2a: Regieleki|Regieleki|100/100
|turn|11
|
|t:|1641853506
|switch|p1a: Blissey|Blissey, F|100/100
|-damage|p1a: Blissey|88/100|[from] Stealth Rock
|move|p2a: Regieleki|Substitute|p2a: Regieleki
|-start|p2a: Regieleki|Substitute
|-damage|p2a: Regieleki|76/100
|
|upkeep
|turn|12
|
|t:|1641853516
|move|p2a: Regieleki|Thunderbolt|p1a: Blissey
|-damage|p1a: Blissey|66/100
|move|p1a: Blissey|Hail|p1a: Blissey
|-weather|Hail
|
|-weather|Hail|[upkeep]
|-damage|p2a: Regieleki|70/100|[from] Hail
|-damage|p1a: Blissey|60/100|[from] Hail
|upkeep
|turn|13
|
|t:|1641853530
|switch|p1a: Mamoswine|Mamoswine, F|100/100
|-damage|p1a: Mamoswine|88/100|[from] Stealth Rock
|move|p2a: Regieleki|Thunderbolt|p1a: Mamoswine
|-immune|p1a: Mamoswine
|
|-weather|Hail|[upkeep]
|-damage|p2a: Regieleki|64/100|[from] Hail
|-heal|p1a: Mamoswine|94/100|[from] item: Leftovers
|upkeep
|turn|14
|
|t:|1641853541
|move|p2a: Regieleki|Extreme Speed|p1a: Mamoswine
|-damage|p1a: Mamoswine|82/100
|move|p1a: Mamoswine|Curse|p1a: Mamoswine
|-unboost|p1a: Mamoswine|spe|1
|-boost|p1a: Mamoswine|atk|1
|-boost|p1a: Mamoswine|def|1
|
|-weather|Hail|[upkeep]
|-damage|p2a: Regieleki|58/100|[from] Hail
|-heal|p1a: Mamoswine|88/100|[from] item: Leftovers
|upkeep
|turn|15
|
|t:|1641853556
|switch|p2a: Rillaboom|Rillaboom, M|100/100
|-fieldstart|move: Grassy Terrain|[from] ability: Grassy Surge|[of] p2a: Rillaboom
|move|p1a: Mamoswine|Curse|p1a: Mamoswine
|-unboost|p1a: Mamoswine|spe|1
|-boost|p1a: Mamoswine|atk|1
|-boost|p1a: Mamoswine|def|1
|
|-weather|Hail|[upkeep]
|-damage|p2a: Rillaboom|94/100|[from] Hail
|-heal|p2a: Rillaboom|100/100|[from] Grassy Terrain
|-heal|p1a: Mamoswine|94/100|[from] Grassy Terrain
|-heal|p1a: Mamoswine|99/100|[from] item: Leftovers
|upkeep
|turn|16
|
|t:|1641853571
|move|p2a: Rillaboom|Fake Out|p1a: Mamoswine
|-damage|p1a: Mamoswine|94/100
|cant|p1a: Mamoswine|flinch
|
|-weather|Hail|[upkeep]
|-damage|p2a: Rillaboom|94/100|[from] Hail
|-heal|p2a: Rillaboom|100/100|[from] Grassy Terrain
|-heal|p1a: Mamoswine|100/100|[from] Grassy Terrain
|upkeep
|turn|17
|
|t:|1641853585
|move|p1a: Mamoswine|Ice Shard|p2a: Rillaboom
|-supereffective|p2a: Rillaboom
|-damage|p2a: Rillaboom|16/100
|move|p2a: Rillaboom|U-turn|p1a: Mamoswine
|-damage|p1a: Mamoswine|92/100
|
|t:|1641853590
|switch|p2a: Primarina|Primarina, F|100/100|[from]move: U-turn
|
|-weather|Hail|[upkeep]
|-damage|p2a: Primarina|94/100|[from] Hail
|-heal|p2a: Primarina|100/100|[from] Grassy Terrain
|-heal|p1a: Mamoswine|98/100|[from] Grassy Terrain
|-heal|p1a: Mamoswine|100/100|[from] item: Leftovers
|upkeep
|turn|18
|
|t:|1641853605
|move|p2a: Primarina|Perish Song|p2a: Primarina
|-start|p1a: Mamoswine|perish3|[silent]
|-start|p2a: Primarina|perish3|[silent]
|-fieldactivate|move: Perish Song
|move|p1a: Mamoswine|Heavy Slam|p2a: Primarina
|-damage|p2a: Primarina|7/100
|
|-weather|Hail|[upkeep]
|-damage|p2a: Primarina|0 fnt|[from] Hail
|faint|p2a: Primarina
|-start|p1a: Mamoswine|perish3
|upkeep
|
|t:|1641853615
|switch|p2a: Dragapult|Dragapult, M|100/100
|turn|19
|
|t:|1641853621
|move|p2a: Dragapult|Protect|p2a: Dragapult
|-singleturn|p2a: Dragapult|Protect
|move|p1a: Mamoswine|Ice Shard|p2a: Dragapult
|-activate|p2a: Dragapult|move: Protect
|
|-weather|none
|-start|p1a: Mamoswine|perish2
|-fieldend|move: Grassy Terrain
|upkeep
|turn|20
|
|t:|1641853632
|switch|p1a: Ninetales|Ninetales-Alola, M, shiny|100/100
|-damage|p1a: Ninetales|76/100|[from] Stealth Rock
|-weather|Hail|[from] ability: Snow Warning|[of] p1a: Ninetales
|move|p2a: Dragapult|Phantom Force||[still]
|-prepare|p2a: Dragapult|Phantom Force
|
|-weather|Hail|[upkeep]
|-damage|p2a: Dragapult|95/100|[from] Hail
|upkeep
|turn|21
|
|t:|1641853647
|move|p2a: Dragapult|Phantom Force|p1a: Ninetales|[from]lockedmove
|-damage|p1a: Ninetales|25/100
|move|p1a: Ninetales|Aurora Veil|p1a: Ninetales
|-sidestart|p1: ReaperGG|move: Aurora Veil
|
|-weather|Hail|[upkeep]
|-damage|p2a: Dragapult|89/100|[from] Hail
|upkeep
|turn|22
|
|t:|1641853659
|move|p2a: Dragapult|Phantom Force||[still]
|-prepare|p2a: Dragapult|Phantom Force
|move|p1a: Ninetales|Moonblast|p2a: Dragapult|[miss]
|-miss|p1a: Ninetales|p2a: Dragapult
|
|-weather|Hail|[upkeep]
|-damage|p2a: Dragapult|83/100|[from] Hail
|upkeep
|turn|23
|
|t:|1641853667
|move|p2a: Dragapult|Phantom Force|p1a: Ninetales|[from]lockedmove
|-damage|p1a: Ninetales|0 fnt
|faint|p1a: Ninetales
|
|-weather|Hail|[upkeep]
|-damage|p2a: Dragapult|77/100|[from] Hail
|upkeep
|
|t:|1641853673
|switch|p1a: Sandslash|Sandslash-Alola, F, shiny|88/100
|-damage|p1a: Sandslash|76/100|[from] Stealth Rock
|turn|24
|
|t:|1641853679
|move|p1a: Sandslash|Triple Axel|p2a: Dragapult|[miss]
|-miss|p1a: Sandslash|p2a: Dragapult
|move|p2a: Dragapult|Dragon Dance|p2a: Dragapult
|-boost|p2a: Dragapult|atk|1
|-boost|p2a: Dragapult|spe|1
|
|-weather|Hail|[upkeep]
|-damage|p2a: Dragapult|71/100|[from] Hail
|upkeep
|turn|25
|
|t:|1641853688
|move|p2a: Dragapult|Phantom Force||[still]
|-prepare|p2a: Dragapult|Phantom Force
|move|p1a: Sandslash|Triple Axel|p2a: Dragapult|[miss]
|-miss|p1a: Sandslash|p2a: Dragapult
|
|-weather|Hail|[upkeep]
|-damage|p2a: Dragapult|65/100|[from] Hail
|-sideend|p1: ReaperGG|move: Aurora Veil
|upkeep
|turn|26
|
|t:|1641853697
|move|p2a: Dragapult|Phantom Force|p1a: Sandslash|[from]lockedmove
|-damage|p1a: Sandslash|4/100
|move|p1a: Sandslash|Triple Axel|p2a: Dragapult
|-supereffective|p2a: Dragapult
|-damage|p2a: Dragapult|35/100
|-enditem|p2a: Dragapult|Weakness Policy
|-boost|p2a: Dragapult|atk|2|[from] item: Weakness Policy
|-boost|p2a: Dragapult|spa|2|[from] item: Weakness Policy
|-supereffective|p2a: Dragapult
|-damage|p2a: Dragapult|0 fnt
|faint|p2a: Dragapult
|-hitcount|p2: Dragapult|2
|
|-weather|Hail|[upkeep]
|upkeep
|
|t:|1641853711
|switch|p2a: Rillaboom|Rillaboom, M|16/100
|-fieldstart|move: Grassy Terrain|[from] ability: Grassy Surge|[of] p2a: Rillaboom
|turn|27
|
|t:|1641853717
|move|p2a: Rillaboom|Fake Out|p1a: Sandslash
|-resisted|p1a: Sandslash
|-damage|p1a: Sandslash|0 fnt
|faint|p1a: Sandslash
|
|-weather|none
|-heal|p2a: Rillaboom|22/100|[from] Grassy Terrain
|upkeep
|
|t:|1641853725
|switch|p1a: Blissey|Blissey, F|60/100
|-damage|p1a: Blissey|47/100|[from] Stealth Rock
|turn|28
|
|t:|1641853737
|move|p2a: Rillaboom|Wood Hammer|p1a: Blissey
|-damage|p1a: Blissey|0 fnt
|faint|p1a: Blissey
|-damage|p2a: Rillaboom|0 fnt|[from] Recoil
|faint|p2a: Rillaboom
|
|upkeep
|
|t:|1641853745
|switch|p2a: Blissey|Blissey, F|88/100
|switch|p1a: Mamoswine|Mamoswine, F|100/100
|-damage|p1a: Mamoswine|88/100|[from] Stealth Rock
|turn|29
|
|t:|1641853754
|move|p1a: Mamoswine|Curse|p1a: Mamoswine
|-unboost|p1a: Mamoswine|spe|1
|-boost|p1a: Mamoswine|atk|1
|-boost|p1a: Mamoswine|def|1
|move|p2a: Blissey|Toxic|p1a: Mamoswine
|-status|p1a: Mamoswine|tox
|
|-heal|p2a: Blissey|94/100|[from] Grassy Terrain
|-heal|p1a: Mamoswine|94/100 tox|[from] Grassy Terrain
|-heal|p1a: Mamoswine|99/100 tox|[from] item: Leftovers
|-damage|p1a: Mamoswine|94/100 tox|[from] psn
|upkeep
|turn|30
|
|t:|1641853767
|move|p2a: Blissey|Seismic Toss|p1a: Mamoswine
|-damage|p1a: Mamoswine|71/100 tox
|move|p1a: Mamoswine|Curse|p1a: Mamoswine
|-unboost|p1a: Mamoswine|spe|1
|-boost|p1a: Mamoswine|atk|1
|-boost|p1a: Mamoswine|def|1
|
|-heal|p2a: Blissey|100/100|[from] Grassy Terrain
|-heal|p1a: Mamoswine|77/100 tox|[from] Grassy Terrain
|-heal|p1a: Mamoswine|83/100 tox|[from] item: Leftovers
|-damage|p1a: Mamoswine|71/100 tox|[from] psn
|upkeep
|turn|31
|
|t:|1641853780
|move|p2a: Blissey|Seismic Toss|p1a: Mamoswine
|-damage|p1a: Mamoswine|47/100 tox
|move|p1a: Mamoswine|Curse|p1a: Mamoswine
|-unboost|p1a: Mamoswine|spe|1
|-boost|p1a: Mamoswine|atk|1
|-boost|p1a: Mamoswine|def|1
|
|-heal|p1a: Mamoswine|53/100 tox|[from] Grassy Terrain
|-heal|p1a: Mamoswine|59/100 tox|[from] item: Leftovers
|-damage|p1a: Mamoswine|41/100 tox|[from] psn
|-fieldend|move: Grassy Terrain
|upkeep
|turn|32
|
|t:|1641853793
|move|p2a: Blissey|Soft-Boiled||[still]
|-fail|p2a: Blissey|heal
|move|p1a: Mamoswine|Earthquake|p2a: Blissey
|-damage|p2a: Blissey|3/100
|
|-heal|p1a: Mamoswine|47/100 tox|[from] item: Leftovers
|-damage|p1a: Mamoswine|22/100 tox|[from] psn
|upkeep
|turn|33
|
|t:|1641853802
|move|p1a: Mamoswine|Ice Shard|p2a: Blissey
|-damage|p2a: Blissey|0 fnt
|faint|p2a: Blissey
|
|-heal|p1a: Mamoswine|29/100 tox|[from] item: Leftovers
|-damage|p1a: Mamoswine|0 fnt|[from] psn
|faint|p1a: Mamoswine
|upkeep
|
|t:|1641853818
|switch|p1a: Arctovish|Arctovish|24/100
|switch|p2a: Regieleki|Regieleki|58/100
|-damage|p1a: Arctovish|0 fnt|[from] Stealth Rock
|faint|p1a: Arctovish
|
|win|Bunnyhop 54
|raw|ReaperGG's rating: 1072 &rarr; <strong>1050</strong><br />(-22 for losing)
|raw|Bunnyhop 54's rating: 1044 &rarr; <strong>1080</strong><br />(+36 for winning)
|l|☆ReaperGG
||Ladder isn't responding, score probably updated but might not have (Request timeout).
