|j|☆Kalin0712
|j|☆FlabberCyber
|t:|1641827385
|gametype|singles
|player|p1|Kalin0712|steven|1098
|player|p2|FlabberCyber|101|1073
|teamsize|p1|6
|teamsize|p2|6
|gen|8
|tier|[Gen 8] OU
|rated|
|rule|Sleep Clause Mod: Limit one foe put to sleep
|rule|Species Clause: Limit one of each Pokémon
|rule|OHKO Clause: OHKO moves are banned
|rule|Evasion Moves Clause: Evasion moves are banned
|rule|Endless Battle Clause: Forcing endless battles is banned
|rule|HP Percentage Mod: HP is shown in percentages
|rule|Dynamax Clause: You cannot dynamax
|clearpoke
|poke|p1|Pelipper, F|
|poke|p1|Drednaw, F|
|poke|p1|Whimsicott, F|
|poke|p1|Dragapult, F|
|poke|p1|Excadrill, F|
|poke|p1|Togekiss, M|
|poke|p2|Clefable, F|
|poke|p2|Magnezone|
|poke|p2|Tornadus-Therian, M|
|poke|p2|Slowking-Galar, M|
|poke|p2|Garchomp, M|
|poke|p2|Blaziken, M|
|teampreview
|
|t:|1641827401
|start
|switch|p1a: Pelipper|Pelipper, F|100/100
|switch|p2a: Tornadus|Tornadus-Therian, M|100/100
|-weather|RainDance|[from] ability: Drizzle|[of] p1a: Pelipper
|turn|1
|
|t:|1641827410
|move|p2a: Tornadus|Knock Off|p1a: Pelipper
|-damage|p1a: Pelipper|79/100
|-enditem|p1a: Pelipper|Choice Specs|[from] move: Knock Off|[of] p2a: Tornadus
|move|p1a: Pelipper|Hurricane|p2a: Tornadus
|-damage|p2a: Tornadus|52/100
|-start|p2a: Tornadus|confusion
|
|-weather|RainDance|[upkeep]
|upkeep
|turn|2
|
|t:|1641827425
|switch|p2a: Magnezone|Magnezone|100/100
|move|p1a: Pelipper|Hurricane|p2a: Magnezone
|-resisted|p2a: Magnezone
|-damage|p2a: Magnezone|85/100
|
|-weather|RainDance|[upkeep]
|-heal|p2a: Magnezone|91/100|[from] item: Leftovers
|upkeep
|turn|3
|
|t:|1641827434
|switch|p1a: Excadrill|Excadrill, F|100/100
|-ability|p1a: Excadrill|Mold Breaker
|move|p2a: Magnezone|Toxic|p1a: Excadrill
|-immune|p1a: Excadrill
|
|-weather|RainDance|[upkeep]
|-heal|p2a: Magnezone|97/100|[from] item: Leftovers
|upkeep
|turn|4
|
|t:|1641827444
|switch|p2a: Tornadus|Tornadus-Therian, M|85/100
|move|p1a: Excadrill|Earthquake|p2a: Tornadus
|-immune|p2a: Tornadus
|
|-weather|RainDance|[upkeep]
|upkeep
|turn|5
|
|t:|1641827454
|move|p2a: Tornadus|Knock Off|p1a: Excadrill
|-damage|p1a: Excadrill|73/100
|-enditem|p1a: Excadrill|Focus Sash|[from] move: Knock Off|[of] p2a: Tornadus
|move|p1a: Excadrill|Rock Tomb|p2a: Tornadus
|-supereffective|p2a: Tornadus
|-damage|p2a: Tornadus|38/100
|-unboost|p2a: Tornadus|spe|1
|
|-weather|none
|upkeep
|turn|6
|
|t:|1641827472
|switch|p2a: Garchomp|Garchomp, M|100/100
|move|p1a: Excadrill|Rock Tomb|p2a: Garchomp
|-resisted|p2a: Garchomp
|-damage|p2a: Garchomp|91/100
|-unboost|p2a: Garchomp|spe|1
|
|-heal|p2a: Garchomp|97/100|[from] item: Leftovers
|upkeep
|turn|7
|
|t:|1641827483
|switch|p1a: Togekiss|Togekiss, M|100/100
|move|p2a: Garchomp|Protect||[still]
|-fail|p2a: Garchomp
|
|-heal|p2a: Garchomp|100/100|[from] item: Leftovers
|upkeep
|turn|8
|
|t:|1641827497
|switch|p2a: Slowking|Slowking-Galar, M|100/100
|move|p1a: Togekiss|Dazzling Gleam|p2a: Slowking
|-resisted|p2a: Slowking
|-damage|p2a: Slowking|93/100
|
|upkeep
|turn|9
|
|t:|1641827510
|switch|p1a: Dragapult|Dragapult, F|100/100
|move|p2a: Slowking|Ice Beam|p1a: Dragapult
|-supereffective|p1a: Dragapult
|-damage|p1a: Dragapult|32/100
|
|upkeep
|turn|10
|
|t:|1641827518
|move|p1a: Dragapult|Phantom Force||[still]
|-prepare|p1a: Dragapult|Phantom Force
|move|p2a: Slowking|Ice Beam|p1a: Dragapult|[miss]
|-miss|p2a: Slowking|p1a: Dragapult
|
|upkeep
|turn|11
|
|t:|1641827523
|move|p1a: Dragapult|Phantom Force|p2a: Slowking|[from]lockedmove
|-supereffective|p2a: Slowking
|-damage|p2a: Slowking|0 fnt
|faint|p2a: Slowking
|
|upkeep
|
|t:|1641827531
|switch|p2a: Clefable|Clefable, F|100/100
|turn|12
|
|t:|1641827536
|move|p1a: Dragapult|Phantom Force||[still]
|-prepare|p1a: Dragapult|Phantom Force
|move|p2a: Clefable|Thunder Wave|p1a: Dragapult|[miss]
|-miss|p2a: Clefable|p1a: Dragapult
|
|upkeep
|turn|13
|
|t:|1641827544
|move|p1a: Dragapult|Phantom Force|p2a: Clefable|[from]lockedmove
|-damage|p2a: Clefable|54/100
|move|p2a: Clefable|Thunder Wave|p1a: Dragapult
|-status|p1a: Dragapult|par
|
|-heal|p2a: Clefable|60/100|[from] item: Leftovers
|upkeep
|turn|14
|
|t:|1641827553
|switch|p1a: Excadrill|Excadrill, F|73/100
|-ability|p1a: Excadrill|Mold Breaker
|move|p2a: Clefable|Cosmic Power|p2a: Clefable
|-boost|p2a: Clefable|def|1
|-boost|p2a: Clefable|spd|1
|
|-heal|p2a: Clefable|66/100|[from] item: Leftovers
|upkeep
|turn|15
|
|t:|1641827562
|switch|p2a: Tornadus|Tornadus-Therian, M|71/100
|move|p1a: Excadrill|Iron Head|p2a: Tornadus
|-crit|p2a: Tornadus
|-damage|p2a: Tornadus|0 fnt
|-damage|p1a: Excadrill|56/100|[from] item: Rocky Helmet|[of] p2a: Tornadus
|faint|p2a: Tornadus
|
|upkeep
|
|t:|1641827572
|switch|p2a: Garchomp|Garchomp, M|100/100
|turn|16
|
|t:|1641827580
|switch|p1a: Togekiss|Togekiss, M|100/100
|move|p2a: Garchomp|Earthquake|p1a: Togekiss
|-immune|p1a: Togekiss
|
|upkeep
|turn|17
|
|t:|1641827596
|move|p2a: Garchomp|Protect|p2a: Garchomp
|-singleturn|p2a: Garchomp|Protect
|move|p1a: Togekiss|Flamethrower|p2a: Garchomp
|-activate|p2a: Garchomp|move: Protect
|
|upkeep
|turn|18
|
|t:|1641827608
|switch|p2a: Magnezone|Magnezone|97/100
|move|p1a: Togekiss|Dazzling Gleam|p2a: Magnezone
|-resisted|p2a: Magnezone
|-damage|p2a: Magnezone|75/100
|
|-heal|p2a: Magnezone|81/100|[from] item: Leftovers
|upkeep
|turn|19
|
|t:|1641827623
|switch|p2a: Clefable|Clefable, F|66/100
|move|p1a: Togekiss|Flamethrower|p2a: Clefable
|-crit|p2a: Clefable
|-damage|p2a: Clefable|30/100
|
|-heal|p2a: Clefable|37/100|[from] item: Leftovers
|upkeep
|turn|20
|
|t:|1641827630
|move|p1a: Togekiss|Flamethrower|p2a: Clefable
|-crit|p2a: Clefable
|-damage|p2a: Clefable|0 fnt
|faint|p2a: Clefable
|
|upkeep
|
|t:|1641827637
|switch|p2a: Garchomp|Garchomp, M|100/100
|turn|21
|
|t:|1641827642
|move|p2a: Garchomp|Protect|p2a: Garchomp
|-singleturn|p2a: Garchomp|Protect
|move|p1a: Togekiss|Dazzling Gleam|p2a: Garchomp
|-activate|p2a: Garchomp|move: Protect
|
|upkeep
|turn|22
|
|t:|1641827653
|switch|p2a: Blaziken|Blaziken, M|100/100
|move|p1a: Togekiss|Flamethrower|p2a: Blaziken
|-resisted|p2a: Blaziken
|-damage|p2a: Blaziken|85/100
|
|upkeep
|turn|23
|
|t:|1641827673
|move|p2a: Blaziken|Close Combat|p1a: Togekiss
|-resisted|p1a: Togekiss
|-damage|p1a: Togekiss|84/100
|-unboost|p2a: Blaziken|def|1
|-unboost|p2a: Blaziken|spd|1
|-damage|p2a: Blaziken|75/100|[from] item: Life Orb
|move|p1a: Togekiss|Dazzling Gleam|p2a: Blaziken
|-damage|p2a: Blaziken|5/100
|
|-ability|p2a: Blaziken|Speed Boost|boost
|-boost|p2a: Blaziken|spe|1
|upkeep
|turn|24
|
|t:|1641827686
|move|p2a: Blaziken|Flare Blitz|p1a: Togekiss
|-damage|p1a: Togekiss|20/100
|-damage|p2a: Blaziken|0 fnt|[from] Recoil
|faint|p2a: Blaziken
|move|p1a: Togekiss|Flamethrower|p2: Blaziken|[notarget]
|-fail|p1a: Togekiss
|
|upkeep
|-message|FlabberCyber forfeited.
|
|win|Kalin0712
|raw|Kalin0712's rating: 1098 &rarr; <strong>1121</strong><br />(+23 for winning)
|raw|FlabberCyber's rating: 1073 &rarr; <strong>1054</strong><br />(-19 for losing)
|l|☆FlabberCyber
||Ladder isn't responding, score probably updated but might not have (Request timeout).
