|j|☆Kulebaka
|j|☆Firoxx7
|t:|1641741365
|gametype|singles
|player|p1|Kulebaka|twins-gen4dp|
|player|p2|Firoxx7|2|
|teamsize|p1|6
|teamsize|p2|6
|gen|8
|tier|[Gen 8] OU
|rule|Sleep Clause Mod: Limit one foe put to sleep
|rule|Species Clause: Limit one of each Pokémon
|rule|OHKO Clause: OHKO moves are banned
|rule|Evasion Moves Clause: Evasion moves are banned
|rule|Endless Battle Clause: Forcing endless battles is banned
|rule|HP Percentage Mod: HP is shown in percentages
|rule|Dynamax Clause: You cannot dynamax
|clearpoke
|poke|p1|Clefable, F|
|poke|p1|Landorus-Therian, M|
|poke|p1|Urshifu-*, M|
|poke|p1|Tapu Lele|
|poke|p1|Heatran, F|
|poke|p1|Corviknight, F|
|poke|p2|Hippowdon, F|
|poke|p2|Torkoal, M|
|poke|p2|Excadrill, F|
|poke|p2|Kartana|
|poke|p2|Heatran, M|
|poke|p2|Urshifu-*, F|
|teampreview
|
|t:|1641741378
|start
|switch|p1a: Landorus|Landorus-Therian, M, shiny|100/100
|switch|p2a: Torkoal|Torkoal, M|100/100
|-ability|p1a: Landorus|Intimidate|boost
|-unboost|p2a: Torkoal|atk|1
|-weather|SunnyDay|[from] ability: Drought|[of] p2a: Torkoal
|turn|1
|
|t:|1641741399
|switch|p2a: Hippowdon|Hippowdon, F|100/100
|-weather|Sandstorm|[from] ability: Sand Stream|[of] p2a: Hippowdon
|move|p1a: Landorus|Substitute|p1a: Landorus
|-start|p1a: Landorus|Substitute
|-damage|p1a: Landorus|76/100
|
|-weather|Sandstorm|[upkeep]
|-heal|p1a: Landorus|82/100|[from] item: Leftovers
|upkeep
|turn|2
|
|t:|1641741405
|move|p1a: Landorus|Swords Dance|p1a: Landorus
|-boost|p1a: Landorus|atk|2
|move|p2a: Hippowdon|Toxic||[still]
|-fail|p2a: Hippowdon
|
|-weather|Sandstorm|[upkeep]
|-heal|p1a: Landorus|88/100|[from] item: Leftovers
|upkeep
|turn|3
|
|t:|1641741415
|switch|p2a: Heatran|Heatran, M|100/100
|move|p1a: Landorus|Swords Dance|p1a: Landorus
|-boost|p1a: Landorus|atk|2
|
|-weather|Sandstorm|[upkeep]
|-heal|p1a: Landorus|94/100|[from] item: Leftovers
|upkeep
|turn|4
|
|t:|1641741418
|move|p2a: Heatran|Eruption|p1a: Landorus
|-end|p1a: Landorus|Substitute
|move|p1a: Landorus|Earthquake|p2a: Heatran
|-supereffective|p2a: Heatran
|-damage|p2a: Heatran|0 fnt
|faint|p2a: Heatran
|
|-weather|Sandstorm|[upkeep]
|-heal|p1a: Landorus|99/100|[from] item: Leftovers
|upkeep
|
|t:|1641741422
|switch|p2a: Urshifu|Urshifu-Rapid-Strike, F|100/100
|turn|5
|
|t:|1641741430
|switch|p1a: Tapu Lele|Tapu Lele, shiny|100/100
|-fieldstart|move: Psychic Terrain|[from] ability: Psychic Surge|[of] p1a: Tapu Lele
|move|p2a: Urshifu|Surging Strikes|p1a: Tapu Lele
|-crit|p1a: Tapu Lele
|-damage|p1a: Tapu Lele|56/100
|-crit|p1a: Tapu Lele
|-damage|p1a: Tapu Lele|8/100
|-crit|p1a: Tapu Lele
|-damage|p1a: Tapu Lele|0 fnt
|faint|p1a: Tapu Lele
|-hitcount|p1: Tapu Lele|3
|
|-weather|none
|upkeep
|
|t:|1641741446
|switch|p1a: Clefable|Clefable, F, shiny|100/100
|turn|6
|
|t:|1641741448
|move|p2a: Urshifu|Surging Strikes|p1a: Clefable
|-crit|p1a: Clefable
|-damage|p1a: Clefable|77/100
|-crit|p1a: Clefable
|-damage|p1a: Clefable|52/100
|-crit|p1a: Clefable
|-damage|p1a: Clefable|29/100
|-hitcount|p1a: Clefable|3
|move|p1a: Clefable|Cosmic Power|p1a: Clefable
|-boost|p1a: Clefable|def|1
|-boost|p1a: Clefable|spd|1
|
|upkeep
|turn|7
|
|t:|1641741454
|move|p2a: Urshifu|Surging Strikes|p1a: Clefable
|-crit|p1a: Clefable
|-damage|p1a: Clefable|5/100
|-crit|p1a: Clefable
|-damage|p1a: Clefable|0 fnt
|faint|p1a: Clefable
|-hitcount|p1: Clefable|2
|
|upkeep
|
|t:|1641741459
|switch|p1a: Urshifu|Urshifu-Rapid-Strike, M|100/100
|turn|8
|
|t:|1641741461
|move|p2a: Urshifu|Surging Strikes|p1a: Urshifu
|-resisted|p1a: Urshifu
|-crit|p1a: Urshifu
|-damage|p1a: Urshifu|86/100
|-resisted|p1a: Urshifu
|-crit|p1a: Urshifu
|-damage|p1a: Urshifu|72/100
|-resisted|p1a: Urshifu
|-crit|p1a: Urshifu
|-damage|p1a: Urshifu|58/100
|-hitcount|p1a: Urshifu|3
|move|p1a: Urshifu|Close Combat|p2a: Urshifu
|-damage|p2a: Urshifu|0 fnt
|-unboost|p1a: Urshifu|def|1
|-unboost|p1a: Urshifu|spd|1
|faint|p2a: Urshifu
|
|upkeep
|
|t:|1641741471
|switch|p2a: Kartana|Kartana|100/100
|turn|9
|
|t:|1641741481
|switch|p1a: Corviknight|Corviknight, F|100/100
|-ability|p1a: Corviknight|Pressure
|move|p2a: Kartana|Leaf Blade|p1a: Corviknight
|-resisted|p1a: Corviknight
|-damage|p1a: Corviknight|91/100
|-damage|p2a: Kartana|84/100|[from] item: Rocky Helmet|[of] p1a: Corviknight
|
|-fieldend|move: Psychic Terrain
|upkeep
|turn|10
|
|t:|1641741493
|switch|p2a: Torkoal|Torkoal, M|100/100
|-weather|SunnyDay|[from] ability: Drought|[of] p2a: Torkoal
|move|p1a: Corviknight|Brave Bird|p2a: Torkoal
|-damage|p2a: Torkoal|79/100
|-damage|p1a: Corviknight|85/100|[from] Recoil
|
|-weather|SunnyDay|[upkeep]
|upkeep
|turn|11
|
|t:|1641741499
|switch|p1a: Heatran|Heatran, F|100/100
|move|p2a: Torkoal|Lava Plume|p1a: Heatran
|-start|p1a: Heatran|ability: Flash Fire
|
|-weather|SunnyDay|[upkeep]
|upkeep
|turn|12
|
|t:|1641741505
|move|p1a: Heatran|Earth Power|p2a: Torkoal
|-supereffective|p2a: Torkoal
|-damage|p2a: Torkoal|7/100
|move|p2a: Torkoal|Body Press|p1a: Heatran
|-supereffective|p1a: Heatran
|-damage|p1a: Heatran|48/100
|
|-weather|SunnyDay|[upkeep]
|-heal|p1a: Heatran|54/100|[from] item: Leftovers
|upkeep
|turn|13
|
|t:|1641741513
|switch|p2a: Hippowdon|Hippowdon, F|100/100
|-weather|Sandstorm|[from] ability: Sand Stream|[of] p2a: Hippowdon
|move|p1a: Heatran|Earth Power|p2a: Hippowdon
|-damage|p2a: Hippowdon|80/100
|
|-weather|Sandstorm|[upkeep]
|-heal|p1a: Heatran|60/100|[from] item: Leftovers
|-heal|p2a: Hippowdon|86/100|[from] item: Leftovers
|upkeep
|turn|14
|
|t:|1641741523
|move|p1a: Heatran|Toxic|p2a: Hippowdon
|-status|p2a: Hippowdon|tox
|move|p2a: Hippowdon|Stealth Rock|p1a: Heatran
|-sidestart|p1: Kulebaka|move: Stealth Rock
|
|-weather|Sandstorm|[upkeep]
|-heal|p1a: Heatran|66/100|[from] item: Leftovers
|-heal|p2a: Hippowdon|92/100 tox|[from] item: Leftovers
|-damage|p2a: Hippowdon|86/100 tox|[from] psn
|upkeep
|turn|15
|
|t:|1641741529
|move|p1a: Heatran|Stealth Rock|p2a: Hippowdon
|-sidestart|p2: Firoxx7|move: Stealth Rock
|move|p2a: Hippowdon|Toxic|p1a: Heatran
|-immune|p1a: Heatran
|
|-weather|Sandstorm|[upkeep]
|-heal|p1a: Heatran|73/100|[from] item: Leftovers
|-heal|p2a: Hippowdon|92/100 tox|[from] item: Leftovers
|-damage|p2a: Hippowdon|80/100 tox|[from] psn
|upkeep
|turn|16
|
|t:|1641741535
|move|p1a: Heatran|Earth Power|p2a: Hippowdon
|-damage|p2a: Hippowdon|61/100 tox
|move|p2a: Hippowdon|Toxic|p1a: Heatran
|-immune|p1a: Heatran
|
|-weather|Sandstorm|[upkeep]
|-heal|p1a: Heatran|79/100|[from] item: Leftovers
|-heal|p2a: Hippowdon|67/100 tox|[from] item: Leftovers
|-damage|p2a: Hippowdon|49/100 tox|[from] psn
|upkeep
|turn|17
|
|t:|1641741540
|move|p1a: Heatran|Magma Storm|p2a: Hippowdon
|-damage|p2a: Hippowdon|0 fnt
|faint|p2a: Hippowdon
|
|-weather|none
|-heal|p1a: Heatran|85/100|[from] item: Leftovers
|upkeep
|
|t:|1641741548
|switch|p2a: Kartana|Kartana|84/100
|-damage|p2a: Kartana|78/100|[from] Stealth Rock
|turn|18
|
|t:|1641741558
|move|p2a: Kartana|Sacred Sword|p1a: Heatran
|-supereffective|p1a: Heatran
|-damage|p1a: Heatran|20/100
|move|p1a: Heatran|Magma Storm|p2a: Kartana
|-supereffective|p2a: Kartana
|-damage|p2a: Kartana|0 fnt
|faint|p2a: Kartana
|
|-heal|p1a: Heatran|26/100|[from] item: Leftovers
|upkeep
|
|t:|1641741562
|switch|p2a: Excadrill|Excadrill, F|100/100
|-damage|p2a: Excadrill|97/100|[from] Stealth Rock
|turn|19
|
|t:|1641741595
|move|p2a: Excadrill|Rock Slide|p1a: Heatran
|-damage|p1a: Heatran|0 fnt
|faint|p1a: Heatran
|-damage|p2a: Excadrill|88/100|[from] item: Life Orb
|
|upkeep
|
|t:|1641741601
|switch|p1a: Urshifu|Urshifu-Rapid-Strike, M|58/100
|-damage|p1a: Urshifu|52/100|[from] Stealth Rock
|turn|20
|
|t:|1641741610
|move|p1a: Urshifu|Surging Strikes|p2a: Excadrill
|-supereffective|p2a: Excadrill
|-crit|p2a: Excadrill
|-damage|p2a: Excadrill|0 fnt
|faint|p2a: Excadrill
|-hitcount|p2: Excadrill|1
|
|upkeep
|
|t:|1641741613
|switch|p2a: Torkoal|Torkoal, M|7/100
|-damage|p2a: Torkoal|0 fnt|[from] Stealth Rock
|faint|p2a: Torkoal
|
|win|Kulebaka
|l|☆Firoxx7
