|j|☆efeda3532
|j|☆NeoZ Pigeon
|t:|1641770036
|gametype|singles
|player|p1|efeda3532|cynthia-gen4|1480
|player|p2|NeoZ Pigeon|marlon|1428
|teamsize|p1|6
|teamsize|p2|6
|gen|8
|tier|[Gen 8] OU
|rated|
|rule|Sleep Clause Mod: Limit one foe put to sleep
|rule|Species Clause: Limit one of each Pokémon
|rule|OHKO Clause: OHKO moves are banned
|rule|Evasion Moves Clause: Evasion moves are banned
|rule|Endless Battle Clause: Forcing endless battles is banned
|rule|HP Percentage Mod: HP is shown in percentages
|rule|Dynamax Clause: You cannot dynamax
|clearpoke
|poke|p1|Zygarde-10%|
|poke|p1|Rillaboom, M|
|poke|p1|Toxapex, M|
|poke|p1|Zeraora|
|poke|p1|Heatran, M|
|poke|p1|Corviknight, F|
|poke|p2|Heatran, M|
|poke|p2|Alakazam, F|
|poke|p2|Landorus-Therian, M|
|poke|p2|Bisharp, M|
|poke|p2|Venusaur, M|
|poke|p2|Torkoal, F|
|teampreview
|inactive|Battle timer is ON: inactive players will automatically lose when time's up. (requested by NeoZ Pigeon)
|inactive|efeda3532 has 120 seconds left.
|inactive|efeda3532 has 90 seconds left.
|
|t:|1641770130
|start
|switch|p1a: Garchom|Zygarde-10%|100/100
|switch|p2a: Torkoal|Torkoal, F|100/100
|-ability|p1a: Garchom|Aura Break
|-weather|SunnyDay|[from] ability: Drought|[of] p2a: Torkoal
|turn|1
|
|t:|1641770137
|move|p1a: Garchom|Thousand Arrows|p2a: Torkoal
|-supereffective|p2a: Torkoal
|-damage|p2a: Torkoal|33/100
|move|p2a: Torkoal|Stealth Rock|p1a: Garchom
|-sidestart|p1: efeda3532|move: Stealth Rock
|
|-weather|SunnyDay|[upkeep]
|upkeep
|turn|2
|
|t:|1641770147
|switch|p2a: Venusaur|Venusaur, M|100/100
|move|p1a: Garchom|Thousand Arrows|p2a: Venusaur
|-damage|p2a: Venusaur|17/100
|
|-weather|SunnyDay|[upkeep]
|upkeep
|turn|3
|
|t:|1641770158
|switch|p1a: Heatran|Heatran, M|100/100
|-damage|p1a: Heatran|88/100|[from] Stealth Rock
|move|p2a: Venusaur|Giga Drain|p1a: Heatran
|-resisted|p1a: Heatran
|-damage|p1a: Heatran|80/100
|-heal|p2a: Venusaur|23/100|[from] drain|[of] p1a: Heatran
|-damage|p2a: Venusaur|13/100|[from] item: Life Orb
|
|-weather|SunnyDay|[upkeep]
|-heal|p1a: Heatran|86/100|[from] item: Leftovers
|upkeep
|turn|4
|
|t:|1641770164
|move|p2a: Venusaur|Earth Power|p1a: Heatran
|-supereffective|p1a: Heatran
|-damage|p1a: Heatran|0 fnt
|faint|p1a: Heatran
|-damage|p2a: Venusaur|3/100|[from] item: Life Orb
|
|-weather|SunnyDay|[upkeep]
|upkeep
|
|t:|1641770175
|switch|p1a: Rillaboom|Rillaboom, M|100/100
|-damage|p1a: Rillaboom|88/100|[from] Stealth Rock
|-fieldstart|move: Grassy Terrain|[from] ability: Grassy Surge|[of] p1a: Rillaboom
|turn|5
|
|t:|1641770184
|switch|p2a: Torkoal|Torkoal, F|33/100
|move|p1a: Rillaboom|U-turn|p2a: Torkoal
|-resisted|p2a: Torkoal
|-damage|p2a: Torkoal|22/100
|
|t:|1641770188
|switch|p1a: Garchom|Zygarde-10%|100/100|[from]move: U-turn
|-damage|p1a: Garchom|94/100|[from] Stealth Rock
|-ability|p1a: Garchom|Aura Break
|
|-weather|SunnyDay|[upkeep]
|-heal|p1a: Garchom|100/100|[from] Grassy Terrain
|-heal|p2a: Torkoal|28/100|[from] Grassy Terrain
|upkeep
|turn|6
|
|t:|1641770194
|switch|p2a: Venusaur|Venusaur, M|3/100
|move|p1a: Garchom|Thousand Arrows|p2a: Venusaur
|-damage|p2a: Venusaur|0 fnt
|faint|p2a: Venusaur
|
|-weather|SunnyDay|[upkeep]
|upkeep
|
|t:|1641770196
|switch|p2a: Bisharp|Bisharp, M|100/100
|turn|7
|
|t:|1641770199
|switch|p1a: Corviknight|Corviknight, F|100/100
|-damage|p1a: Corviknight|88/100|[from] Stealth Rock
|-ability|p1a: Corviknight|Pressure
|move|p2a: Bisharp|Knock Off|p1a: Corviknight
|-damage|p1a: Corviknight|49/100
|-damage|p2a: Bisharp|84/100|[from] item: Rocky Helmet|[of] p1a: Corviknight
|-enditem|p1a: Corviknight|Rocky Helmet|[from] move: Knock Off|[of] p2a: Bisharp
|
|-weather|SunnyDay|[upkeep]
|-heal|p2a: Bisharp|90/100|[from] Grassy Terrain
|upkeep
|turn|8
|
|t:|1641770203
|switch|p2a: Heatran|Heatran, M|100/100
|move|p1a: Corviknight|Roost|p1a: Corviknight
|-heal|p1a: Corviknight|99/100
|-singleturn|p1a: Corviknight|move: Roost
|
|-weather|none
|-heal|p1a: Corviknight|100/100|[from] Grassy Terrain
|upkeep
|turn|9
|
|t:|1641770210
|move|p2a: Heatran|Eruption|p1a: Corviknight
|-supereffective|p1a: Corviknight
|-damage|p1a: Corviknight|0 fnt
|faint|p1a: Corviknight
|
|-fieldend|move: Grassy Terrain
|upkeep
|
|t:|1641770213
|switch|p1a: Garchom|Zygarde-10%|100/100
|-damage|p1a: Garchom|94/100|[from] Stealth Rock
|-ability|p1a: Garchom|Aura Break
|turn|10
|
|t:|1641770215
|switch|p2a: Torkoal|Torkoal, F|28/100
|-weather|SunnyDay|[from] ability: Drought|[of] p2a: Torkoal
|move|p1a: Garchom|Thousand Arrows|p2a: Torkoal
|-supereffective|p2a: Torkoal
|-damage|p2a: Torkoal|0 fnt
|faint|p2a: Torkoal
|
|-weather|SunnyDay|[upkeep]
|upkeep
|
|t:|1641770224
|switch|p2a: Heatran|Heatran, M|100/100
|turn|11
|
|t:|1641770226
|move|p2a: Heatran|Eruption|p1a: Garchom
|-resisted|p1a: Garchom
|-damage|p1a: Garchom|0 fnt
|faint|p1a: Garchom
|
|-weather|SunnyDay|[upkeep]
|upkeep
|
|t:|1641770230
|switch|p1a: Toxapex|Toxapex, M|100/100
|-damage|p1a: Toxapex|88/100|[from] Stealth Rock
|turn|12
|
|t:|1641770236
|switch|p2a: Bisharp|Bisharp, M|90/100
|move|p1a: Toxapex|Scald|p2a: Bisharp
|-damage|p2a: Bisharp|81/100
|
|-weather|SunnyDay|[upkeep]
|upkeep
|turn|13
|
|t:|1641770246
|move|p2a: Bisharp|Knock Off|p1a: Toxapex
|-damage|p1a: Toxapex|54/100
|-damage|p2a: Bisharp|64/100|[from] item: Rocky Helmet|[of] p1a: Toxapex
|-enditem|p1a: Toxapex|Rocky Helmet|[from] move: Knock Off|[of] p2a: Bisharp
|move|p1a: Toxapex|Scald|p2a: Bisharp
|-damage|p2a: Bisharp|54/100
|
|-weather|SunnyDay|[upkeep]
|upkeep
|turn|14
|
|t:|1641770254
|switch|p2a: Landorus|Landorus-Therian, M|100/100
|-ability|p2a: Landorus|Intimidate|boost
|-unboost|p1a: Toxapex|atk|1
|move|p1a: Toxapex|Knock Off|p2a: Landorus
|-crit|p2a: Landorus
|-damage|p2a: Landorus|74/100
|-enditem|p2a: Landorus|Leftovers|[from] move: Knock Off|[of] p1a: Toxapex
|
|-weather|SunnyDay|[upkeep]
|upkeep
|turn|15
|
|t:|1641770259
|move|p2a: Landorus|Earthquake|p1a: Toxapex
|-supereffective|p1a: Toxapex
|-damage|p1a: Toxapex|0 fnt
|faint|p1a: Toxapex
|
|-weather|SunnyDay|[upkeep]
|upkeep
|
|t:|1641770261
|switch|p1a: Rillaboom|Rillaboom, M|88/100
|-damage|p1a: Rillaboom|76/100|[from] Stealth Rock
|-fieldstart|move: Grassy Terrain|[from] ability: Grassy Surge|[of] p1a: Rillaboom
|turn|16
|
|t:|1641770268
|switch|p2a: Bisharp|Bisharp, M|54/100
|move|p1a: Rillaboom|Grassy Glide|p2a: Bisharp
|-resisted|p2a: Bisharp
|-damage|p2a: Bisharp|18/100
|
|-weather|SunnyDay|[upkeep]
|-heal|p1a: Rillaboom|82/100|[from] Grassy Terrain
|-heal|p2a: Bisharp|24/100|[from] Grassy Terrain
|upkeep
|turn|17
|
|t:|1641770273
|move|p1a: Rillaboom|Grassy Glide|p2a: Bisharp
|-resisted|p2a: Bisharp
|-damage|p2a: Bisharp|0 fnt
|faint|p2a: Bisharp
|
|-weather|none
|-heal|p1a: Rillaboom|88/100|[from] Grassy Terrain
|upkeep
|
|t:|1641770277
|switch|p2a: Heatran|Heatran, M|100/100
|turn|18
|
|t:|1641770282
|switch|p1a: Zeraora|Zeraora|100/100
|move|p2a: Heatran|Overheat|p1a: Zeraora
|-damage|p1a: Zeraora|11/100
|-unboost|p2a: Heatran|spa|2
|
|-heal|p1a: Zeraora|17/100|[from] Grassy Terrain
|upkeep
|turn|19
|
|t:|1641770286
|move|p1a: Zeraora|Close Combat|p2a: Heatran
|-supereffective|p2a: Heatran
|-damage|p2a: Heatran|28/100
|-unboost|p1a: Zeraora|def|1
|-unboost|p1a: Zeraora|spd|1
|move|p2a: Heatran|Overheat|p1a: Zeraora|[miss]
|-miss|p2a: Heatran|p1a: Zeraora
|
|-heal|p1a: Zeraora|23/100|[from] Grassy Terrain
|-heal|p2a: Heatran|34/100|[from] Grassy Terrain
|upkeep
|turn|20
|
|t:|1641770290
|move|p1a: Zeraora|Close Combat|p2a: Heatran
|-supereffective|p2a: Heatran
|-damage|p2a: Heatran|0 fnt
|-unboost|p1a: Zeraora|def|1
|-unboost|p1a: Zeraora|spd|1
|faint|p2a: Heatran
|
|-heal|p1a: Zeraora|29/100|[from] Grassy Terrain
|-fieldend|move: Grassy Terrain
|upkeep
|
|t:|1641770298
|switch|p2a: Landorus|Landorus-Therian, M|74/100
|-ability|p2a: Landorus|Intimidate|boost
|-unboost|p1a: Zeraora|atk|1
|turn|21
|
|t:|1641770306
|move|p1a: Zeraora|Knock Off|p2a: Landorus
|-damage|p2a: Landorus|58/100
|move|p2a: Landorus|Rock Polish|p2a: Landorus
|-boost|p2a: Landorus|spe|2
|
|upkeep
|turn|22
|
|t:|1641770311
|move|p2a: Landorus|Swords Dance|p2a: Landorus
|-boost|p2a: Landorus|atk|2
|move|p1a: Zeraora|Knock Off|p2a: Landorus
|-damage|p2a: Landorus|41/100
|
|upkeep
|turn|23
|
|t:|1641770314
|move|p2a: Landorus|Earthquake|p1a: Zeraora
|-supereffective|p1a: Zeraora
|-damage|p1a: Zeraora|0 fnt
|faint|p1a: Zeraora
|
|upkeep
|
|t:|1641770316
|switch|p1a: Rillaboom|Rillaboom, M|88/100
|-damage|p1a: Rillaboom|76/100|[from] Stealth Rock
|-fieldstart|move: Grassy Terrain|[from] ability: Grassy Surge|[of] p1a: Rillaboom
|turn|24
|
|t:|1641770318
|move|p1a: Rillaboom|Grassy Glide|p2a: Landorus
|-damage|p2a: Landorus|0 fnt
|faint|p2a: Landorus
|
|-heal|p1a: Rillaboom|82/100|[from] Grassy Terrain
|upkeep
|
|t:|1641770321
|switch|p2a: Alakazam|Alakazam, F|100/100
|turn|25
|
|t:|1641770328
|move|p1a: Rillaboom|Grassy Glide|p2a: Alakazam
|-enditem|p2a: Alakazam|Focus Sash
|-damage|p2a: Alakazam|1/100
|move|p2a: Alakazam|Psyshock|p1a: Rillaboom
|-damage|p1a: Rillaboom|38/100
|
|-heal|p2a: Alakazam|7/100|[from] Grassy Terrain
|-heal|p1a: Rillaboom|44/100|[from] Grassy Terrain
|upkeep
|turn|26
|
|t:|1641770331
|move|p1a: Rillaboom|Grassy Glide|p2a: Alakazam
|-damage|p2a: Alakazam|0 fnt
|faint|p2a: Alakazam
|
|win|efeda3532
|raw|efeda3532's rating: 1480 &rarr; <strong>1497</strong><br />(+17 for winning)
|raw|NeoZ Pigeon's rating: 1428 &rarr; <strong>1411</strong><br />(-17 for losing)
|l|☆NeoZ Pigeon
