|j|☆LesEpaulettes
|j|☆Nas>jayZ
|t:|1641726211
|gametype|singles
|player|p1|LesEpaulettes|rancher|1544
|player|p2|Nas>jayZ|1|1577
|teamsize|p1|6
|teamsize|p2|6
|gen|8
|tier|[Gen 8] OU
|rated|
|rule|Sleep Clause Mod: Limit one foe put to sleep
|rule|Species Clause: Limit one of each Pokémon
|rule|OHKO Clause: OHKO moves are banned
|rule|Evasion Moves Clause: Evasion moves are banned
|rule|Endless Battle Clause: Forcing endless battles is banned
|rule|HP Percentage Mod: HP is shown in percentages
|rule|Dynamax Clause: You cannot dynamax
|clearpoke
|poke|p1|Blaziken, F|
|poke|p1|Rillaboom, F|
|poke|p1|Ferrothorn, F|
|poke|p1|Tapu Lele|
|poke|p1|Landorus-Therian, M|
|poke|p1|Weavile, F|
|poke|p2|Nihilego|
|poke|p2|Zapdos-Galar|
|poke|p2|Kartana|
|poke|p2|Celesteela|
|poke|p2|Garchomp, M|
|poke|p2|Tapu Fini|
|teampreview
|
|t:|1641726229
|start
|switch|p1a: Tapu Lele|Tapu Lele|100/100
|switch|p2a: Zapdos|Zapdos-Galar|100/100
|-fieldstart|move: Psychic Terrain|[from] ability: Psychic Surge|[of] p1a: Tapu Lele
|turn|1
|inactive|Battle timer is ON: inactive players will automatically lose when time's up. (requested by Nas>jayZ)
|
|t:|1641726240
|switch|p2a: Celesteela|Celesteela|100/100
|move|p1a: Tapu Lele|Thunderbolt|p2a: Celesteela
|-supereffective|p2a: Celesteela
|-damage|p2a: Celesteela|42/100
|
|upkeep
|turn|2
|
|t:|1641726249
|switch|p1a: Weavile|Weavile, F|100/100
|-ability|p1a: Weavile|Pressure
|switch|p2a: Garchomp|Garchomp, M|100/100
|
|upkeep
|turn|3
|
|t:|1641726255
|switch|p2a: Tapu Fini|Tapu Fini|100/100
|-fieldstart|move: Misty Terrain|[from] ability: Misty Surge|[of] p2a: Tapu Fini
|move|p1a: Weavile|Icicle Crash|p2a: Tapu Fini
|-resisted|p2a: Tapu Fini
|-damage|p2a: Tapu Fini|84/100
|
|-heal|p2a: Tapu Fini|90/100|[from] item: Leftovers
|upkeep
|turn|4
|
|t:|1641726266
|switch|p1a: Rillaboom|Rillaboom, F|100/100
|-fieldstart|move: Grassy Terrain|[from] ability: Grassy Surge|[of] p1a: Rillaboom
|switch|p2a: Zapdos|Zapdos-Galar|100/100
|
|upkeep
|turn|5
|
|t:|1641726271
|switch|p1a: Ferrothorn|Ferrothorn, F|100/100
|move|p2a: Zapdos|U-turn|p1a: Ferrothorn
|-damage|p1a: Ferrothorn|81/100
|-damage|p2a: Zapdos|88/100|[from] ability: Iron Barbs|[of] p1a: Ferrothorn
|-damage|p2a: Zapdos|72/100|[from] item: Rocky Helmet|[of] p1a: Ferrothorn
|
|t:|1641726276
|switch|p2a: Celesteela|Celesteela|42/100|[from]move: U-turn
|
|-heal|p1a: Ferrothorn|87/100|[from] Grassy Terrain
|upkeep
|turn|6
|
|t:|1641726286
|switch|p1a: Blaziken|Blaziken, F|100/100
|move|p2a: Celesteela|Flamethrower|p1a: Blaziken
|-resisted|p1a: Blaziken
|-damage|p1a: Blaziken|77/100
|
|-heal|p1a: Blaziken|83/100|[from] Grassy Terrain
|upkeep
|turn|7
|
|t:|1641726296
|switch|p2a: Garchomp|Garchomp, M|100/100
|move|p1a: Blaziken|Swords Dance|p1a: Blaziken
|-boost|p1a: Blaziken|atk|2
|
|-heal|p1a: Blaziken|89/100|[from] Grassy Terrain
|-ability|p1a: Blaziken|Speed Boost|boost
|-boost|p1a: Blaziken|spe|1
|upkeep
|turn|8
|
|t:|1641726302
|move|p1a: Blaziken|Close Combat|p2a: Garchomp
|-damage|p2a: Garchomp|0 fnt
|-unboost|p1a: Blaziken|def|1
|-unboost|p1a: Blaziken|spd|1
|-damage|p1a: Blaziken|76/100|[from] ability: Rough Skin|[of] p2a: Garchomp
|-damage|p1a: Blaziken|60/100|[from] item: Rocky Helmet|[of] p2a: Garchomp
|faint|p2a: Garchomp
|-damage|p1a: Blaziken|50/100|[from] item: Life Orb
|
|-heal|p1a: Blaziken|56/100|[from] Grassy Terrain
|-fieldend|move: Grassy Terrain
|-ability|p1a: Blaziken|Speed Boost|boost
|-boost|p1a: Blaziken|spe|1
|upkeep
|
|t:|1641726308
|switch|p2a: Tapu Fini|Tapu Fini|90/100
|-fieldstart|move: Misty Terrain|[from] ability: Misty Surge|[of] p2a: Tapu Fini
|turn|9
|
|t:|1641726317
|move|p1a: Blaziken|Thunder Punch|p2a: Tapu Fini
|-supereffective|p2a: Tapu Fini
|-damage|p2a: Tapu Fini|0 fnt
|faint|p2a: Tapu Fini
|-damage|p1a: Blaziken|46/100|[from] item: Life Orb
|
|-ability|p1a: Blaziken|Speed Boost|boost
|-boost|p1a: Blaziken|spe|1
|upkeep
|-message|Nas>jayZ forfeited.
|
|win|LesEpaulettes
|raw|LesEpaulettes's rating: 1544 &rarr; <strong>1566</strong><br />(+22 for winning)
|raw|Nas&gt;jayZ's rating: 1577 &rarr; <strong>1555</strong><br />(-22 for losing)
|l|☆Nas>jayZ
