|j|☆Jakerocks73
|j|☆fardin
|t:|1641879812
|gametype|singles
|player|p1|Jakerocks73|pokekid|1727
|player|p2|fardin|#ompl2021spindawheels|1746
|teamsize|p1|6
|teamsize|p2|6
|gen|8
|tier|[Gen 8] OU
|rated|
|rule|Sleep Clause Mod: Limit one foe put to sleep
|rule|Species Clause: Limit one of each Pokémon
|rule|OHKO Clause: OHKO moves are banned
|rule|Evasion Moves Clause: Evasion moves are banned
|rule|Endless Battle Clause: Forcing endless battles is banned
|rule|HP Percentage Mod: HP is shown in percentages
|rule|Dynamax Clause: You cannot dynamax
|clearpoke
|poke|p1|Nidoking, M|
|poke|p1|Nidoqueen, F|
|poke|p1|Rillaboom, F|
|poke|p1|Corviknight, F|
|poke|p1|Victini|
|poke|p1|Tapu Lele|
|poke|p2|Landorus-Therian, M|
|poke|p2|Tapu Koko|
|poke|p2|Urshifu-*, F|
|poke|p2|Melmetal|
|poke|p2|Heatran, M|
|poke|p2|Tornadus-Therian, M|
|teampreview
|inactive|Battle timer is ON: inactive players will automatically lose when time's up. (requested by fardin)
|
|t:|1641879836
|start
|switch|p1a: Nidoking|Nidoking, M|100/100
|switch|p2a: Urshifu|Urshifu-Rapid-Strike, F|100/100
|turn|1
|
|t:|1641879840
|switch|p1a: Corviknight|Corviknight, F|100/100
|-ability|p1a: Corviknight|Pressure
|move|p2a: Urshifu|Surging Strikes|p1a: Corviknight
|-crit|p1a: Corviknight
|-damage|p1a: Corviknight|88/100
|-crit|p1a: Corviknight
|-damage|p1a: Corviknight|75/100
|-crit|p1a: Corviknight
|-damage|p1a: Corviknight|62/100
|-hitcount|p1a: Corviknight|3
|
|upkeep
|turn|2
|
|t:|1641879845
|move|p2a: Urshifu|U-turn|p1a: Corviknight
|-resisted|p1a: Corviknight
|-damage|p1a: Corviknight|59/100
|
|t:|1641879848
|switch|p2a: Heatran|Heatran, M|100/100|[from]move: U-turn
|-item|p2a: Heatran|Air Balloon
|move|p1a: Corviknight|Roost|p1a: Corviknight
|-heal|p1a: Corviknight|100/100
|-singleturn|p1a: Corviknight|move: Roost
|
|upkeep
|turn|3
|
|t:|1641879861
|switch|p1a: Victini|Victini|100/100
|move|p2a: Heatran|Eruption|p1a: Victini
|-resisted|p1a: Victini
|-damage|p1a: Victini|75/100
|
|upkeep
|turn|4
|j| Hoo-bah-stank
|
|t:|1641879874
|switch|p2a: Landorus|Landorus-Therian, M|100/100
|-ability|p2a: Landorus|Intimidate|boost
|-unboost|p1a: Victini|atk|1
|move|p1a: Victini|Glaciate|p2a: Landorus
|-supereffective|p2a: Landorus
|-crit|p2a: Landorus
|-damage|p2a: Landorus|32/100
|-unboost|p2a: Landorus|spe|1
|
|-heal|p2a: Landorus|38/100|[from] item: Leftovers
|upkeep
|turn|5
|
|t:|1641879881
|switch|p2a: Tornadus|Tornadus-Therian, M|100/100
|move|p1a: Victini|Glaciate|p2a: Tornadus
|-supereffective|p2a: Tornadus
|-damage|p2a: Tornadus|80/100
|-unboost|p2a: Tornadus|spe|1
|
|upkeep
|turn|6
|j|+Tadasuke
|
|t:|1641879902
|move|p1a: Victini|Bolt Strike|p2a: Tornadus|[miss]
|-miss|p1a: Victini|p2a: Tornadus
|move|p2a: Tornadus|U-turn|p1a: Victini
|-damage|p1a: Victini|60/100
|
|t:|1641879907
|switch|p2a: Landorus|Landorus-Therian, M|38/100|[from]move: U-turn
|-ability|p2a: Landorus|Intimidate|boost
|-unboost|p1a: Victini|atk|1
|
|-heal|p2a: Landorus|44/100|[from] item: Leftovers
|upkeep
|turn|7
|
|t:|1641879912
|switch|p2a: Tornadus|Tornadus-Therian, M|100/100
|move|p1a: Victini|Glaciate|p2a: Tornadus
|-supereffective|p2a: Tornadus
|-crit|p2a: Tornadus
|-damage|p2a: Tornadus|69/100
|-unboost|p2a: Tornadus|spe|1
|
|upkeep
|turn|8
|
|t:|1641879920
|switch|p1a: Corviknight|Corviknight, F|100/100
|-ability|p1a: Corviknight|Pressure
|move|p2a: Tornadus|U-turn|p1a: Corviknight
|-resisted|p1a: Corviknight
|-damage|p1a: Corviknight|98/100
|-damage|p2a: Tornadus|52/100|[from] item: Rocky Helmet|[of] p1a: Corviknight
|j| AirEaseChairRico
|
|t:|1641879923
|switch|p2a: Heatran|Heatran, M|100/100|[from]move: U-turn
|-item|p2a: Heatran|Air Balloon
|
|upkeep
|turn|9
|
|t:|1641879931
|switch|p1a: Victini|Victini|60/100
|move|p2a: Heatran|Eruption|p1a: Victini
|-resisted|p1a: Victini
|-damage|p1a: Victini|36/100
|
|upkeep
|turn|10
|
|t:|1641879941
|switch|p2a: Landorus|Landorus-Therian, M|44/100
|-ability|p2a: Landorus|Intimidate|boost
|-unboost|p1a: Victini|atk|1
|move|p1a: Victini|Bolt Strike|p2a: Landorus
|-immune|p2a: Landorus
|
|-heal|p2a: Landorus|50/100|[from] item: Leftovers
|upkeep
|turn|11
|
|t:|1641879947
|move|p1a: Victini|Glaciate|p2a: Landorus
|-supereffective|p2a: Landorus
|-damage|p2a: Landorus|7/100
|-unboost|p2a: Landorus|spe|1
|move|p2a: Landorus|Earthquake|p1a: Victini
|-supereffective|p1a: Victini
|-crit|p1a: Victini
|-damage|p1a: Victini|0 fnt
|faint|p1a: Victini
|
|-heal|p2a: Landorus|13/100|[from] item: Leftovers
|upkeep
|c| AirEaseChairRico|that's the sickest avatar ever what the...
|j|+keys
|
|t:|1641879970
|switch|p1a: Rillaboom|Rillaboom, F|100/100
|-fieldstart|move: Grassy Terrain|[from] ability: Grassy Surge|[of] p1a: Rillaboom
|turn|12
|
|t:|1641879976
|switch|p2a: Tornadus|Tornadus-Therian, M|86/100
|move|p1a: Rillaboom|Grassy Glide|p2a: Tornadus
|-resisted|p2a: Tornadus
|-damage|p2a: Tornadus|41/100
|
|upkeep
|turn|13
|
|t:|1641879982
|switch|p2a: Melmetal|Melmetal|100/100
|switch|p1a: Nidoking|Nidoking, M|100/100
|
|upkeep
|turn|14
|j| yzy771348339163com
|
|t:|1641879999
|move|p1a: Nidoking|Earth Power|p2a: Melmetal
|-supereffective|p2a: Melmetal
|-damage|p2a: Melmetal|0 fnt
|faint|p2a: Melmetal
|
|upkeep
|c|☆fardin|damn
|l|+keys
|
|t:|1641880007
|switch|p2a: Urshifu|Urshifu-Rapid-Strike, F|100/100
|turn|15
|
|t:|1641880014
|switch|p1a: Corviknight|Corviknight, F|98/100
|-ability|p1a: Corviknight|Pressure
|move|p2a: Urshifu|U-turn|p1a: Corviknight
|-resisted|p1a: Corviknight
|-damage|p1a: Corviknight|94/100
|
|t:|1641880016
|switch|p2a: Heatran|Heatran, M|100/100|[from]move: U-turn
|-item|p2a: Heatran|Air Balloon
|
|upkeep
|turn|16
|
|t:|1641880021
|switch|p1a: Nidoqueen|Nidoqueen, F|100/100
|move|p2a: Heatran|Eruption|p1a: Nidoqueen
|-damage|p1a: Nidoqueen|17/100
|
|-heal|p1a: Nidoqueen|23/100|[from] Grassy Terrain
|-heal|p1a: Nidoqueen|29/100|[from] item: Black Sludge
|-fieldend|move: Grassy Terrain
|upkeep
|turn|17
|
|t:|1641880028
|move|p2a: Heatran|Eruption|p1a: Nidoqueen
|-damage|p1a: Nidoqueen|0 fnt
|faint|p1a: Nidoqueen
|
|upkeep
|l| AirEaseChairRico
|inactive|Jakerocks73 has 120 seconds left.
|
|t:|1641880059
|switch|p1a: Tapu Lele|Tapu Lele|100/100
|-fieldstart|move: Psychic Terrain|[from] ability: Psychic Surge|[of] p1a: Tapu Lele
|turn|18
|
|t:|1641880068
|switch|p2a: Tornadus|Tornadus-Therian, M|74/100
|move|p1a: Tapu Lele|Psyshock|p2a: Tornadus
|-damage|p2a: Tornadus|7/100
|
|upkeep
|turn|19
|
|t:|1641880075
|switch|p2a: Landorus|Landorus-Therian, M|13/100
|-ability|p2a: Landorus|Intimidate|boost
|-unboost|p1a: Tapu Lele|atk|1
|move|p1a: Tapu Lele|Psyshock|p2a: Landorus
|-damage|p2a: Landorus|0 fnt
|faint|p2a: Landorus
|
|upkeep
|
|t:|1641880082
|switch|p2a: Tapu Koko|Tapu Koko|100/100
|-fieldstart|move: Electric Terrain|[from] ability: Electric Surge|[of] p2a: Tapu Koko
|turn|20
|
|t:|1641880090
|move|p1a: Tapu Lele|Psyshock|p2a: Tapu Koko
|-damage|p2a: Tapu Koko|38/100
|move|p2a: Tapu Koko|Dazzling Gleam|p1a: Tapu Lele
|-damage|p1a: Tapu Lele|64/100
|
|upkeep
|turn|21
|
|t:|1641880094
|switch|p2a: Heatran|Heatran, M|100/100
|-item|p2a: Heatran|Air Balloon
|move|p1a: Tapu Lele|Psyshock|p2a: Heatran
|-resisted|p2a: Heatran
|-damage|p2a: Heatran|76/100
|-enditem|p2a: Heatran|Air Balloon
|
|upkeep
|turn|22
|
|t:|1641880112
|switch|p1a: Nidoking|Nidoking, M|100/100
|move|p2a: Heatran|Stealth Rock|p1a: Nidoking
|-sidestart|p1: Jakerocks73|move: Stealth Rock
|
|upkeep
|turn|23
|
|t:|1641880120
|switch|p2a: Tornadus|Tornadus-Therian, M|40/100
|move|p1a: Nidoking|Earth Power|p2a: Tornadus
|-immune|p2a: Tornadus
|
|upkeep
|turn|24
|
|t:|1641880135
|move|p2a: Tornadus|U-turn|p1a: Nidoking
|-resisted|p1a: Nidoking
|-damage|p1a: Nidoking|90/100
|
|t:|1641880137
|switch|p2a: Tapu Koko|Tapu Koko|38/100|[from]move: U-turn
|move|p1a: Nidoking|Sludge Wave|p2a: Tapu Koko
|-supereffective|p2a: Tapu Koko
|-crit|p2a: Tapu Koko
|-damage|p2a: Tapu Koko|0 fnt
|faint|p2a: Tapu Koko
|
|-fieldend|move: Electric Terrain
|upkeep
|
|t:|1641880139
|switch|p2a: Urshifu|Urshifu-Rapid-Strike, F|100/100
|turn|25
|
|t:|1641880145
|switch|p1a: Corviknight|Corviknight, F|94/100
|-damage|p1a: Corviknight|82/100|[from] Stealth Rock
|-ability|p1a: Corviknight|Pressure
|move|p2a: Urshifu|Surging Strikes|p1a: Corviknight
|-crit|p1a: Corviknight
|-damage|p1a: Corviknight|69/100
|-crit|p1a: Corviknight
|-damage|p1a: Corviknight|56/100
|-crit|p1a: Corviknight
|-damage|p1a: Corviknight|45/100
|-hitcount|p1a: Corviknight|3
|
|upkeep
|turn|26
|
|t:|1641880151
|move|p2a: Urshifu|U-turn|p1a: Corviknight
|-resisted|p1a: Corviknight
|-damage|p1a: Corviknight|41/100
|
|t:|1641880152
|switch|p2a: Heatran|Heatran, M|76/100|[from]move: U-turn
|move|p1a: Corviknight|Roost|p1a: Corviknight
|-heal|p1a: Corviknight|91/100
|-singleturn|p1a: Corviknight|move: Roost
|
|upkeep
|turn|27
|
|t:|1641880160
|switch|p1a: Tapu Lele|Tapu Lele|64/100
|-damage|p1a: Tapu Lele|52/100|[from] Stealth Rock
|-fieldstart|move: Psychic Terrain|[from] ability: Psychic Surge|[of] p1a: Tapu Lele
|move|p2a: Heatran|Eruption|p1a: Tapu Lele
|-damage|p1a: Tapu Lele|0 fnt
|faint|p1a: Tapu Lele
|
|upkeep
|c|☆fardin|idk why u did this
|
|t:|1641880172
|switch|p1a: Nidoking|Nidoking, M|90/100
|-damage|p1a: Nidoking|84/100|[from] Stealth Rock
|turn|28
|
|t:|1641880179
|switch|p2a: Tornadus|Tornadus-Therian, M|73/100
|move|p1a: Nidoking|Earth Power|p2a: Tornadus
|-immune|p2a: Tornadus
|
|upkeep
|turn|29
|
|t:|1641880186
|move|p2a: Tornadus|Knock Off|p1a: Nidoking
|-damage|p1a: Nidoking|56/100
|-enditem|p1a: Nidoking|Life Orb|[from] move: Knock Off|[of] p2a: Tornadus
|move|p1a: Nidoking|Ice Beam|p2a: Tornadus
|-supereffective|p2a: Tornadus
|-damage|p2a: Tornadus|29/100
|
|upkeep
|turn|30
|
|t:|1641880192
|move|p2a: Tornadus|U-turn|p1a: Nidoking
|-resisted|p1a: Nidoking
|-damage|p1a: Nidoking|46/100
|
|t:|1641880194
|switch|p2a: Urshifu|Urshifu-Rapid-Strike, F|100/100|[from]move: U-turn
|move|p1a: Nidoking|Sludge Wave|p2a: Urshifu
|-damage|p2a: Urshifu|25/100
|
|upkeep
|turn|31
|
|t:|1641880203
|move|p2a: Urshifu|Surging Strikes|p1a: Nidoking
|-supereffective|p1a: Nidoking
|-crit|p1a: Nidoking
|-damage|p1a: Nidoking|0 fnt
|faint|p1a: Nidoking
|-hitcount|p1: Nidoking|1
|
|-fieldend|move: Psychic Terrain
|upkeep
|
|t:|1641880205
|switch|p1a: Rillaboom|Rillaboom, F|100/100
|-damage|p1a: Rillaboom|88/100|[from] Stealth Rock
|-fieldstart|move: Grassy Terrain|[from] ability: Grassy Surge|[of] p1a: Rillaboom
|turn|32
|
|t:|1641880217
|move|p2a: Urshifu|U-turn|p1a: Rillaboom
|-supereffective|p1a: Rillaboom
|-damage|p1a: Rillaboom|34/100
|
|t:|1641880222
|switch|p2a: Heatran|Heatran, M|76/100|[from]move: U-turn
|move|p1a: Rillaboom|Superpower|p2a: Heatran
|-supereffective|p2a: Heatran
|-damage|p2a: Heatran|0 fnt
|-unboost|p1a: Rillaboom|atk|1
|-unboost|p1a: Rillaboom|def|1
|faint|p2a: Heatran
|
|-heal|p1a: Rillaboom|40/100|[from] Grassy Terrain
|upkeep
|
|t:|1641880226
|switch|p2a: Urshifu|Urshifu-Rapid-Strike, F|25/100
|turn|33
|
|t:|1641880229
|switch|p1a: Corviknight|Corviknight, F|91/100
|-damage|p1a: Corviknight|79/100|[from] Stealth Rock
|-ability|p1a: Corviknight|Pressure
|move|p2a: Urshifu|Close Combat|p1a: Corviknight
|-damage|p1a: Corviknight|42/100
|-unboost|p2a: Urshifu|def|1
|-unboost|p2a: Urshifu|spd|1
|
|-heal|p2a: Urshifu|31/100|[from] Grassy Terrain
|upkeep
|turn|34
|
|t:|1641880232
|move|p2a: Urshifu|U-turn|p1a: Corviknight
|-resisted|p1a: Corviknight
|-damage|p1a: Corviknight|38/100
|
|t:|1641880234
|switch|p2a: Tornadus|Tornadus-Therian, M|62/100|[from]move: U-turn
|move|p1a: Corviknight|Roost|p1a: Corviknight
|-heal|p1a: Corviknight|88/100
|-singleturn|p1a: Corviknight|move: Roost
|
|-heal|p1a: Corviknight|94/100|[from] Grassy Terrain
|upkeep
|turn|35
|
|t:|1641880237
|move|p2a: Tornadus|Heat Wave|p1a: Corviknight
|-supereffective|p1a: Corviknight
|-damage|p1a: Corviknight|46/100
|-status|p1a: Corviknight|brn
|move|p1a: Corviknight|Defog|p2a: Tornadus
|-unboost|p2a: Tornadus|evasion|1
|-sideend|p1: Jakerocks73|Stealth Rock|[from] move: Defog|[of] p1a: Corviknight
|-fieldend|move: Grassy Terrain
|
|-damage|p1a: Corviknight|40/100 brn|[from] brn
|upkeep
|turn|36
|
|t:|1641880242
|move|p2a: Tornadus|Heat Wave|p1a: Corviknight
|-supereffective|p1a: Corviknight
|-crit|p1a: Corviknight
|-damage|p1a: Corviknight|0 fnt
|faint|p1a: Corviknight
|
|upkeep
|
|t:|1641880243
|switch|p1a: Rillaboom|Rillaboom, F|40/100
|-fieldstart|move: Grassy Terrain|[from] ability: Grassy Surge|[of] p1a: Rillaboom
|turn|37
|
|t:|1641880255
|move|p1a: Rillaboom|Grassy Glide|p2a: Tornadus
|-resisted|p2a: Tornadus
|-damage|p2a: Tornadus|22/100
|move|p2a: Tornadus|U-turn|p1a: Rillaboom
|-supereffective|p1a: Rillaboom
|-damage|p1a: Rillaboom|8/100
|
|t:|1641880258
|switch|p2a: Urshifu|Urshifu-Rapid-Strike, F|31/100|[from]move: U-turn
|
|-heal|p2a: Urshifu|37/100|[from] Grassy Terrain
|-heal|p1a: Rillaboom|14/100|[from] Grassy Terrain
|upkeep
|turn|38
|
|t:|1641880260
|move|p2a: Urshifu|Aqua Jet|p1a: Rillaboom
|-resisted|p1a: Rillaboom
|-damage|p1a: Rillaboom|3/100
|move|p1a: Rillaboom|Grassy Glide|p2a: Urshifu
|-supereffective|p2a: Urshifu
|-damage|p2a: Urshifu|0 fnt
|faint|p2a: Urshifu
|
|-heal|p1a: Rillaboom|10/100|[from] Grassy Terrain
|upkeep
|
|t:|1641880263
|switch|p2a: Tornadus|Tornadus-Therian, M|55/100
|turn|39
|c|☆Jakerocks73|crit
|
|t:|1641880272
|move|p1a: Rillaboom|Grassy Glide|p2a: Tornadus
|-resisted|p2a: Tornadus
|-damage|p2a: Tornadus|12/100
|move|p2a: Tornadus|U-turn|p1a: Rillaboom
|-supereffective|p1a: Rillaboom
|-damage|p1a: Rillaboom|0 fnt
|faint|p1a: Rillaboom
|
|win|fardin
|raw|Jakerocks73's rating: 1727 &rarr; <strong>1708</strong><br />(-19 for losing)
|raw|fardin's rating: 1746 &rarr; <strong>1765</strong><br />(+19 for winning)
|c|☆fardin|gg
|l|☆Jakerocks73
