|j|☆BL153
|j|☆KondiTheErroBoi
|t:|1641753087
|gametype|singles
|player|p1|BL153|nate|1198
|player|p2|KondiTheErroBoi|rr-electrode|1090
|teamsize|p1|6
|teamsize|p2|6
|gen|8
|tier|[Gen 8] OU
|rated|
|rule|Sleep Clause Mod: Limit one foe put to sleep
|rule|Species Clause: Limit one of each Pokémon
|rule|OHKO Clause: OHKO moves are banned
|rule|Evasion Moves Clause: Evasion moves are banned
|rule|Endless Battle Clause: Forcing endless battles is banned
|rule|HP Percentage Mod: HP is shown in percentages
|rule|Dynamax Clause: You cannot dynamax
|rule|Z-Move Clause: Z-Moves are banned
|clearpoke
|poke|p1|Jirachi|
|poke|p1|Clefable, F|
|poke|p1|Medicham, M|
|poke|p1|Drapion, M|
|poke|p1|Hippowdon, M|
|poke|p1|Mantine, M|
|poke|p2|Tauros, M|
|poke|p2|Arcanine, M|
|poke|p2|Masquerain, M|
|poke|p2|Porygon|
|poke|p2|Tapu Lele|
|poke|p2|Cofagrigus, M|
|teampreview
|c|☆BL153|hf
|
|t:|1641753126
|start
|switch|p1a: Jirachi|Jirachi|100/100
|switch|p2a: Cofagrigus|Cofagrigus, M, shiny|100/100
|turn|1
|
|t:|1641753132
|move|p1a: Jirachi|Meteor Beam||[still]
|-prepare|p1a: Jirachi|Meteor Beam
|-boost|p1a: Jirachi|spa|1
|-enditem|p1a: Jirachi|Power Herb
|-anim|p1a: Jirachi|Meteor Beam|p2a: Cofagrigus
|-damage|p2a: Cofagrigus|69/100
|move|p2a: Cofagrigus|Toxic Spikes|p1a: Jirachi
|-sidestart|p1: BL153|move: Toxic Spikes
|
|-heal|p2a: Cofagrigus|76/100|[from] item: Leftovers
|upkeep
|turn|2
|
|t:|1641753142
|move|p1a: Jirachi|Flash Cannon|p2a: Cofagrigus
|-damage|p2a: Cofagrigus|19/100
|move|p2a: Cofagrigus|Will-O-Wisp|p1a: Jirachi|[miss]
|-miss|p2a: Cofagrigus|p1a: Jirachi
|
|-heal|p2a: Cofagrigus|25/100|[from] item: Leftovers
|upkeep
|turn|3
|j| Jacob546
|
|t:|1641753149
|move|p1a: Jirachi|Meteor Beam||[still]
|-prepare|p1a: Jirachi|Meteor Beam
|-boost|p1a: Jirachi|spa|1
|move|p2a: Cofagrigus|Hex|p1a: Jirachi
|-supereffective|p1a: Jirachi
|-damage|p1a: Jirachi|56/100
|
|-heal|p2a: Cofagrigus|32/100|[from] item: Leftovers
|upkeep
|turn|4
|
|t:|1641753155
|move|p1a: Jirachi|Meteor Beam|p2a: Cofagrigus|[from]lockedmove
|-damage|p2a: Cofagrigus|0 fnt
|faint|p2a: Cofagrigus
|
|upkeep
|
|t:|1641753161
|switch|p2a: Masquerain|Masquerain, M, shiny|100/100
|-ability|p2a: Masquerain|Intimidate|boost
|-unboost|p1a: Jirachi|atk|1
|turn|5
|l| Jacob546
|
|t:|1641753167
|switch|p1a: Mantine|Mantine, M|100/100
|move|p2a: Masquerain|Quiver Dance|p2a: Masquerain
|-boost|p2a: Masquerain|spa|1
|-boost|p2a: Masquerain|spd|1
|-boost|p2a: Masquerain|spe|1
|
|upkeep
|turn|6
|
|t:|1641753174
|move|p2a: Masquerain|Giga Drain|p1a: Mantine
|-crit|p1a: Mantine
|-damage|p1a: Mantine|71/100
|move|p1a: Mantine|Defog|p2a: Masquerain
|-unboost|p2a: Masquerain|evasion|1
|-sideend|p1: BL153|Toxic Spikes|[from] move: Defog|[of] p1a: Mantine
|
|upkeep
|turn|7
|
|t:|1641753180
|move|p2a: Masquerain|Quiver Dance|p2a: Masquerain
|-boost|p2a: Masquerain|spa|1
|-boost|p2a: Masquerain|spd|1
|-boost|p2a: Masquerain|spe|1
|move|p1a: Mantine|Scald|p2a: Masquerain
|-resisted|p2a: Masquerain
|-damage|p2a: Masquerain|91/100
|-status|p2a: Masquerain|brn
|
|-damage|p2a: Masquerain|85/100 brn|[from] brn
|upkeep
|turn|8
|
|t:|1641753189
|switch|p1a: Clefable|Clefable, F, shiny|100/100
|move|p2a: Masquerain|Air Slash|p1a: Clefable|[miss]
|-miss|p2a: Masquerain|p1a: Clefable
|
|-damage|p2a: Masquerain|79/100 brn|[from] brn
|upkeep
|turn|9
|
|t:|1641753198
|move|p2a: Masquerain|Giga Drain|p1a: Clefable
|-damage|p1a: Clefable|65/100
|-heal|p2a: Masquerain|100/100 brn|[from] drain|[of] p1a: Clefable
|move|p1a: Clefable|Stealth Rock|p2a: Masquerain
|-sidestart|p2: KondiTheErroBoi|move: Stealth Rock
|
|-heal|p1a: Clefable|71/100|[from] item: Leftovers
|-damage|p2a: Masquerain|95/100 brn|[from] brn
|upkeep
|turn|10
|
|t:|1641753205
|move|p2a: Masquerain|Air Slash|p1a: Clefable
|-damage|p1a: Clefable|33/100
|move|p1a: Clefable|Moonblast|p2a: Masquerain
|-damage|p2a: Masquerain|73/100 brn
|
|-heal|p1a: Clefable|39/100|[from] item: Leftovers
|-damage|p2a: Masquerain|67/100 brn|[from] brn
|upkeep
|turn|11
|
|t:|1641753211
|move|p2a: Masquerain|Giga Drain|p1a: Clefable
|-damage|p1a: Clefable|3/100
|-heal|p2a: Masquerain|91/100 brn|[from] drain|[of] p1a: Clefable
|move|p1a: Clefable|Soft-Boiled|p1a: Clefable
|-heal|p1a: Clefable|53/100
|
|-heal|p1a: Clefable|59/100|[from] item: Leftovers
|-damage|p2a: Masquerain|85/100 brn|[from] brn
|upkeep
|turn|12
|
|t:|1641753221
|move|p2a: Masquerain|Giga Drain|p1a: Clefable
|-damage|p1a: Clefable|24/100
|-heal|p2a: Masquerain|100/100 brn|[from] drain|[of] p1a: Clefable
|move|p1a: Clefable|Soft-Boiled|p1a: Clefable
|-heal|p1a: Clefable|74/100
|
|-heal|p1a: Clefable|80/100|[from] item: Leftovers
|-damage|p2a: Masquerain|95/100 brn|[from] brn
|upkeep
|turn|13
|
|t:|1641753228
|move|p2a: Masquerain|Quiver Dance|p2a: Masquerain
|-boost|p2a: Masquerain|spa|1
|-boost|p2a: Masquerain|spd|1
|-boost|p2a: Masquerain|spe|1
|move|p1a: Clefable|Moonblast|p2a: Masquerain
|-damage|p2a: Masquerain|78/100 brn
|-unboost|p2a: Masquerain|spa|1
|
|-heal|p1a: Clefable|86/100|[from] item: Leftovers
|-damage|p2a: Masquerain|72/100 brn|[from] brn
|upkeep
|turn|14
|
|t:|1641753234
|move|p2a: Masquerain|Giga Drain|p1a: Clefable
|-damage|p1a: Clefable|50/100
|-heal|p2a: Masquerain|96/100 brn|[from] drain|[of] p1a: Clefable
|move|p1a: Clefable|Moonblast|p2a: Masquerain
|-damage|p2a: Masquerain|78/100 brn
|
|-heal|p1a: Clefable|56/100|[from] item: Leftovers
|-damage|p2a: Masquerain|72/100 brn|[from] brn
|upkeep
|turn|15
|j| Jacob546
|
|t:|1641753240
|move|p2a: Masquerain|Quiver Dance|p2a: Masquerain
|-boost|p2a: Masquerain|spa|1
|-boost|p2a: Masquerain|spd|1
|-boost|p2a: Masquerain|spe|1
|move|p1a: Clefable|Soft-Boiled|p1a: Clefable
|-heal|p1a: Clefable|100/100
|
|-damage|p2a: Masquerain|66/100 brn|[from] brn
|upkeep
|turn|16
|
|t:|1641753250
|move|p2a: Masquerain|Giga Drain|p1a: Clefable
|-damage|p1a: Clefable|55/100
|-heal|p2a: Masquerain|96/100 brn|[from] drain|[of] p1a: Clefable
|move|p1a: Clefable|Moonblast|p2a: Masquerain
|-damage|p2a: Masquerain|80/100 brn
|
|-heal|p1a: Clefable|61/100|[from] item: Leftovers
|-damage|p2a: Masquerain|74/100 brn|[from] brn
|upkeep
|turn|17
|
|t:|1641753257
|move|p2a: Masquerain|Quiver Dance|p2a: Masquerain
|-boost|p2a: Masquerain|spa|1
|-boost|p2a: Masquerain|spd|1
|-boost|p2a: Masquerain|spe|1
|move|p1a: Clefable|Soft-Boiled|p1a: Clefable
|-heal|p1a: Clefable|100/100
|
|-damage|p2a: Masquerain|68/100 brn|[from] brn
|upkeep
|turn|18
|
|t:|1641753265
|move|p2a: Masquerain|Giga Drain|p1a: Clefable
|-damage|p1a: Clefable|52/100
|-heal|p2a: Masquerain|99/100 brn|[from] drain|[of] p1a: Clefable
|move|p1a: Clefable|Moonblast|p2a: Masquerain
|-damage|p2a: Masquerain|87/100 brn
|-unboost|p2a: Masquerain|spa|1
|
|-heal|p1a: Clefable|58/100|[from] item: Leftovers
|-damage|p2a: Masquerain|81/100 brn|[from] brn
|upkeep
|turn|19
|
|t:|1641753271
|move|p2a: Masquerain|Quiver Dance|p2a: Masquerain
|-boost|p2a: Masquerain|spa|1
|-boost|p2a: Masquerain|spd|1
|-boost|p2a: Masquerain|spe|1
|move|p1a: Clefable|Soft-Boiled|p1a: Clefable
|-heal|p1a: Clefable|100/100
|
|-damage|p2a: Masquerain|75/100 brn|[from] brn
|upkeep
|turn|20
|
|t:|1641753281
|move|p2a: Masquerain|Giga Drain|p1a: Clefable
|-damage|p1a: Clefable|52/100
|-heal|p2a: Masquerain|100/100 brn|[from] drain|[of] p1a: Clefable
|move|p1a: Clefable|Moonblast|p2a: Masquerain
|-damage|p2a: Masquerain|89/100 brn
|
|-heal|p1a: Clefable|58/100|[from] item: Leftovers
|-damage|p2a: Masquerain|83/100 brn|[from] brn
|upkeep
|turn|21
|
|t:|1641753291
|move|p2a: Masquerain|Quiver Dance|p2a: Masquerain
|-boost|p2a: Masquerain|spa|1
|-boost|p2a: Masquerain|spd|0
|-boost|p2a: Masquerain|spe|0
|move|p1a: Clefable|Soft-Boiled|p1a: Clefable
|-heal|p1a: Clefable|100/100
|
|-damage|p2a: Masquerain|77/100 brn|[from] brn
|upkeep
|turn|22
|
|t:|1641753298
|move|p2a: Masquerain|Giga Drain|p1a: Clefable
|-damage|p1a: Clefable|36/100
|-heal|p2a: Masquerain|100/100 brn|[from] drain|[of] p1a: Clefable
|move|p1a: Clefable|Moonblast|p2a: Masquerain
|-damage|p2a: Masquerain|90/100 brn
|-unboost|p2a: Masquerain|spa|1
|
|-heal|p1a: Clefable|42/100|[from] item: Leftovers
|-damage|p2a: Masquerain|84/100 brn|[from] brn
|upkeep
|turn|23
|
|t:|1641753305
|move|p2a: Masquerain|Quiver Dance|p2a: Masquerain
|-boost|p2a: Masquerain|spa|1
|-boost|p2a: Masquerain|spd|0
|-boost|p2a: Masquerain|spe|0
|move|p1a: Clefable|Soft-Boiled|p1a: Clefable
|-heal|p1a: Clefable|92/100
|
|-heal|p1a: Clefable|98/100|[from] item: Leftovers
|-damage|p2a: Masquerain|78/100 brn|[from] brn
|upkeep
|turn|24
|
|t:|1641753319
|move|p2a: Masquerain|Giga Drain|p1a: Clefable
|-damage|p1a: Clefable|35/100
|-heal|p2a: Masquerain|100/100 brn|[from] drain|[of] p1a: Clefable
|move|p1a: Clefable|Moonblast|p2a: Masquerain
|-damage|p2a: Masquerain|91/100 brn
|
|-heal|p1a: Clefable|41/100|[from] item: Leftovers
|-damage|p2a: Masquerain|85/100 brn|[from] brn
|upkeep
|turn|25
|
|t:|1641753326
|move|p2a: Masquerain|Giga Drain|p1a: Clefable
|-damage|p1a: Clefable|0 fnt
|-heal|p2a: Masquerain|100/100 brn|[from] drain|[of] p1a: Clefable
|faint|p1a: Clefable
|
|-damage|p2a: Masquerain|95/100 brn|[from] brn
|upkeep
|
|t:|1641753331
|switch|p1a: Mantine|Mantine, M|71/100
|turn|26
|
|t:|1641753335
|move|p2a: Masquerain|Giga Drain|p1a: Mantine
|-damage|p1a: Mantine|31/100
|-heal|p2a: Masquerain|100/100 brn|[from] drain|[of] p1a: Mantine
|move|p1a: Mantine|Roost|p1a: Mantine
|-heal|p1a: Mantine|81/100
|-singleturn|p1a: Mantine|move: Roost
|
|-damage|p2a: Masquerain|95/100 brn|[from] brn
|upkeep
|turn|27
|
|t:|1641753342
|move|p2a: Masquerain|Quiver Dance|p2a: Masquerain
|-boost|p2a: Masquerain|spa|1
|-boost|p2a: Masquerain|spd|0
|-boost|p2a: Masquerain|spe|0
|move|p1a: Mantine|Roost|p1a: Mantine
|-heal|p1a: Mantine|100/100
|-singleturn|p1a: Mantine|move: Roost
|
|-damage|p2a: Masquerain|89/100 brn|[from] brn
|upkeep
|turn|28
|
|t:|1641753348
|move|p2a: Masquerain|Giga Drain|p1a: Mantine
|-damage|p1a: Mantine|49/100
|-heal|p2a: Masquerain|100/100 brn|[from] drain|[of] p1a: Mantine
|move|p1a: Mantine|Scald|p2a: Masquerain
|-resisted|p2a: Masquerain
|-damage|p2a: Masquerain|96/100 brn
|
|-damage|p2a: Masquerain|90/100 brn|[from] brn
|upkeep
|turn|29
|
|t:|1641753354
|move|p2a: Masquerain|Giga Drain|p1a: Mantine
|-damage|p1a: Mantine|0 fnt
|-heal|p2a: Masquerain|100/100 brn|[from] drain|[of] p1a: Mantine
|faint|p1a: Mantine
|
|-damage|p2a: Masquerain|95/100 brn|[from] brn
|upkeep
|
|t:|1641753358
|switch|p1a: Hippowdon|Hippowdon, M|100/100
|-weather|Sandstorm|[from] ability: Sand Stream|[of] p1a: Hippowdon
|turn|30
|
|t:|1641753363
|switch|p1a: Jirachi|Jirachi|56/100
|move|p2a: Masquerain|Giga Drain|p1a: Jirachi
|-resisted|p1a: Jirachi
|-damage|p1a: Jirachi|18/100
|-heal|p2a: Masquerain|100/100 brn|[from] drain|[of] p1a: Jirachi
|
|-weather|Sandstorm|[upkeep]
|-damage|p2a: Masquerain|95/100 brn|[from] Sandstorm
|-damage|p2a: Masquerain|89/100 brn|[from] brn
|upkeep
|turn|31
|
|t:|1641753373
|move|p2a: Masquerain|Bug Buzz|p1a: Jirachi
|-damage|p1a: Jirachi|0 fnt
|faint|p1a: Jirachi
|
|-weather|Sandstorm|[upkeep]
|-damage|p2a: Masquerain|83/100 brn|[from] Sandstorm
|-damage|p2a: Masquerain|77/100 brn|[from] brn
|upkeep
|
|t:|1641753379
|switch|p1a: Medicham|Medicham, M|100/100
|turn|32
|
|t:|1641753383
|detailschange|p1a: Medicham|Medicham-Mega, M
|-mega|p1a: Medicham|Medicham|Medichamite
|move|p1a: Medicham|Bullet Punch|p2a: Masquerain
|-resisted|p2a: Masquerain
|-damage|p2a: Masquerain|59/100 brn
|move|p2a: Masquerain|Air Slash|p1a: Medicham
|-supereffective|p1a: Medicham
|-damage|p1a: Medicham|0 fnt
|faint|p1a: Medicham
|
|-weather|Sandstorm|[upkeep]
|-damage|p2a: Masquerain|53/100 brn|[from] Sandstorm
|-damage|p2a: Masquerain|47/100 brn|[from] brn
|upkeep
|
|t:|1641753389
|switch|p1a: Hippowdon|Hippowdon, M|100/100
|turn|33
|c|☆BL153|gg
|
|t:|1641753395
|move|p2a: Masquerain|Giga Drain|p1a: Hippowdon
|-supereffective|p1a: Hippowdon
|-damage|p1a: Hippowdon|0 fnt
|-heal|p2a: Masquerain|100/100 brn|[from] drain|[of] p1a: Hippowdon
|faint|p1a: Hippowdon
|
|-weather|Sandstorm|[upkeep]
|-damage|p2a: Masquerain|95/100 brn|[from] Sandstorm
|-damage|p2a: Masquerain|89/100 brn|[from] brn
|upkeep
|-message|BL153 forfeited.
|
|win|KondiTheErroBoi
|raw|BL153's rating: 1198 &rarr; <strong>1166</strong><br />(-32 for losing)
|raw|KondiTheErroBoi's rating: 1090 &rarr; <strong>1137</strong><br />(+47 for winning)
|l|☆BL153
