|inactive|Battle timer is ON: inactive players will automatically lose when time's up.
|t:|1641727086
|gametype|singles
|player|p1|regnite ◕‿◕|blue-gen2|
|player|p2|Luispeikou|#wcop2020spain|
|teamsize|p1|6
|teamsize|p2|6
|gen|8
|tier|[Gen 8] OU
|rule|Sleep Clause Mod: Limit one foe put to sleep
|rule|Species Clause: Limit one of each Pokémon
|rule|OHKO Clause: OHKO moves are banned
|rule|Evasion Moves Clause: Evasion moves are banned
|rule|Endless Battle Clause: Forcing endless battles is banned
|rule|HP Percentage Mod: HP is shown in percentages
|rule|Dynamax Clause: You cannot dynamax
|clearpoke
|poke|p1|Ferrothorn, F|
|poke|p1|Hydreigon, F|
|poke|p1|Landorus-Therian, M|
|poke|p1|Tornadus-Therian, M|
|poke|p1|Urshifu-*, M|
|poke|p1|Zeraora|
|poke|p2|Nidoking, M|
|poke|p2|Ferrothorn, F|
|poke|p2|Dragapult, F|
|poke|p2|Urshifu-*, M|
|poke|p2|Landorus-Therian, M|
|poke|p2|Tapu Fini|
|teampreview
|inactive|regnite ◕‿◕ also wants the timer to be on.
|inactive|Luispeikou also wants the timer to be on.
|c|☆regnite ◕‿◕|el que pierda es m word
|c|☆Luispeikou|mguapo?
|c|☆regnite ◕‿◕|no
|inactive|Luispeikou has 270 seconds left.
|c|☆regnite ◕‿◕|maestro aricon
|c|☆Luispeikou|man...
|
|t:|1641727130
|start
|switch|p1a: Hydreigon|Hydreigon, F|100/100
|switch|p2a: Landorus|Landorus-Therian, M|100/100
|-ability|p2a: Landorus|Intimidate|boost
|-unboost|p1a: Hydreigon|atk|1
|turn|1
|
|t:|1641727141
|switch|p1a: Landorus|Landorus-Therian, M|100/100
|-ability|p1a: Landorus|Intimidate|boost
|-unboost|p2a: Landorus|atk|1
|move|p2a: Landorus|Knock Off|p1a: Landorus
|-damage|p1a: Landorus|82/100
|-enditem|p1a: Landorus|Leftovers|[from] move: Knock Off|[of] p2a: Landorus
|
|upkeep
|turn|2
|
|t:|1641727146
|move|p1a: Landorus|Toxic|p2a: Landorus
|-status|p2a: Landorus|tox
|move|p2a: Landorus|Stealth Rock|p1a: Landorus
|-sidestart|p1: regnite ◕‿◕|move: Stealth Rock
|
|-damage|p2a: Landorus|94/100 tox|[from] psn
|upkeep
|turn|3
|
|t:|1641727149
|move|p1a: Landorus|Defog|p2a: Landorus
|-unboost|p2a: Landorus|evasion|1
|-sideend|p1: regnite ◕‿◕|Stealth Rock|[from] move: Defog|[of] p1a: Landorus
|move|p2a: Landorus|U-turn|p1a: Landorus
|-resisted|p1a: Landorus
|-damage|p1a: Landorus|74/100
|
|t:|1641727151
|switch|p2a: Urshifu|Urshifu-Rapid-Strike, M|100/100|[from]move: U-turn
|
|upkeep
|turn|4
|
|t:|1641727160
|switch|p1a: Tornadus|Tornadus-Therian, M|100/100
|move|p2a: Urshifu|Close Combat|p1a: Tornadus
|-resisted|p1a: Tornadus
|-damage|p1a: Tornadus|43/100
|-unboost|p2a: Urshifu|def|1
|-unboost|p2a: Urshifu|spd|1
|
|upkeep
|turn|5
|
|t:|1641727182
|switch|p2a: Ferrothorn|Ferrothorn, F|100/100
|move|p1a: Tornadus|Hurricane|p2a: Ferrothorn
|-damage|p2a: Ferrothorn|74/100
|
|-heal|p2a: Ferrothorn|80/100|[from] item: Leftovers
|upkeep
|turn|6
|
|t:|1641727190
|move|p1a: Tornadus|Heat Wave|p2a: Ferrothorn
|-supereffective|p2a: Ferrothorn
|-damage|p2a: Ferrothorn|24/100
|-status|p2a: Ferrothorn|brn
|move|p2a: Ferrothorn|Knock Off|p1a: Tornadus
|-damage|p1a: Tornadus|31/100
|-enditem|p1a: Tornadus|Assault Vest|[from] move: Knock Off|[of] p2a: Ferrothorn
|
|-heal|p2a: Ferrothorn|30/100 brn|[from] item: Leftovers
|-damage|p2a: Ferrothorn|24/100 brn|[from] brn
|upkeep
|turn|7
|c|☆Luispeikou|buen burn man
|c|☆Luispeikou|muertos
|c|☆regnite ◕‿◕|ok
|
|t:|1641727211
|move|p1a: Tornadus|Heat Wave|p2a: Ferrothorn
|-supereffective|p2a: Ferrothorn
|-damage|p2a: Ferrothorn|0 fnt
|faint|p2a: Ferrothorn
|
|upkeep
|
|t:|1641727214
|switch|p2a: Dragapult|Dragapult, F|100/100
|turn|8
|
|t:|1641727225
|switch|p1a: Ferrothorn|Ferrothorn, F|100/100
|move|p2a: Dragapult|U-turn|p1a: Ferrothorn
|-damage|p1a: Ferrothorn|87/100
|-damage|p2a: Dragapult|88/100|[from] ability: Iron Barbs|[of] p1a: Ferrothorn
|
|t:|1641727229
|switch|p2a: Nidoking|Nidoking, M|100/100|[from]move: U-turn
|
|-heal|p1a: Ferrothorn|93/100|[from] item: Leftovers
|upkeep
|turn|9
|
|t:|1641727231
|switch|p1a: Hydreigon|Hydreigon, F|100/100
|move|p2a: Nidoking|Flamethrower|p1a: Hydreigon
|-resisted|p1a: Hydreigon
|-damage|p1a: Hydreigon|80/100
|
|upkeep
|turn|10
|
|t:|1641727241
|switch|p2a: Landorus|Landorus-Therian, M|94/100 tox
|-ability|p2a: Landorus|Intimidate|boost
|-unboost|p1a: Hydreigon|atk|1
|move|p1a: Hydreigon|Draco Meteor|p2a: Landorus
|-damage|p2a: Landorus|9/100 tox
|-unboost|p1a: Hydreigon|spa|2
|-damage|p1a: Hydreigon|70/100|[from] item: Life Orb
|
|-heal|p2a: Landorus|15/100 tox|[from] item: Leftovers
|-damage|p2a: Landorus|9/100 tox|[from] psn
|upkeep
|turn|11
|
|t:|1641727248
|switch|p2a: Tapu Fini|Tapu Fini|100/100
|-fieldstart|move: Misty Terrain|[from] ability: Misty Surge|[of] p2a: Tapu Fini
|move|p1a: Hydreigon|Dark Pulse|p2a: Tapu Fini
|-resisted|p2a: Tapu Fini
|-damage|p2a: Tapu Fini|93/100
|-damage|p1a: Hydreigon|60/100|[from] item: Life Orb
|
|-heal|p2a: Tapu Fini|99/100|[from] item: Leftovers
|upkeep
|turn|12
|
|t:|1641727259
|switch|p1a: Ferrothorn|Ferrothorn, F|93/100
|switch|p2a: Urshifu|Urshifu-Rapid-Strike, M|100/100
|
|-heal|p1a: Ferrothorn|99/100|[from] item: Leftovers
|upkeep
|turn|13
|inactive|regnite ◕‿◕ has 270 seconds left.
|
|t:|1641727304
|switch|p1a: Landorus|Landorus-Therian, M|74/100
|-ability|p1a: Landorus|Intimidate|boost
|-unboost|p2a: Urshifu|atk|1
|move|p2a: Urshifu|Close Combat|p1a: Landorus
|-resisted|p1a: Landorus
|-damage|p1a: Landorus|42/100
|-unboost|p2a: Urshifu|def|1
|-unboost|p2a: Urshifu|spd|1
|
|upkeep
|turn|14
|
|t:|1641727310
|switch|p2a: Landorus|Landorus-Therian, M|9/100 tox
|-ability|p2a: Landorus|Intimidate|boost
|-unboost|p1a: Landorus|atk|1
|move|p1a: Landorus|U-turn|p2a: Landorus
|-resisted|p2a: Landorus
|-damage|p2a: Landorus|4/100 tox
|
|t:|1641727315
|switch|p1a: Zeraora|Zeraora|100/100|[from]move: U-turn
|
|-heal|p2a: Landorus|10/100 tox|[from] item: Leftovers
|-damage|p2a: Landorus|4/100 tox|[from] psn
|upkeep
|turn|15
|
|t:|1641727327
|move|p1a: Zeraora|Knock Off|p2a: Landorus
|-damage|p2a: Landorus|0 fnt
|-enditem|p2a: Landorus|Leftovers|[from] move: Knock Off|[of] p1a: Zeraora
|faint|p2a: Landorus
|
|-fieldend|Misty Terrain
|upkeep
|
|t:|1641727330
|switch|p2a: Nidoking|Nidoking, M|100/100
|turn|16
|
|t:|1641727338
|switch|p1a: Tornadus|Tornadus-Therian, M|64/100
|move|p2a: Nidoking|Ice Beam|p1a: Tornadus
|-supereffective|p1a: Tornadus
|-damage|p1a: Tornadus|0 fnt
|faint|p1a: Tornadus
|
|upkeep
|
|t:|1641727342
|switch|p1a: Urshifu|Urshifu-Rapid-Strike, M|100/100
|turn|17
|
|t:|1641727371
|switch|p2a: Tapu Fini|Tapu Fini|99/100
|-fieldstart|move: Misty Terrain|[from] ability: Misty Surge|[of] p2a: Tapu Fini
|move|p1a: Urshifu|Surging Strikes|p2a: Tapu Fini
|-resisted|p2a: Tapu Fini
|-crit|p2a: Tapu Fini
|-damage|p2a: Tapu Fini|91/100
|-resisted|p2a: Tapu Fini
|-crit|p2a: Tapu Fini
|-damage|p2a: Tapu Fini|82/100
|-resisted|p2a: Tapu Fini
|-crit|p2a: Tapu Fini
|-damage|p2a: Tapu Fini|73/100
|-hitcount|p2a: Tapu Fini|3
|
|-heal|p2a: Tapu Fini|80/100|[from] item: Leftovers
|upkeep
|turn|18
|
|t:|1641727378
|switch|p2a: Urshifu|Urshifu-Rapid-Strike, M|100/100
|move|p1a: Urshifu|U-turn|p2a: Urshifu
|-resisted|p2a: Urshifu
|-damage|p2a: Urshifu|89/100
|
|t:|1641727381
|switch|p1a: Zeraora|Zeraora|100/100|[from]move: U-turn
|
|upkeep
|turn|19
|
|t:|1641727393
|switch|p2a: Nidoking|Nidoking, M|100/100
|move|p1a: Zeraora|Volt Switch|p2a: Nidoking
|-immune|p2a: Nidoking
|
|upkeep
|turn|20
|
|t:|1641727403
|switch|p1a: Landorus|Landorus-Therian, M|42/100
|-ability|p1a: Landorus|Intimidate|boost
|-unboost|p2a: Nidoking|atk|1
|move|p2a: Nidoking|Earth Power|p1a: Landorus
|-immune|p1a: Landorus
|
|upkeep
|turn|21
|inactive|Luispeikou has 270 seconds left.
|
|t:|1641727449
|switch|p2a: Urshifu|Urshifu-Rapid-Strike, M|89/100
|switch|p1a: Urshifu|Urshifu-Rapid-Strike, M|100/100
|
|-fieldend|Misty Terrain
|upkeep
|turn|22
|
|t:|1641727457
|move|p2a: Urshifu|Close Combat|p1a: Urshifu
|-damage|p1a: Urshifu|14/100
|-unboost|p2a: Urshifu|def|1
|-unboost|p2a: Urshifu|spd|1
|move|p1a: Urshifu|Thunder Punch|p2a: Urshifu
|-supereffective|p2a: Urshifu
|-damage|p2a: Urshifu|5/100
|
|upkeep
|turn|23
|
|t:|1641727463
|move|p1a: Urshifu|U-turn|p2a: Urshifu
|-resisted|p2a: Urshifu
|-damage|p2a: Urshifu|0 fnt
|faint|p2a: Urshifu
|
|t:|1641727472
|switch|p1a: Hydreigon|Hydreigon, F|60/100|[from]move: U-turn
|
|upkeep
|inactive|Luispeikou has 270 seconds left.
|
|t:|1641727485
|switch|p2a: Tapu Fini|Tapu Fini|80/100
|-fieldstart|move: Misty Terrain|[from] ability: Misty Surge|[of] p2a: Tapu Fini
|turn|24
|inactive|Luispeikou has 270 seconds left.
|
|t:|1641727500
|switch|p1a: Ferrothorn|Ferrothorn, F|99/100
|switch|p2a: Nidoking|Nidoking, M|100/100
|
|-heal|p1a: Ferrothorn|100/100|[from] item: Leftovers
|upkeep
|turn|25
|
|t:|1641727518
|switch|p1a: Landorus|Landorus-Therian, M|42/100
|-ability|p1a: Landorus|Intimidate|boost
|-unboost|p2a: Nidoking|atk|1
|move|p2a: Nidoking|Flamethrower|p1a: Landorus
|-damage|p1a: Landorus|10/100
|
|upkeep
|turn|26
|inactive|Luispeikou has 270 seconds left.
|
|t:|1641727531
|switch|p2a: Tapu Fini|Tapu Fini|80/100
|move|p1a: Landorus|U-turn|p2a: Tapu Fini
|-resisted|p2a: Tapu Fini
|-damage|p2a: Tapu Fini|70/100
|
|t:|1641727536
|switch|p1a: Zeraora|Zeraora|100/100|[from]move: U-turn
|
|-heal|p2a: Tapu Fini|76/100|[from] item: Leftovers
|upkeep
|turn|27
|inactive|Luispeikou has 270 seconds left.
|
|t:|1641727558
|move|p1a: Zeraora|Knock Off|p2a: Tapu Fini
|-resisted|p2a: Tapu Fini
|-damage|p2a: Tapu Fini|62/100
|-enditem|p2a: Tapu Fini|Leftovers|[from] move: Knock Off|[of] p1a: Zeraora
|move|p2a: Tapu Fini|Whirlpool|p1a: Zeraora
|-damage|p1a: Zeraora|84/100
|-activate|p1a: Zeraora|move: Whirlpool|[of] p2a: Tapu Fini
|
|-damage|p1a: Zeraora|72/100|[from] move: Whirlpool|[partiallytrapped]
|upkeep
|turn|28
|
|t:|1641727567
|switch|p2a: Nidoking|Nidoking, M|100/100
|move|p1a: Zeraora|Plasma Fists|p2a: Nidoking
|-immune|p2a: Nidoking
|
|-end|p1a: Zeraora|Whirlpool|[partiallytrapped]|[silent]
|-fieldend|Misty Terrain
|upkeep
|turn|29
|inactive|Luispeikou has 270 seconds left.
|
|t:|1641727574
|switch|p1a: Landorus|Landorus-Therian, M|10/100
|-ability|p1a: Landorus|Intimidate|boost
|-unboost|p2a: Nidoking|atk|1
|move|p2a: Nidoking|Flamethrower|p1a: Landorus
|-damage|p1a: Landorus|0 fnt
|faint|p1a: Landorus
|
|upkeep
|
|t:|1641727578
|switch|p1a: Urshifu|Urshifu-Rapid-Strike, M|14/100
|turn|30
|
|t:|1641727588
|switch|p2a: Tapu Fini|Tapu Fini|62/100
|-fieldstart|move: Misty Terrain|[from] ability: Misty Surge|[of] p2a: Tapu Fini
|move|p1a: Urshifu|Surging Strikes|p2a: Tapu Fini
|-resisted|p2a: Tapu Fini
|-crit|p2a: Tapu Fini
|-damage|p2a: Tapu Fini|53/100
|-resisted|p2a: Tapu Fini
|-crit|p2a: Tapu Fini
|-damage|p2a: Tapu Fini|44/100
|-resisted|p2a: Tapu Fini
|-crit|p2a: Tapu Fini
|-damage|p2a: Tapu Fini|34/100
|-hitcount|p2a: Tapu Fini|3
|
|upkeep
|turn|31
|
|t:|1641727594
|switch|p2a: Nidoking|Nidoking, M|100/100
|move|p1a: Urshifu|Thunder Punch|p2a: Nidoking
|-immune|p2a: Nidoking
|
|upkeep
|turn|32
|
|t:|1641727604
|switch|p2a: Tapu Fini|Tapu Fini|34/100
|move|p1a: Urshifu|Surging Strikes|p2a: Tapu Fini
|-resisted|p2a: Tapu Fini
|-crit|p2a: Tapu Fini
|-damage|p2a: Tapu Fini|26/100
|-resisted|p2a: Tapu Fini
|-crit|p2a: Tapu Fini
|-damage|p2a: Tapu Fini|17/100
|-resisted|p2a: Tapu Fini
|-crit|p2a: Tapu Fini
|-damage|p2a: Tapu Fini|8/100
|-hitcount|p2a: Tapu Fini|3
|
|upkeep
|turn|33
|
|t:|1641727610
|move|p1a: Urshifu|Surging Strikes|p2a: Tapu Fini
|-resisted|p2a: Tapu Fini
|-crit|p2a: Tapu Fini
|-damage|p2a: Tapu Fini|0 fnt
|faint|p2a: Tapu Fini
|-hitcount|p2: Tapu Fini|1
|
|upkeep
|
|t:|1641727622
|switch|p2a: Dragapult|Dragapult, F|88/100
|turn|34
|
|t:|1641727628
|switch|p1a: Hydreigon|Hydreigon, F|60/100
|move|p2a: Dragapult|Shadow Ball|p1a: Hydreigon
|-resisted|p1a: Hydreigon
|-damage|p1a: Hydreigon|29/100
|
|-fieldend|Misty Terrain
|upkeep
|turn|35
|
|t:|1641727634
|switch|p1a: Ferrothorn|Ferrothorn, F|100/100
|move|p2a: Dragapult|Shadow Ball|p1a: Ferrothorn
|-damage|p1a: Ferrothorn|70/100
|
|-heal|p1a: Ferrothorn|76/100|[from] item: Leftovers
|upkeep
|turn|36
|
|t:|1641727647
|switch|p2a: Nidoking|Nidoking, M|100/100
|move|p1a: Ferrothorn|Iron Head|p2a: Nidoking
|-damage|p2a: Nidoking|63/100
|
|-heal|p1a: Ferrothorn|82/100|[from] item: Leftovers
|upkeep
|turn|37
|
|t:|1641727652
|switch|p1a: Hydreigon|Hydreigon, F|29/100
|move|p2a: Nidoking|Flamethrower|p1a: Hydreigon
|-resisted|p1a: Hydreigon
|-damage|p1a: Hydreigon|8/100
|
|upkeep
|turn|38
|
|t:|1641727657
|move|p1a: Hydreigon|Dark Pulse|p2a: Nidoking
|-damage|p2a: Nidoking|0 fnt
|faint|p2a: Nidoking
|-damage|p1a: Hydreigon|0 fnt|[from] item: Life Orb
|faint|p1a: Hydreigon
|
|upkeep
|
|t:|1641727673
|switch|p1a: Zeraora|Zeraora|72/100
|switch|p2a: Dragapult|Dragapult, F|88/100
|turn|39
|
|t:|1641727679
|move|p1a: Zeraora|Volt Switch|p2a: Dragapult
|-resisted|p2a: Dragapult
|-damage|p2a: Dragapult|75/100
|
|t:|1641727682
|switch|p1a: Urshifu|Urshifu-Rapid-Strike, M|14/100|[from]move: Volt Switch
|move|p2a: Dragapult|Shadow Ball|p1a: Urshifu
|-damage|p1a: Urshifu|0 fnt
|faint|p1a: Urshifu
|
|upkeep
|c|☆Luispeikou|gg man soyla mcon...
|
|t:|1641727685
|switch|p1a: Ferrothorn|Ferrothorn, F|82/100
|turn|40
|
|t:|1641727688
|move|p2a: Dragapult|Shadow Ball|p1a: Ferrothorn
|-damage|p1a: Ferrothorn|48/100
|-unboost|p1a: Ferrothorn|spd|1
|move|p1a: Ferrothorn|Iron Head|p2a: Dragapult
|-damage|p2a: Dragapult|38/100
|
|-heal|p1a: Ferrothorn|54/100|[from] item: Leftovers
|upkeep
|turn|41
|
|t:|1641727691
|move|p2a: Dragapult|Shadow Ball|p1a: Ferrothorn
|-damage|p1a: Ferrothorn|6/100
|move|p1a: Ferrothorn|Iron Head|p2a: Dragapult
|-damage|p2a: Dragapult|5/100
|
|-heal|p1a: Ferrothorn|13/100|[from] item: Leftovers
|upkeep
|turn|42
|
|t:|1641727695
|move|p2a: Dragapult|Shadow Ball|p1a: Ferrothorn
|-damage|p1a: Ferrothorn|0 fnt
|faint|p1a: Ferrothorn
|
|upkeep
|
|t:|1641727696
|switch|p1a: Zeraora|Zeraora|72/100
|turn|43
|
|t:|1641727698
|move|p1a: Zeraora|Volt Switch|p2a: Dragapult
|-resisted|p2a: Dragapult
|-damage|p2a: Dragapult|0 fnt
|faint|p2a: Dragapult
|
|win|regnite ◕‿◕
