|inactive|Battle timer is ON: inactive players will automatically lose when time's up.
|t:|1641728422
|gametype|singles
|player|p1|regnite ◕‿◕|blue-gen2|
|player|p2|Luispeikou|#wcop2020spain|
|teamsize|p1|6
|teamsize|p2|6
|gen|8
|tier|[Gen 8] OU
|rule|Sleep Clause Mod: Limit one foe put to sleep
|rule|Species Clause: Limit one of each Pokémon
|rule|OHKO Clause: OHKO moves are banned
|rule|Evasion Moves Clause: Evasion moves are banned
|rule|Endless Battle Clause: Forcing endless battles is banned
|rule|HP Percentage Mod: HP is shown in percentages
|rule|Dynamax Clause: You cannot dynamax
|clearpoke
|poke|p1|Hawlucha, F|
|poke|p1|Kartana|
|poke|p1|Landorus-Therian, M|
|poke|p1|Magnezone|
|poke|p1|Tapu Fini|
|poke|p1|Zeraora|
|poke|p2|Nihilego|
|poke|p2|Zapdos-Galar|
|poke|p2|Kartana|
|poke|p2|Heatran, M|
|poke|p2|Garchomp, M|
|poke|p2|Tapu Fini|
|teampreview
|inactive|regnite ◕‿◕ also wants the timer to be on.
|inactive|Luispeikou also wants the timer to be on.
|
|t:|1641728438
|start
|switch|p1a: Landorus|Landorus-Therian, M|100/100
|switch|p2a: Heatran|Heatran, M|100/100
|-ability|p1a: Landorus|Intimidate|boost
|-unboost|p2a: Heatran|atk|1
|-item|p2a: Heatran|Air Balloon
|turn|1
|
|t:|1641728459
|move|p1a: Landorus|Stone Edge|p2a: Heatran
|-crit|p2a: Heatran
|-damage|p2a: Heatran|44/100
|-enditem|p2a: Heatran|Air Balloon
|move|p2a: Heatran|Magma Storm|p1a: Landorus
|-damage|p1a: Landorus|45/100
|-activate|p1a: Landorus|move: Magma Storm|[of] p2a: Heatran
|
|-heal|p1a: Landorus|51/100|[from] item: Leftovers
|-damage|p1a: Landorus|39/100|[from] move: Magma Storm|[partiallytrapped]
|upkeep
|turn|2
|
|t:|1641728474
|switch|p2a: Garchomp|Garchomp, M|100/100
|move|p1a: Landorus|Earthquake|p2a: Garchomp
|-damage|p2a: Garchomp|53/100
|
|-heal|p1a: Landorus|45/100|[from] item: Leftovers
|-end|p1a: Landorus|Magma Storm|[partiallytrapped]|[silent]
|upkeep
|turn|3
|
|t:|1641728481
|move|p2a: Garchomp|Scale Shot|p1a: Landorus
|-damage|p1a: Landorus|32/100
|-damage|p1a: Landorus|18/100
|-hitcount|p1a: Landorus|2
|-unboost|p2a: Garchomp|def|1
|-boost|p2a: Garchomp|spe|1
|move|p1a: Landorus|Stealth Rock|p2a: Garchomp
|-sidestart|p2: Luispeikou|move: Stealth Rock
|
|-heal|p1a: Landorus|24/100|[from] item: Leftovers
|upkeep
|turn|4
|
|t:|1641728489
|switch|p1a: Tapu Fini|Tapu Fini|100/100
|-fieldstart|move: Misty Terrain|[from] ability: Misty Surge|[of] p1a: Tapu Fini
|move|p2a: Garchomp|Scale Shot|p1a: Tapu Fini
|-immune|p1a: Tapu Fini
|
|upkeep
|turn|5
|
|t:|1641728509
|switch|p2a: Tapu Fini|Tapu Fini|100/100
|-damage|p2a: Tapu Fini|88/100|[from] Stealth Rock
|switch|p1a: Landorus|Landorus-Therian, M|24/100
|-ability|p1a: Landorus|Intimidate|boost
|-unboost|p2a: Tapu Fini|atk|1
|
|-heal|p1a: Landorus|30/100|[from] item: Leftovers
|-heal|p2a: Tapu Fini|94/100|[from] item: Leftovers
|upkeep
|turn|6
|
|t:|1641728512
|move|p1a: Landorus|Earthquake|p2a: Tapu Fini
|-damage|p2a: Tapu Fini|57/100
|move|p2a: Tapu Fini|Scald|p1a: Landorus
|-supereffective|p1a: Landorus
|-damage|p1a: Landorus|0 fnt
|faint|p1a: Landorus
|
|-heal|p2a: Tapu Fini|63/100|[from] item: Leftovers
|upkeep
|
|t:|1641728527
|switch|p1a: Hawlucha|Hawlucha, F|100/100
|-enditem|p1a: Hawlucha|Misty Seed
|-boost|p1a: Hawlucha|spd|1|[from] item: Misty Seed
|turn|7
|
|t:|1641728531
|move|p1a: Hawlucha|Swords Dance|p1a: Hawlucha
|-boost|p1a: Hawlucha|atk|2
|move|p2a: Tapu Fini|Draining Kiss|p1a: Hawlucha
|-supereffective|p1a: Hawlucha
|-damage|p1a: Hawlucha|71/100
|-heal|p2a: Tapu Fini|83/100|[from] drain|[of] p1a: Hawlucha
|
|-heal|p2a: Tapu Fini|90/100|[from] item: Leftovers
|upkeep
|turn|8
|
|t:|1641728534
|move|p1a: Hawlucha|Swords Dance|p1a: Hawlucha
|-boost|p1a: Hawlucha|atk|2
|move|p2a: Tapu Fini|Scald|p1a: Hawlucha
|-damage|p1a: Hawlucha|49/100
|
|-heal|p2a: Tapu Fini|96/100|[from] item: Leftovers
|-fieldend|Misty Terrain
|upkeep
|turn|9
|
|t:|1641728542
|move|p1a: Hawlucha|Acrobatics|p2a: Tapu Fini
|-damage|p2a: Tapu Fini|0 fnt
|faint|p2a: Tapu Fini
|
|upkeep
|
|t:|1641728553
|switch|p2a: Nihilego|Nihilego|100/100
|-damage|p2a: Nihilego|88/100|[from] Stealth Rock
|turn|10
|
|t:|1641728556
|move|p1a: Hawlucha|Close Combat|p2a: Nihilego
|-damage|p2a: Nihilego|0 fnt
|-unboost|p1a: Hawlucha|def|1
|-unboost|p1a: Hawlucha|spd|1
|faint|p2a: Nihilego
|
|upkeep
|-message|Luispeikou forfeited.
|
|win|regnite ◕‿◕
