|inactive|Battle timer is ON: inactive players will automatically lose when time's up.
|t:|1641776021
|gametype|singles
|player|p1|GasaiiYunoSan|flannery|
|player|p2|cursedstar|argenta|
|teamsize|p1|6
|teamsize|p2|6
|gen|8
|tier|[Gen 8] OU
|rule|Sleep Clause Mod: Limit one foe put to sleep
|rule|Species Clause: Limit one of each Pokémon
|rule|OHKO Clause: OHKO moves are banned
|rule|Evasion Moves Clause: Evasion moves are banned
|rule|Endless Battle Clause: Forcing endless battles is banned
|rule|HP Percentage Mod: HP is shown in percentages
|rule|Dynamax Clause: You cannot dynamax
|clearpoke
|poke|p1|Tornadus-Therian, M|
|poke|p1|Tapu Koko|
|poke|p1|Slowbro, M|
|poke|p1|Nihilego|
|poke|p1|Melmetal|
|poke|p1|Landorus-Therian, M|
|poke|p2|Volcarona, F|
|poke|p2|Garchomp, M|
|poke|p2|Tapu Lele|
|poke|p2|Barraskewda, M|
|poke|p2|Weezing, M|
|poke|p2|Ferrothorn, M|
|teampreview
|c|+Raichy|spl?
|inactive|GasaiiYunoSan has 270 seconds left.
|inactive|cursedstar has 270 seconds left.
|
|t:|1641776066
|start
|switch|p1a: Tornadus|Tornadus-Therian, M|100/100
|switch|p2a: Ferrothorn|Ferrothorn, M|100/100
|turn|1
|
|t:|1641776076
|move|p1a: Tornadus|Heat Wave|p2a: Ferrothorn
|-supereffective|p2a: Ferrothorn
|-crit|p2a: Ferrothorn
|-damage|p2a: Ferrothorn|17/100
|move|p2a: Ferrothorn|Knock Off|p1a: Tornadus
|-damage|p1a: Tornadus|77/100
|-enditem|p1a: Tornadus|Assault Vest|[from] move: Knock Off|[of] p2a: Ferrothorn
|
|-heal|p2a: Ferrothorn|23/100|[from] item: Leftovers
|upkeep
|turn|2
|c|+AcrOne|weezing 
|c|+Kyundai|q hace un weezing
|
|t:|1641776103
|move|p1a: Tornadus|Knock Off|p2a: Ferrothorn
|-damage|p2a: Ferrothorn|9/100
|-damage|p1a: Tornadus|64/100|[from] ability: Iron Barbs|[of] p2a: Ferrothorn
|-enditem|p2a: Ferrothorn|Leftovers|[from] move: Knock Off|[of] p1a: Tornadus
|move|p2a: Ferrothorn|Stealth Rock|p1a: Tornadus
|-sidestart|p1: GasaiiYunoSan|move: Stealth Rock
|
|upkeep
|turn|3
|inactive|cursedstar has 270 seconds left.
|
|t:|1641776119
|switch|p2a: Barraskewda|Barraskewda, M|100/100
|move|p1a: Tornadus|U-turn|p2a: Barraskewda
|-damage|p2a: Barraskewda|70/100
|c|+AcrOne|ni valen sabe q hace
|
|t:|1641776124
|switch|p1a: Slowbro|Slowbro, M|100/100|[from]move: U-turn
|-damage|p1a: Slowbro|88/100|[from] Stealth Rock
|
|upkeep
|turn|4
|
|t:|1641776130
|move|p2a: Barraskewda|Flip Turn|p1a: Slowbro
|-resisted|p1a: Slowbro
|-damage|p1a: Slowbro|73/100
|
|t:|1641776135
|switch|p2a: Tapu Lele|Tapu Lele|100/100|[from]move: Flip Turn
|-fieldstart|move: Psychic Terrain|[from] ability: Psychic Surge|[of] p2a: Tapu Lele
|move|p1a: Slowbro|Future Sight|p2a: Tapu Lele
|-start|p1a: Slowbro|move: Future Sight
|
|upkeep
|turn|5
|
|t:|1641776144
|switch|p1a: Melmetal|Melmetal, shiny|100/100
|-damage|p1a: Melmetal|94/100|[from] Stealth Rock
|move|p2a: Tapu Lele|Nature's Madness|p1a: Melmetal
|-damage|p1a: Melmetal|47/100
|
|upkeep
|turn|6
|inactive|GasaiiYunoSan has 270 seconds left.
|inactive|GasaiiYunoSan has 240 seconds left.
|inactive|GasaiiYunoSan has 210 seconds left.
|
|t:|1641776239
|switch|p2a: Ferrothorn|Ferrothorn, M|9/100
|move|p1a: Melmetal|Thunder Wave|p2a: Ferrothorn
|-status|p2a: Ferrothorn|par
|
|-end|p2a: Ferrothorn|move: Future Sight
|-resisted|p2a: Ferrothorn
|-damage|p2a: Ferrothorn|0 fnt
|faint|p2a: Ferrothorn
|upkeep
|
|t:|1641776255
|switch|p2a: Volcarona|Volcarona, F|100/100
|turn|7
|inactive|GasaiiYunoSan has 210 seconds left.
|
|t:|1641776279
|switch|p2a: Tapu Lele|Tapu Lele|100/100
|switch|p1a: SPACE COWBOY|Nihilego, shiny|100/100
|-damage|p1a: SPACE COWBOY|88/100|[from] Stealth Rock
|
|upkeep
|turn|8
|inactive|GasaiiYunoSan has 210 seconds left.
|
|t:|1641776299
|switch|p1a: Slowbro|Slowbro, M|100/100
|-damage|p1a: Slowbro|88/100|[from] Stealth Rock
|move|p2a: Tapu Lele|Psychic|p1a: Slowbro
|-resisted|p1a: Slowbro
|-damage|p1a: Slowbro|53/100
|-unboost|p1a: Slowbro|spd|1
|
|-fieldend|move: Psychic Terrain
|upkeep
|turn|9
|
|t:|1641776308
|move|p2a: Tapu Lele|Thunderbolt|p1a: Slowbro
|-supereffective|p1a: Slowbro
|-damage|p1a: Slowbro|0 fnt
|faint|p1a: Slowbro
|
|upkeep
|inactive|GasaiiYunoSan has 210 seconds left.
|
|t:|1641776328
|switch|p1a: SPACE COWBOY|Nihilego, shiny|88/100
|-damage|p1a: SPACE COWBOY|76/100|[from] Stealth Rock
|turn|10
|inactive|GasaiiYunoSan has 210 seconds left.
|inactive|cursedstar has 270 seconds left.
|inactive|cursedstar has 240 seconds left.
|c|☆GasaiiYunoSan|Un tramite
|inactive|cursedstar has 210 seconds left.
|
|t:|1641776422
|switch|p2a: Garchomp|Garchomp, M|100/100
|move|p1a: SPACE COWBOY|Sludge Wave|p2a: Garchomp
|-resisted|p2a: Garchomp
|-damage|p2a: Garchomp|76/100
|-status|p2a: Garchomp|psn
|
|-heal|p2a: Garchomp|83/100 psn|[from] item: Leftovers
|-damage|p2a: Garchomp|70/100 psn|[from] psn
|upkeep
|turn|11
|inactive|cursedstar has 210 seconds left.
|inactive|GasaiiYunoSan has 210 seconds left.
|
|t:|1641776444
|switch|p1a: Landorus|Landorus-Therian, M|100/100
|-damage|p1a: Landorus|88/100|[from] Stealth Rock
|-ability|p1a: Landorus|Intimidate|boost
|-unboost|p2a: Garchomp|atk|1
|move|p2a: Garchomp|Earthquake|p1a: Landorus
|-immune|p1a: Landorus
|
|-heal|p2a: Garchomp|76/100 psn|[from] item: Leftovers
|-heal|p1a: Landorus|94/100|[from] item: Leftovers
|-damage|p2a: Garchomp|64/100 psn|[from] psn
|upkeep
|turn|12
|c|☆GasaiiYunoSan|Bpeeeeh
|c|☆GasaiiYunoSan|Por quien me tomas valen
|inactive|cursedstar has 180 seconds left.
|inactive|cursedstar has 150 seconds left.
|
|t:|1641776513
|move|p2a: Garchomp|Swords Dance|p2a: Garchomp
|-boost|p2a: Garchomp|atk|2
|move|p1a: Landorus|Defog|p2a: Garchomp
|-unboost|p2a: Garchomp|evasion|1
|-sideend|p1: GasaiiYunoSan|Stealth Rock|[from] move: Defog|[of] p1a: Landorus
|
|-heal|p2a: Garchomp|70/100 psn|[from] item: Leftovers
|-heal|p1a: Landorus|99/100|[from] item: Leftovers
|-damage|p2a: Garchomp|57/100 psn|[from] psn
|upkeep
|turn|13
|inactive|GasaiiYunoSan has 210 seconds left.
|
|t:|1641776547
|move|p2a: Garchomp|Scale Shot|p1a: Landorus
|-damage|p1a: Landorus|81/100
|-damage|p1a: Landorus|60/100
|-hitcount|p1a: Landorus|2
|-unboost|p2a: Garchomp|def|1
|-boost|p2a: Garchomp|spe|1
|move|p1a: Landorus|Earthquake|p2a: Garchomp
|-crit|p2a: Garchomp
|-damage|p2a: Garchomp|0 fnt
|faint|p2a: Garchomp
|
|-heal|p1a: Landorus|66/100|[from] item: Leftovers
|upkeep
|
|t:|1641776550
|switch|p2a: Barraskewda|Barraskewda, M|70/100
|turn|14
|inactive|GasaiiYunoSan has 210 seconds left.
|
|t:|1641776559
|switch|p1a: Tornadus|Tornadus-Therian, M|98/100
|move|p2a: Barraskewda|Liquidation|p1a: Tornadus
|-damage|p1a: Tornadus|22/100
|
|upkeep
|turn|15
|inactive|GasaiiYunoSan has 210 seconds left.
|inactive|cursedstar has 150 seconds left.
|inactive|GasaiiYunoSan has 180 seconds left.
|
|t:|1641776603
|switch|p1a: Landorus|Landorus-Therian, M|66/100
|-ability|p1a: Landorus|Intimidate|boost
|-unboost|p2a: Barraskewda|atk|1
|move|p2a: Barraskewda|Liquidation|p1a: Landorus
|-supereffective|p1a: Landorus
|-damage|p1a: Landorus|0 fnt
|faint|p1a: Landorus
|
|upkeep
|
|t:|1641776606
|switch|p1a: Tapu Koko|Tapu Koko|100/100
|-fieldstart|move: Electric Terrain|[from] ability: Electric Surge|[of] p1a: Tapu Koko
|turn|16
|inactive|GasaiiYunoSan has 180 seconds left.
|
|t:|1641776622
|switch|p2a: Tapu Lele|Tapu Lele|100/100
|-fieldstart|move: Psychic Terrain|[from] ability: Psychic Surge|[of] p2a: Tapu Lele
|move|p1a: Tapu Koko|U-turn|p2a: Tapu Lele
|-damage|p2a: Tapu Lele|78/100
|
|t:|1641776625
|switch|p1a: SPACE COWBOY|Nihilego, shiny|76/100|[from]move: U-turn
|
|upkeep
|turn|17
|inactive|GasaiiYunoSan has 180 seconds left.
|
|t:|1641776646
|move|p1a: SPACE COWBOY|Stealth Rock|p2a: Tapu Lele
|-sidestart|p2: cursedstar|move: Stealth Rock
|move|p2a: Tapu Lele|Psychic|p1a: SPACE COWBOY
|-supereffective|p1a: SPACE COWBOY
|-damage|p1a: SPACE COWBOY|0 fnt
|faint|p1a: SPACE COWBOY
|
|upkeep
|
|t:|1641776653
|switch|p1a: Tapu Koko|Tapu Koko|100/100
|-fieldstart|move: Electric Terrain|[from] ability: Electric Surge|[of] p1a: Tapu Koko
|turn|18
|inactive|cursedstar has 180 seconds left.
|
|t:|1641776668
|switch|p2a: Weezing|Weezing, M|100/100
|-ability|p2a: Weezing|Neutralizing Gas
|-damage|p2a: Weezing|88/100|[from] Stealth Rock
|move|p1a: Tapu Koko|Thunderbolt|p2a: Weezing
|-damage|p2a: Weezing|21/100
|-status|p2a: Weezing|par
|
|-heal|p2a: Weezing|27/100 par|[from] item: Black Sludge
|upkeep
|turn|19
|
|t:|1641776677
|move|p1a: Tapu Koko|Thunderbolt|p2a: Weezing
|-damage|p2a: Weezing|0 fnt
|faint|p2a: Weezing
|-end|p2a: Weezing|ability: Neutralizing Gas
|
|upkeep
|inactive|cursedstar has 180 seconds left.
|inactive|cursedstar has 150 seconds left.
|
|t:|1641776737
|switch|p2a: Volcarona|Volcarona, F|100/100
|turn|20
|inactive|GasaiiYunoSan has 180 seconds left.
|inactive|cursedstar has 120 seconds left.
|
|t:|1641776780
|move|p1a: Tapu Koko|Thunderbolt|p2a: Volcarona
|-damage|p2a: Volcarona|56/100
|move|p2a: Volcarona|Quiver Dance|p2a: Volcarona
|-boost|p2a: Volcarona|spa|1
|-boost|p2a: Volcarona|spd|1
|-boost|p2a: Volcarona|spe|1
|
|upkeep
|turn|21
|inactive|GasaiiYunoSan has 180 seconds left.
|c|☆GasaiiYunoSan|Se me olvida que se usa con las botas
|
|t:|1641776799
|move|p1a: Tapu Koko|Thunderbolt|p2a: Volcarona
|-damage|p2a: Volcarona|25/100
|move|p2a: Volcarona|Flamethrower|p1a: Tapu Koko
|-damage|p1a: Tapu Koko|0 fnt
|faint|p1a: Tapu Koko
|
|upkeep
|
|t:|1641776802
|switch|p1a: Tornadus|Tornadus-Therian, M|55/100
|turn|22
|inactive|GasaiiYunoSan has 180 seconds left.
|
|t:|1641776807
|switch|p1a: Melmetal|Melmetal, shiny|47/100
|move|p2a: Volcarona|Flamethrower|p1a: Melmetal
|-supereffective|p1a: Melmetal
|-damage|p1a: Melmetal|0 fnt
|faint|p1a: Melmetal
|
|-fieldend|move: Electric Terrain
|upkeep
|
|t:|1641776809
|switch|p1a: Tornadus|Tornadus-Therian, M|88/100
|turn|23
|
|t:|1641776819
|move|p2a: Volcarona|Flamethrower|p1a: Tornadus
|-damage|p1a: Tornadus|6/100
|-status|p1a: Tornadus|brn
|move|p1a: Tornadus|Knock Off|p2a: Volcarona
|-damage|p2a: Volcarona|12/100
|-enditem|p2a: Volcarona|Heavy-Duty Boots|[from] move: Knock Off|[of] p1a: Tornadus
|
|-damage|p1a: Tornadus|0 fnt|[from] brn
|faint|p1a: Tornadus
|
|win|cursedstar
|upkeep
