|inactive|Battle timer is ON: inactive players will automatically lose when time's up.
|t:|1641858774
|gametype|singles
|player|p1|GasaiiYunoSan|flannery|
|player|p2|cursedstar|argenta|
|teamsize|p1|6
|teamsize|p2|6
|gen|8
|tier|[Gen 8] OU
|rule|Sleep Clause Mod: Limit one foe put to sleep
|rule|Species Clause: Limit one of each Pokémon
|rule|OHKO Clause: OHKO moves are banned
|rule|Evasion Moves Clause: Evasion moves are banned
|rule|Endless Battle Clause: Forcing endless battles is banned
|rule|HP Percentage Mod: HP is shown in percentages
|rule|Dynamax Clause: You cannot dynamax
|clearpoke
|poke|p1|Tapu Lele|
|poke|p1|Dragapult, M|
|poke|p1|Landorus-Therian, M|
|poke|p1|Weavile, F|
|poke|p1|Tapu Fini|
|poke|p1|Heatran, M|
|poke|p2|Garchomp, M|
|poke|p2|Rotom-Wash|
|poke|p2|Tornadus-Therian, M|
|poke|p2|Melmetal|
|poke|p2|Clefable, M|
|poke|p2|Weavile, F|
|teampreview
|inactive|GasaiiYunoSan has 270 seconds left.
|inactive|cursedstar has 270 seconds left.
|
|t:|1641858813
|start
|switch|p1a: Heatran|Heatran, M|100/100
|switch|p2a: Rotom|Rotom-Wash|100/100
|turn|1
|
|t:|1641858822
|switch|p1a: Dragapult|Dragapult, M|100/100
|move|p2a: Rotom|Hydro Pump|p1a: Dragapult
|-resisted|p1a: Dragapult
|-damage|p1a: Dragapult|74/100
|
|upkeep
|turn|2
|
|t:|1641858831
|move|p1a: Dragapult|Draco Meteor|p2a: Rotom
|-damage|p2a: Rotom|35/100
|-unboost|p1a: Dragapult|spa|2
|move|p2a: Rotom|Volt Switch|p1a: Dragapult
|-resisted|p1a: Dragapult
|-damage|p1a: Dragapult|56/100
|
|t:|1641858841
|switch|p2a: Melmetal|Melmetal|100/100|[from]move: Volt Switch
|
|upkeep
|turn|3
|inactive|GasaiiYunoSan has 270 seconds left.
|
|t:|1641858874
|switch|p1a: Landorus|Landorus-Therian, M|100/100
|-ability|p1a: Landorus|Intimidate|boost
|-unboost|p2a: Melmetal|atk|1
|switch|p2a: Rotom|Rotom-Wash|35/100
|
|-heal|p2a: Rotom|41/100|[from] item: Leftovers
|upkeep
|turn|4
|
|t:|1641858888
|move|p2a: Rotom|Hydro Pump|p1a: Landorus
|-supereffective|p1a: Landorus
|-damage|p1a: Landorus|39/100
|move|p1a: Landorus|U-turn|p2a: Rotom
|-damage|p2a: Rotom|18/100
|inactive|GasaiiYunoSan has 270 seconds left.
|
|t:|1641858924
|switch|p1a: Weavile|Weavile, F|100/100|[from]move: U-turn
|-ability|p1a: Weavile|Pressure
|
|-heal|p2a: Rotom|24/100|[from] item: Leftovers
|upkeep
|turn|5
|
|t:|1641858932
|switch|p2a: Clefable|Clefable, M|100/100
|move|p1a: Weavile|Knock Off|p2a: Clefable
|-resisted|p2a: Clefable
|-crit|p2a: Clefable
|-damage|p2a: Clefable|73/100
|-enditem|p2a: Clefable|Life Orb|[from] move: Knock Off|[of] p1a: Weavile
|
|upkeep
|turn|6
|
|t:|1641858949
|switch|p1a: Heatran|Heatran, M|100/100
|move|p2a: Clefable|Soft-Boiled|p2a: Clefable
|-heal|p2a: Clefable|100/100
|
|upkeep
|turn|7
|inactive|GasaiiYunoSan has 240 seconds left.
|
|t:|1641858970
|switch|p2a: Garchomp|Garchomp, M|100/100
|move|p1a: Heatran|Stealth Rock|p2a: Garchomp
|-sidestart|p2: cursedstar|move: Stealth Rock
|
|upkeep
|turn|8
|inactive|GasaiiYunoSan has 240 seconds left.
|
|t:|1641858993
|switch|p1a: Landorus|Landorus-Therian, M|39/100
|-ability|p1a: Landorus|Intimidate|boost
|-unboost|p2a: Garchomp|atk|1
|move|p2a: Garchomp|Earthquake|p1a: Landorus
|-immune|p1a: Landorus
|
|-heal|p1a: Landorus|45/100|[from] item: Leftovers
|upkeep
|turn|9
|
|t:|1641859002
|move|p2a: Garchomp|Stealth Rock|p1a: Landorus
|-sidestart|p1: GasaiiYunoSan|move: Stealth Rock
|move|p1a: Landorus|Knock Off|p2a: Garchomp
|-damage|p2a: Garchomp|80/100
|-damage|p1a: Landorus|32/100|[from] ability: Rough Skin|[of] p2a: Garchomp
|-damage|p1a: Landorus|16/100|[from] item: Rocky Helmet|[of] p2a: Garchomp
|-enditem|p2a: Garchomp|Rocky Helmet|[from] move: Knock Off|[of] p1a: Landorus
|
|-heal|p1a: Landorus|22/100|[from] item: Leftovers
|upkeep
|turn|10
|
|t:|1641859018
|move|p2a: Garchomp|Flamethrower|p1a: Landorus
|-damage|p1a: Landorus|11/100
|move|p1a: Landorus|Earthquake|p2a: Garchomp
|-damage|p2a: Garchomp|48/100
|
|-heal|p1a: Landorus|17/100|[from] item: Leftovers
|upkeep
|turn|11
|
|t:|1641859031
|switch|p1a: Dragapult|Dragapult, M|56/100
|-damage|p1a: Dragapult|43/100|[from] Stealth Rock
|move|p2a: Garchomp|Flamethrower|p1a: Dragapult
|-resisted|p1a: Dragapult
|-damage|p1a: Dragapult|33/100
|
|upkeep
|turn|12
|
|t:|1641859039
|switch|p2a: Tornadus|Tornadus-Therian, M|100/100
|move|p1a: Dragapult|Shadow Ball|p2a: Tornadus
|-damage|p2a: Tornadus|39/100
|
|upkeep
|turn|13
|inactive|cursedstar has 270 seconds left.
|inactive|cursedstar has 240 seconds left.
|
|t:|1641859100
|switch|p2a: Weavile|Weavile, F|100/100
|-damage|p2a: Weavile|76/100|[from] Stealth Rock
|-ability|p2a: Weavile|Pressure
|move|p1a: Dragapult|Shadow Ball|p2a: Weavile
|-resisted|p2a: Weavile
|-damage|p2a: Weavile|36/100
|
|upkeep
|turn|14
|inactive|GasaiiYunoSan has 240 seconds left.
|inactive|cursedstar has 240 seconds left.
|
|t:|1641859122
|switch|p1a: Weavile|Weavile, F|100/100
|-ability|p1a: Weavile|Pressure
|move|p2a: Weavile|Knock Off|p1a: Weavile
|-resisted|p1a: Weavile
|-damage|p1a: Weavile|34/100
|-enditem|p1a: Weavile|Heavy-Duty Boots|[from] move: Knock Off|[of] p2a: Weavile
|
|upkeep
|turn|15
|inactive|cursedstar has 240 seconds left.
|inactive|GasaiiYunoSan has 210 seconds left.
|
|t:|1641859157
|switch|p2a: Garchomp|Garchomp, M|48/100
|-damage|p2a: Garchomp|42/100|[from] Stealth Rock
|move|p1a: Weavile|Knock Off|p2a: Garchomp
|-crit|p2a: Garchomp
|-damage|p2a: Garchomp|5/100
|-damage|p1a: Weavile|22/100|[from] ability: Rough Skin|[of] p2a: Garchomp
|
|upkeep
|turn|16
|inactive|GasaiiYunoSan has 210 seconds left.
|inactive|cursedstar has 240 seconds left.
|
|t:|1641859177
|move|p1a: Weavile|Triple Axel|p2a: Garchomp
|-supereffective|p2a: Garchomp
|-damage|p2a: Garchomp|0 fnt
|-damage|p1a: Weavile|9/100|[from] ability: Rough Skin|[of] p2a: Garchomp
|faint|p2a: Garchomp
|-hitcount|p2: Garchomp|1
|
|upkeep
|
|t:|1641859185
|switch|p2a: Clefable|Clefable, M|100/100
|turn|17
|
|t:|1641859193
|move|p1a: Weavile|Triple Axel|p2a: Clefable
|-damage|p2a: Clefable|93/100
|-damage|p2a: Clefable|77/100
|-crit|p2a: Clefable
|-damage|p2a: Clefable|40/100
|-hitcount|p2a: Clefable|3
|move|p2a: Clefable|Moonblast|p1a: Weavile
|-supereffective|p1a: Weavile
|-damage|p1a: Weavile|0 fnt
|faint|p1a: Weavile
|
|upkeep
|inactive|GasaiiYunoSan has 210 seconds left.
|inactive|GasaiiYunoSan has 180 seconds left.
|
|t:|1641859234
|switch|p1a: Tapu Fini|Tapu Fini|100/100
|-damage|p1a: Tapu Fini|88/100|[from] Stealth Rock
|-fieldstart|move: Misty Terrain|[from] ability: Misty Surge|[of] p1a: Tapu Fini
|turn|18
|
|t:|1641859243
|move|p1a: Tapu Fini|Taunt|p2a: Clefable
|-start|p2a: Clefable|move: Taunt
|cant|p2a: Clefable|move: Taunt|Soft-Boiled
|
|-heal|p1a: Tapu Fini|94/100|[from] item: Leftovers
|upkeep
|turn|19
|
|t:|1641859246
|move|p1a: Tapu Fini|Calm Mind|p1a: Tapu Fini
|-boost|p1a: Tapu Fini|spa|1
|-boost|p1a: Tapu Fini|spd|1
|move|p2a: Clefable|Thunder|p1a: Tapu Fini
|-supereffective|p1a: Tapu Fini
|-damage|p1a: Tapu Fini|67/100
|
|-heal|p1a: Tapu Fini|73/100|[from] item: Leftovers
|upkeep
|turn|20
|
|t:|1641859252
|switch|p2a: Tornadus|Tornadus-Therian, M|72/100
|move|p1a: Tapu Fini|Calm Mind|p1a: Tapu Fini
|-boost|p1a: Tapu Fini|spa|1
|-boost|p1a: Tapu Fini|spd|1
|
|-heal|p1a: Tapu Fini|79/100|[from] item: Leftovers
|upkeep
|turn|21
|
|t:|1641859259
|move|p2a: Tornadus|Knock Off|p1a: Tapu Fini
|-resisted|p1a: Tapu Fini
|-damage|p1a: Tapu Fini|71/100
|-enditem|p1a: Tapu Fini|Leftovers|[from] move: Knock Off|[of] p2a: Tornadus
|move|p1a: Tapu Fini|Scald|p2a: Tornadus
|-damage|p2a: Tornadus|6/100
|
|upkeep
|turn|22
|
|t:|1641859266
|move|p2a: Tornadus|Hurricane|p1a: Tapu Fini
|-damage|p1a: Tapu Fini|51/100
|move|p1a: Tapu Fini|Scald|p2a: Tornadus
|-damage|p2a: Tornadus|0 fnt
|faint|p2a: Tornadus
|
|-fieldend|Misty Terrain
|upkeep
|
|t:|1641859271
|switch|p2a: Melmetal|Melmetal|100/100
|-damage|p2a: Melmetal|94/100|[from] Stealth Rock
|turn|23
|
|t:|1641859274
|move|p1a: Tapu Fini|Scald|p2a: Melmetal
|-damage|p2a: Melmetal|67/100
|move|p2a: Melmetal|Double Iron Bash|p1a: Tapu Fini
|-damage|p1a: Tapu Fini|25/100
|-damage|p1a: Tapu Fini|0 fnt
|faint|p1a: Tapu Fini
|-hitcount|p1: Tapu Fini|2
|
|upkeep
|
|t:|1641859287
|switch|p1a: Landorus|Landorus-Therian, M|17/100
|-damage|p1a: Landorus|4/100|[from] Stealth Rock
|-ability|p1a: Landorus|Intimidate|boost
|-unboost|p2a: Melmetal|atk|1
|turn|24
|
|t:|1641859295
|switch|p2a: Rotom|Rotom-Wash|24/100
|-damage|p2a: Rotom|12/100|[from] Stealth Rock
|move|p1a: Landorus|Earthquake|p2a: Rotom
|-immune|p2a: Rotom|[from] ability: Levitate
|
|-heal|p2a: Rotom|18/100|[from] item: Leftovers
|-heal|p1a: Landorus|10/100|[from] item: Leftovers
|upkeep
|turn|25
|
|t:|1641859300
|move|p2a: Rotom|Hydro Pump|p1a: Landorus
|-supereffective|p1a: Landorus
|-damage|p1a: Landorus|0 fnt
|faint|p1a: Landorus
|
|-heal|p2a: Rotom|24/100|[from] item: Leftovers
|upkeep
|
|t:|1641859318
|switch|p1a: Dragapult|Dragapult, M|33/100
|-damage|p1a: Dragapult|21/100|[from] Stealth Rock
|turn|26
|
|t:|1641859324
|move|p1a: Dragapult|Shadow Ball|p2a: Rotom
|-damage|p2a: Rotom|0 fnt
|faint|p2a: Rotom
|
|upkeep
|
|t:|1641859332
|switch|p2a: Melmetal|Melmetal|67/100
|-damage|p2a: Melmetal|61/100|[from] Stealth Rock
|turn|27
|
|t:|1641859338
|move|p1a: Dragapult|Shadow Ball|p2a: Melmetal
|-damage|p2a: Melmetal|37/100
|move|p2a: Melmetal|Earthquake|p1a: Dragapult
|-damage|p1a: Dragapult|0 fnt
|faint|p1a: Dragapult
|
|upkeep
|inactive|GasaiiYunoSan has 240 seconds left.
|
|t:|1641859349
|switch|p1a: Heatran|Heatran, M|100/100
|-damage|p1a: Heatran|88/100|[from] Stealth Rock
|turn|28
|
|t:|1641859352
|switch|p2a: Clefable|Clefable, M|40/100
|move|p1a: Heatran|Magma Storm|p2a: Clefable
|-damage|p2a: Clefable|1/100
|-activate|p2a: Clefable|move: Magma Storm|[of] p1a: Heatran
|
|-heal|p1a: Heatran|94/100|[from] item: Leftovers
|upkeep
|turn|29
|
|t:|1641859357
|move|p1a: Heatran|Taunt|p2a: Clefable
|-start|p2a: Clefable|move: Taunt
|move|p2a: Clefable|Moonblast|p1a: Heatran
|-resisted|p1a: Heatran
|-damage|p1a: Heatran|89/100
|
|-heal|p1a: Heatran|96/100|[from] item: Leftovers
|upkeep
|turn|30
|
|t:|1641859363
|move|p1a: Heatran|Earth Power|p2a: Clefable
|-damage|p2a: Clefable|0 fnt
|faint|p2a: Clefable
|
|-heal|p1a: Heatran|100/100|[from] item: Leftovers
|upkeep
|
|t:|1641859365
|switch|p2a: Weavile|Weavile, F|36/100
|-damage|p2a: Weavile|11/100|[from] Stealth Rock
|-ability|p2a: Weavile|Pressure
|turn|31
|
|t:|1641859369
|move|p2a: Weavile|Low Kick|p1a: Heatran
|-supereffective|p1a: Heatran
|-damage|p1a: Heatran|0 fnt
|-status|p2a: Weavile|brn|[from] ability: Flame Body|[of] p1a: Heatran
|faint|p1a: Heatran
|
|-damage|p2a: Weavile|5/100 brn|[from] brn
|upkeep
|
|t:|1641859371
|switch|p1a: Tapu Lele|Tapu Lele|100/100
|-damage|p1a: Tapu Lele|88/100|[from] Stealth Rock
|-fieldstart|move: Psychic Terrain|[from] ability: Psychic Surge|[of] p1a: Tapu Lele
|turn|32
|inactive|GasaiiYunoSan has 270 seconds left.
|
|t:|1641859426
|move|p2a: Weavile|Low Kick|p1a: Tapu Lele
|-resisted|p1a: Tapu Lele
|-damage|p1a: Tapu Lele|84/100
|move|p1a: Tapu Lele|Focus Blast|p2a: Weavile
|-supereffective|p2a: Weavile
|-damage|p2a: Weavile|0 fnt
|faint|p2a: Weavile
|
|upkeep
|
|t:|1641859429
|switch|p2a: Melmetal|Melmetal|37/100
|-damage|p2a: Melmetal|31/100|[from] Stealth Rock
|turn|33
|
|t:|1641859432
|move|p1a: Tapu Lele|Focus Blast|p2a: Melmetal
|-supereffective|p2a: Melmetal
|-damage|p2a: Melmetal|0 fnt
|faint|p2a: Melmetal
|
|win|GasaiiYunoSan
