|inactive|Battle timer is ON: inactive players will automatically lose when time's up.
|t:|1641727750
|gametype|singles
|player|p1|regnite ◕‿◕|blue-gen2|
|player|p2|Luispeikou|#wcop2020spain|
|teamsize|p1|6
|teamsize|p2|6
|gen|8
|tier|[Gen 8] OU
|rule|Sleep Clause Mod: Limit one foe put to sleep
|rule|Species Clause: Limit one of each Pokémon
|rule|OHKO Clause: OHKO moves are banned
|rule|Evasion Moves Clause: Evasion moves are banned
|rule|Endless Battle Clause: Forcing endless battles is banned
|rule|HP Percentage Mod: HP is shown in percentages
|rule|Dynamax Clause: You cannot dynamax
|clearpoke
|poke|p1|Landorus-Therian, M|
|poke|p1|Melmetal|
|poke|p1|Rotom-Heat|
|poke|p1|Toxapex, M|
|poke|p1|Weavile, F|
|poke|p1|Zapdos-Galar|
|poke|p2|Zeraora|
|poke|p2|Slowbro, M|
|poke|p2|Clefable, M|
|poke|p2|Landorus-Therian, M|
|poke|p2|Weavile, M|
|poke|p2|Ferrothorn, M|
|teampreview
|inactive|regnite ◕‿◕ also wants the timer to be on.
|inactive|Luispeikou also wants the timer to be on.
|
|t:|1641727770
|start
|switch|p1a: Landorus|Landorus-Therian, M|100/100
|switch|p2a: Clefable|Clefable, M|100/100
|-ability|p1a: Landorus|Intimidate|boost
|-unboost|p2a: Clefable|atk|1
|turn|1
|
|t:|1641727780
|switch|p2a: Landorus|Landorus-Therian, M|100/100
|-ability|p2a: Landorus|Intimidate|boost
|-unboost|p1a: Landorus|atk|1
|move|p1a: Landorus|U-turn|p2a: Landorus
|-resisted|p2a: Landorus
|-damage|p2a: Landorus|93/100
|
|t:|1641727784
|switch|p1a: Weavile|Weavile, F|100/100|[from]move: U-turn
|-ability|p1a: Weavile|Pressure
|
|-heal|p2a: Landorus|99/100|[from] item: Leftovers
|upkeep
|turn|2
|
|t:|1641727802
|switch|p2a: Ferrothorn|Ferrothorn, M|100/100
|move|p1a: Weavile|Knock Off|p2a: Ferrothorn
|-damage|p2a: Ferrothorn|75/100
|-damage|p1a: Weavile|88/100|[from] ability: Iron Barbs|[of] p2a: Ferrothorn
|-enditem|p2a: Ferrothorn|Leftovers|[from] move: Knock Off|[of] p1a: Weavile
|
|upkeep
|turn|3
|
|t:|1641727812
|switch|p1a: Landorus|Landorus-Therian, M|100/100
|-ability|p1a: Landorus|Intimidate|boost
|-unboost|p2a: Ferrothorn|atk|1
|move|p2a: Ferrothorn|Leech Seed|p1a: Landorus
|-start|p1a: Landorus|move: Leech Seed
|
|-damage|p1a: Landorus|88/100|[from] Leech Seed|[of] p2a: Ferrothorn
|-heal|p2a: Ferrothorn|88/100|[silent]
|upkeep
|turn|4
|
|t:|1641727819
|move|p1a: Landorus|Stealth Rock|p2a: Ferrothorn
|-sidestart|p2: Luispeikou|move: Stealth Rock
|move|p2a: Ferrothorn|Spikes|p1a: Landorus
|-sidestart|p1: regnite ◕‿◕|Spikes
|
|-heal|p1a: Landorus|94/100|[from] item: Leftovers
|-damage|p1a: Landorus|82/100|[from] Leech Seed|[of] p2a: Ferrothorn
|-heal|p2a: Ferrothorn|100/100|[silent]
|upkeep
|turn|5
|
|t:|1641727825
|switch|p1a: Rotom|Rotom-Heat|100/100
|move|p2a: Ferrothorn|Leech Seed|p1a: Rotom
|-start|p1a: Rotom|move: Leech Seed
|
|-damage|p1a: Rotom|88/100|[from] Leech Seed|[of] p2a: Ferrothorn
|upkeep
|turn|6
|
|t:|1641727850
|switch|p2a: Slowbro|Slowbro, M|100/100
|-damage|p2a: Slowbro|88/100|[from] Stealth Rock
|move|p1a: Rotom|Nasty Plot|p1a: Rotom
|-boost|p1a: Rotom|spa|2
|
|-damage|p1a: Rotom|76/100|[from] Leech Seed|[of] p2a: Slowbro
|-heal|p2a: Slowbro|97/100|[silent]
|upkeep
|turn|7
|
|t:|1641727861
|switch|p2a: Zeraora|Zeraora|100/100
|move|p1a: Rotom|Nasty Plot|p1a: Rotom
|-boost|p1a: Rotom|spa|2
|
|-damage|p1a: Rotom|64/100|[from] Leech Seed|[of] p2a: Zeraora
|upkeep
|turn|8
|inactive|Luispeikou has 270 seconds left.
|
|t:|1641727900
|switch|p2a: Slowbro|Slowbro, M|100/100
|-damage|p2a: Slowbro|88/100|[from] Stealth Rock
|move|p1a: Rotom|Overheat|p2a: Slowbro
|-resisted|p2a: Slowbro
|-damage|p2a: Slowbro|25/100
|-unboost|p1a: Rotom|spa|2
|
|-damage|p1a: Rotom|52/100|[from] Leech Seed|[of] p2a: Slowbro
|-heal|p2a: Slowbro|34/100|[silent]
|upkeep
|turn|9
|inactive|Luispeikou has 270 seconds left.
|
|t:|1641727915
|move|p1a: Rotom|Discharge|p2a: Slowbro
|-supereffective|p2a: Slowbro
|-damage|p2a: Slowbro|0 fnt
|faint|p2a: Slowbro
|
|upkeep
|inactive|Luispeikou has 270 seconds left.
|c|☆regnite ◕‿◕|2-0 facilito y a casa platita
|
|t:|1641727937
|switch|p2a: Weavile|Weavile, M|100/100
|-ability|p2a: Weavile|Pressure
|turn|10
|c|☆Luispeikou|calma
|
|t:|1641727965
|switch|p1a: Toxapex|Toxapex, M|100/100
|-damage|p1a: Toxapex|88/100|[from] Spikes
|move|p2a: Weavile|Knock Off|p1a: Toxapex
|-damage|p1a: Toxapex|55/100
|-enditem|p1a: Toxapex|Shed Shell|[from] move: Knock Off|[of] p2a: Weavile
|
|upkeep
|turn|11
|
|t:|1641727971
|switch|p2a: Landorus|Landorus-Therian, M|99/100
|-damage|p2a: Landorus|87/100|[from] Stealth Rock
|-ability|p2a: Landorus|Intimidate|boost
|-unboost|p1a: Toxapex|atk|1
|move|p1a: Toxapex|Recover|p1a: Toxapex
|-heal|p1a: Toxapex|100/100
|
|-heal|p2a: Landorus|93/100|[from] item: Leftovers
|upkeep
|turn|12
|
|t:|1641727979
|move|p2a: Landorus|Stealth Rock|p1a: Toxapex
|-sidestart|p1: regnite ◕‿◕|move: Stealth Rock
|move|p1a: Toxapex|Scald|p2a: Landorus
|-supereffective|p2a: Landorus
|-damage|p2a: Landorus|68/100
|
|-heal|p2a: Landorus|74/100|[from] item: Leftovers
|upkeep
|turn|13
|
|t:|1641727985
|switch|p1a: Zapdos|Zapdos-Galar|100/100
|-damage|p1a: Zapdos|88/100|[from] Stealth Rock
|move|p2a: Landorus|U-turn|p1a: Zapdos
|-resisted|p1a: Zapdos
|-damage|p1a: Zapdos|82/100
|
|t:|1641728005
|switch|p2a: Zeraora|Zeraora|100/100|[from]move: U-turn
|
|upkeep
|turn|14
|
|t:|1641728022
|switch|p1a: Landorus|Landorus-Therian, M|82/100
|-damage|p1a: Landorus|70/100|[from] Stealth Rock
|-ability|p1a: Landorus|Intimidate|boost
|-unboost|p2a: Zeraora|atk|1
|move|p2a: Zeraora|Knock Off|p1a: Landorus
|-damage|p1a: Landorus|54/100
|-enditem|p1a: Landorus|Leftovers|[from] move: Knock Off|[of] p2a: Zeraora
|
|upkeep
|turn|15
|
|t:|1641728039
|switch|p2a: Ferrothorn|Ferrothorn, M|100/100
|-damage|p2a: Ferrothorn|94/100|[from] Stealth Rock
|move|p1a: Landorus|Toxic|p2a: Ferrothorn
|-immune|p2a: Ferrothorn
|
|upkeep
|turn|16
|
|t:|1641728048
|move|p1a: Landorus|Earthquake|p2a: Ferrothorn
|-damage|p2a: Ferrothorn|65/100
|move|p2a: Ferrothorn|Leech Seed|p1a: Landorus
|-start|p1a: Landorus|move: Leech Seed
|
|-damage|p1a: Landorus|42/100|[from] Leech Seed|[of] p2a: Ferrothorn
|-heal|p2a: Ferrothorn|78/100|[silent]
|upkeep
|turn|17
|
|t:|1641728062
|switch|p1a: Rotom|Rotom-Heat|52/100
|move|p2a: Ferrothorn|Leech Seed|p1a: Rotom
|-start|p1a: Rotom|move: Leech Seed
|
|-damage|p1a: Rotom|39/100|[from] Leech Seed|[of] p2a: Ferrothorn
|-heal|p2a: Ferrothorn|89/100|[silent]
|upkeep
|turn|18
|
|t:|1641728078
|switch|p2a: Landorus|Landorus-Therian, M|74/100
|-damage|p2a: Landorus|61/100|[from] Stealth Rock
|-ability|p2a: Landorus|Intimidate|boost
|-unboost|p1a: Rotom|atk|1
|move|p1a: Rotom|Pain Split|p2a: Landorus
|-sethp|p2a: Landorus|46/100|[from] move: Pain Split|[silent]
|-sethp|p1a: Rotom|58/100|[from] move: Pain Split
|
|-heal|p2a: Landorus|52/100|[from] item: Leftovers
|-damage|p1a: Rotom|46/100|[from] Leech Seed|[of] p2a: Landorus
|-heal|p2a: Landorus|62/100|[silent]
|upkeep
|turn|19
|
|t:|1641728083
|switch|p1a: Zapdos|Zapdos-Galar|82/100
|-damage|p1a: Zapdos|70/100|[from] Stealth Rock
|move|p2a: Landorus|Toxic|p1a: Zapdos
|-status|p1a: Zapdos|tox
|
|-heal|p2a: Landorus|68/100|[from] item: Leftovers
|-damage|p1a: Zapdos|63/100 tox|[from] psn
|upkeep
|turn|20
|
|t:|1641728088
|move|p1a: Zapdos|Brave Bird|p2a: Landorus
|-damage|p2a: Landorus|0 fnt
|faint|p2a: Landorus
|-damage|p1a: Zapdos|37/100 tox|[from] Recoil
|
|-damage|p1a: Zapdos|24/100 tox|[from] psn
|upkeep
|
|t:|1641728108
|switch|p2a: Zeraora|Zeraora|100/100
|turn|21
|inactive|Luispeikou has 270 seconds left.
|
|t:|1641728144
|move|p2a: Zeraora|Close Combat|p1a: Zapdos
|-resisted|p1a: Zapdos
|-damage|p1a: Zapdos|2/100 tox
|-unboost|p2a: Zeraora|def|1
|-unboost|p2a: Zeraora|spd|1
|move|p1a: Zapdos|Brave Bird|p2a: Zeraora
|-resisted|p2a: Zeraora
|-damage|p2a: Zeraora|14/100
|-damage|p1a: Zapdos|0 fnt|[from] Recoil
|faint|p1a: Zapdos
|
|upkeep
|c|☆Luispeikou|.
|c|☆Luispeikou|0
|c|☆regnite ◕‿◕|ok
|
|t:|1641728161
|switch|p1a: Landorus|Landorus-Therian, M|42/100
|-damage|p1a: Landorus|29/100|[from] Stealth Rock
|-ability|p1a: Landorus|Intimidate|boost
|-unboost|p2a: Zeraora|atk|1
|turn|22
|inactive|Luispeikou has 270 seconds left.
|
|t:|1641728170
|switch|p2a: Ferrothorn|Ferrothorn, M|89/100
|-damage|p2a: Ferrothorn|83/100|[from] Stealth Rock
|move|p1a: Landorus|Earthquake|p2a: Ferrothorn
|-damage|p2a: Ferrothorn|54/100
|
|upkeep
|turn|23
|
|t:|1641728174
|move|p1a: Landorus|Earthquake|p2a: Ferrothorn
|-damage|p2a: Ferrothorn|27/100
|move|p2a: Ferrothorn|Leech Seed|p1a: Landorus
|-start|p1a: Landorus|move: Leech Seed
|
|-damage|p1a: Landorus|17/100|[from] Leech Seed|[of] p2a: Ferrothorn
|-heal|p2a: Ferrothorn|40/100|[silent]
|upkeep
|turn|24
|
|t:|1641728177
|move|p1a: Landorus|Earthquake|p2a: Ferrothorn
|-damage|p2a: Ferrothorn|13/100
|move|p2a: Ferrothorn|Spikes|p1a: Landorus
|-sidestart|p1: regnite ◕‿◕|Spikes
|
|-damage|p1a: Landorus|5/100|[from] Leech Seed|[of] p2a: Ferrothorn
|-heal|p2a: Ferrothorn|26/100|[silent]
|upkeep
|turn|25
|
|t:|1641728180
|move|p1a: Landorus|Earthquake|p2a: Ferrothorn
|-damage|p2a: Ferrothorn|0 fnt
|faint|p2a: Ferrothorn
|
|upkeep
|
|t:|1641728187
|switch|p2a: Zeraora|Zeraora|14/100
|turn|26
|
|t:|1641728190
|move|p2a: Zeraora|Knock Off|p1a: Landorus
|-damage|p1a: Landorus|0 fnt
|faint|p1a: Landorus
|
|upkeep
|
|t:|1641728194
|switch|p1a: Weavile|Weavile, F|88/100
|-ability|p1a: Weavile|Pressure
|turn|27
|
|t:|1641728220
|switch|p2a: Clefable|Clefable, M|100/100
|move|p1a: Weavile|Ice Shard|p2a: Clefable
|-damage|p2a: Clefable|83/100
|
|-heal|p2a: Clefable|89/100|[from] item: Leftovers
|upkeep
|turn|28
|
|t:|1641728233
|switch|p1a: Melmetal|Melmetal|100/100
|-damage|p1a: Melmetal|94/100|[from] Stealth Rock
|-damage|p1a: Melmetal|78/100|[from] Spikes
|move|p2a: Clefable|Flamethrower|p1a: Melmetal
|-supereffective|p1a: Melmetal
|-damage|p1a: Melmetal|47/100
|
|-heal|p2a: Clefable|95/100|[from] item: Leftovers
|-heal|p1a: Melmetal|54/100|[from] item: Leftovers
|upkeep
|turn|29
|
|t:|1641728250
|move|p2a: Clefable|Flamethrower|p1a: Melmetal
|-supereffective|p1a: Melmetal
|-damage|p1a: Melmetal|26/100
|move|p1a: Melmetal|Double Iron Bash|p2a: Clefable
|-supereffective|p2a: Clefable
|-damage|p2a: Clefable|40/100
|-supereffective|p2a: Clefable
|-crit|p2a: Clefable
|-damage|p2a: Clefable|0 fnt
|faint|p2a: Clefable
|-hitcount|p2: Clefable|2
|
|-heal|p1a: Melmetal|32/100|[from] item: Leftovers
|upkeep
|
|t:|1641728254
|switch|p2a: Zeraora|Zeraora|14/100
|turn|30
|
|t:|1641728257
|move|p1a: Melmetal|Protect|p1a: Melmetal
|-singleturn|p1a: Melmetal|Protect
|move|p2a: Zeraora|Close Combat|p1a: Melmetal
|-activate|p1a: Melmetal|move: Protect
|
|-heal|p1a: Melmetal|38/100|[from] item: Leftovers
|upkeep
|turn|31
|
|t:|1641728260
|move|p2a: Zeraora|Close Combat|p1a: Melmetal
|-supereffective|p1a: Melmetal
|-damage|p1a: Melmetal|0 fnt
|-unboost|p2a: Zeraora|def|1
|-unboost|p2a: Zeraora|spd|1
|faint|p1a: Melmetal
|
|upkeep
|
|t:|1641728263
|switch|p1a: Weavile|Weavile, F|88/100
|-ability|p1a: Weavile|Pressure
|turn|32
|
|t:|1641728278
|switch|p2a: Weavile|Weavile, M|100/100
|-ability|p2a: Weavile|Pressure
|move|p1a: Weavile|Ice Shard|p2a: Weavile
|-resisted|p2a: Weavile
|-damage|p2a: Weavile|82/100
|
|upkeep
|turn|33
|
|t:|1641728289
|move|p1a: Weavile|Triple Axel|p2a: Weavile
|-resisted|p2a: Weavile
|-damage|p2a: Weavile|73/100
|-resisted|p2a: Weavile
|-damage|p2a: Weavile|57/100
|-resisted|p2a: Weavile
|-damage|p2a: Weavile|33/100
|-hitcount|p2a: Weavile|3
|move|p2a: Weavile|Swords Dance|p2a: Weavile
|-boost|p2a: Weavile|atk|2
|
|upkeep
|turn|34
|
|t:|1641728311
|switch|p1a: Rotom|Rotom-Heat|46/100
|move|p2a: Weavile|Triple Axel|p1a: Rotom
|-resisted|p1a: Rotom
|-damage|p1a: Rotom|35/100
|-resisted|p1a: Rotom
|-damage|p1a: Rotom|14/100
|-resisted|p1a: Rotom
|-damage|p1a: Rotom|0 fnt
|faint|p1a: Rotom
|-hitcount|p1: Rotom|3
|
|upkeep
|
|t:|1641728314
|switch|p1a: Toxapex|Toxapex, M|100/100
|-damage|p1a: Toxapex|88/100|[from] Stealth Rock
|-damage|p1a: Toxapex|72/100|[from] Spikes
|turn|35
|inactive|Luispeikou has 270 seconds left.
|
|t:|1641728346
|move|p2a: Weavile|Swords Dance|p2a: Weavile
|-boost|p2a: Weavile|atk|2
|move|p1a: Toxapex|Scald|p2a: Weavile
|-damage|p2a: Weavile|8/100
|
|upkeep
|turn|36
|inactive|Luispeikou has 270 seconds left.
|
|t:|1641728361
|move|p2a: Weavile|Knock Off|p1a: Toxapex
|-damage|p1a: Toxapex|6/100
|move|p1a: Toxapex|Haze|p1a: Toxapex
|-clearallboost
|
|upkeep
|turn|37
|inactive|Luispeikou has 270 seconds left.
|
|t:|1641728368
|move|p2a: Weavile|Knock Off|p1a: Toxapex
|-damage|p1a: Toxapex|0 fnt
|faint|p1a: Toxapex
|
|upkeep
|
|t:|1641728370
|switch|p1a: Weavile|Weavile, F|88/100
|-ability|p1a: Weavile|Pressure
|turn|38
|c|☆Luispeikou|gg men
|
|t:|1641728376
|move|p2a: Weavile|Ice Shard|p1a: Weavile
|-resisted|p1a: Weavile
|-damage|p1a: Weavile|70/100
|move|p1a: Weavile|Ice Shard|p2a: Weavile
|-resisted|p2a: Weavile
|-damage|p2a: Weavile|0 fnt
|faint|p2a: Weavile
|
|upkeep
|c|☆regnite ◕‿◕|ok
|
|t:|1641728378
|switch|p2a: Zeraora|Zeraora|14/100
|turn|39
|
|t:|1641728380
|move|p1a: Weavile|Ice Shard|p2a: Zeraora
|-damage|p2a: Zeraora|0 fnt
|faint|p2a: Zeraora
|
|win|regnite ◕‿◕
