|inactive|Battle timer is ON: inactive players will automatically lose when time's up.
|t:|1641770101
|gametype|singles
|player|p1|Luigi9878|zinzolin|
|player|p2|Raichy|#splxiiicryonicles|
|teamsize|p1|6
|teamsize|p2|6
|gen|8
|tier|[Gen 8] OU
|rule|Sleep Clause Mod: Limit one foe put to sleep
|rule|Species Clause: Limit one of each Pokémon
|rule|OHKO Clause: OHKO moves are banned
|rule|Evasion Moves Clause: Evasion moves are banned
|rule|Endless Battle Clause: Forcing endless battles is banned
|rule|HP Percentage Mod: HP is shown in percentages
|rule|Dynamax Clause: You cannot dynamax
|clearpoke
|poke|p1|Dragapult, M|
|poke|p1|Corviknight, M|
|poke|p1|Diggersby, M|
|poke|p1|Ditto|
|poke|p1|Blissey, F|
|poke|p1|Chansey, F|
|poke|p2|Mew|
|poke|p2|Cloyster, F|
|poke|p2|Regieleki|
|poke|p2|Kartana|
|poke|p2|Blacephalon|
|poke|p2|Dragonite, M|
|teampreview
|c|☆Raichy|LOL
|c|☆Raichy|NOO
|inactive|Luigi9878 has 270 seconds left.
|
|t:|1641770131
|start
|switch|p1a: Dragapult|Dragapult, M|100/100
|switch|p2a: Mew|Mew|100/100
|turn|1
|
|t:|1641770140
|move|p1a: Dragapult|Shadow Ball|p2a: Mew
|-supereffective|p2a: Mew
|-damage|p2a: Mew|13/100
|move|p2a: Mew|Thunder Wave|p1a: Dragapult
|-status|p1a: Dragapult|par
|
|upkeep
|turn|2
|
|t:|1641770148
|move|p2a: Mew|Stealth Rock|p1a: Dragapult
|-sidestart|p1: Luigi9878|move: Stealth Rock
|move|p1a: Dragapult|Shadow Ball|p2a: Mew
|-supereffective|p2a: Mew
|-damage|p2a: Mew|0 fnt
|faint|p2a: Mew
|
|upkeep
|
|t:|1641770166
|switch|p2a: Kartana|Kartana|100/100
|turn|3
|
|t:|1641770172
|switch|p1a: Corviknight|Corviknight, M|100/100
|-damage|p1a: Corviknight|88/100|[from] Stealth Rock
|move|p2a: Kartana|Swords Dance|p2a: Kartana
|-boost|p2a: Kartana|atk|2
|
|upkeep
|turn|4
|
|t:|1641770186
|move|p2a: Kartana|Knock Off|p1a: Corviknight
|-damage|p1a: Corviknight|48/100
|-damage|p2a: Kartana|84/100|[from] item: Rocky Helmet|[of] p1a: Corviknight
|-enditem|p1a: Corviknight|Rocky Helmet|[from] move: Knock Off|[of] p2a: Kartana
|move|p1a: Corviknight|Defog|p2a: Kartana
|-unboost|p2a: Kartana|evasion|1
|-sideend|p1: Luigi9878|Stealth Rock|[from] move: Defog|[of] p1a: Corviknight
|
|upkeep
|turn|5
|
|t:|1641770197
|move|p2a: Kartana|Sacred Sword|p1a: Corviknight
|-damage|p1a: Corviknight|6/100
|move|p1a: Corviknight|Body Press|p2a: Kartana
|-supereffective|p2a: Kartana
|-damage|p2a: Kartana|38/100
|
|upkeep
|turn|6
|
|t:|1641770209
|move|p2a: Kartana|Knock Off|p1a: Corviknight
|-damage|p1a: Corviknight|0 fnt
|faint|p1a: Corviknight
|-ability|p2a: Kartana|Beast Boost|boost
|-boost|p2a: Kartana|spe|1
|
|upkeep
|
|t:|1641770216
|switch|p1a: Ditto|Ditto|100/100
|-transform|p1a: Ditto|p2a: Kartana|[from] ability: Imposter
|turn|7
|
|t:|1641770224
|switch|p2a: Regieleki|Regieleki|100/100
|move|p1a: Ditto|Knock Off|p2a: Regieleki
|-damage|p2a: Regieleki|0 fnt
|-enditem|p2a: Regieleki|Normal Gem|[from] move: Knock Off|[of] p1a: Ditto
|faint|p2a: Regieleki
|-ability|p1a: Ditto|Beast Boost|boost
|-boost|p1a: Ditto|spe|1
|
|upkeep
|
|t:|1641770232
|switch|p2a: Dragonite|Dragonite, M|100/100
|turn|8
|
|t:|1641770240
|switch|p1a: Chansey|Chansey, F|100/100
|move|p2a: Dragonite|Dual Wingbeat|p1a: Chansey
|-damage|p1a: Chansey|84/100
|-damage|p1a: Chansey|70/100
|-hitcount|p1a: Chansey|2
|
|upkeep
|turn|9
|
|t:|1641770251
|move|p2a: Dragonite|Dragon Dance|p2a: Dragonite
|-boost|p2a: Dragonite|atk|1
|-boost|p2a: Dragonite|spe|1
|move|p1a: Chansey|Aromatherapy|p1a: Chansey
|-activate|p1a: Chansey|move: Aromatherapy
|-curestatus|p1: Dragapult|par|[msg]
|
|upkeep
|turn|10
|
|t:|1641770262
|move|p2a: Dragonite|Dual Wingbeat|p1a: Chansey
|-damage|p1a: Chansey|47/100
|-damage|p1a: Chansey|23/100
|-hitcount|p1a: Chansey|2
|move|p1a: Chansey|Toxic|p2a: Dragonite
|-status|p2a: Dragonite|tox
|
|-damage|p2a: Dragonite|94/100 tox|[from] psn
|upkeep
|turn|11
|
|t:|1641770272
|move|p2a: Dragonite|Earthquake|p1a: Chansey
|-damage|p1a: Chansey|0 fnt
|faint|p1a: Chansey
|
|-damage|p2a: Dragonite|82/100 tox|[from] psn
|upkeep
|
|t:|1641770282
|switch|p1a: Ditto|Ditto|100/100
|-transform|p1a: Ditto|p2a: Dragonite|[from] ability: Imposter
|turn|12
|
|t:|1641770294
|switch|p2a: Kartana|Kartana|38/100
|move|p1a: Ditto|Dual Wingbeat|p2a: Kartana
|-damage|p2a: Kartana|7/100
|-damage|p2a: Kartana|0 fnt
|faint|p2a: Kartana
|-hitcount|p2: Kartana|2
|
|upkeep
|
|t:|1641770296
|switch|p2a: Cloyster|Cloyster, F|100/100
|turn|13
|
|t:|1641770327
|switch|p1a: Dragapult|Dragapult, M|100/100
|move|p2a: Cloyster|Icicle Spear|p1a: Dragapult
|-supereffective|p1a: Dragapult
|-damage|p1a: Dragapult|70/100
|-supereffective|p1a: Dragapult
|-damage|p1a: Dragapult|35/100
|-supereffective|p1a: Dragapult
|-damage|p1a: Dragapult|5/100
|-supereffective|p1a: Dragapult
|-damage|p1a: Dragapult|0 fnt
|faint|p1a: Dragapult
|-hitcount|p1: Dragapult|4
|
|upkeep
|inactive|Luigi9878 has 270 seconds left.
|
|t:|1641770358
|switch|p1a: Ditto|Ditto|100/100
|-transform|p1a: Ditto|p2a: Cloyster|[from] ability: Imposter
|turn|14
|
|t:|1641770372
|move|p1a: Ditto|Rock Blast|p2a: Cloyster
|-supereffective|p2a: Cloyster
|-damage|p2a: Cloyster|87/100
|-supereffective|p2a: Cloyster
|-damage|p2a: Cloyster|75/100
|-supereffective|p2a: Cloyster
|-damage|p2a: Cloyster|61/100
|-supereffective|p2a: Cloyster
|-damage|p2a: Cloyster|48/100
|-supereffective|p2a: Cloyster
|-damage|p2a: Cloyster|36/100
|-hitcount|p2a: Cloyster|5
|move|p2a: Cloyster|Rock Blast|p1a: Ditto
|-supereffective|p1a: Ditto
|-crit|p1a: Ditto
|-damage|p1a: Ditto|85/100
|-supereffective|p1a: Ditto
|-damage|p1a: Ditto|74/100
|-supereffective|p1a: Ditto
|-crit|p1a: Ditto
|-damage|p1a: Ditto|56/100
|-supereffective|p1a: Ditto
|-damage|p1a: Ditto|46/100
|-supereffective|p1a: Ditto
|-damage|p1a: Ditto|34/100
|-hitcount|p1a: Ditto|5
|
|upkeep
|turn|15
|
|t:|1641770392
|move|p1a: Ditto|Rock Blast|p2a: Cloyster
|-supereffective|p2a: Cloyster
|-damage|p2a: Cloyster|23/100
|-supereffective|p2a: Cloyster
|-damage|p2a: Cloyster|9/100
|-supereffective|p2a: Cloyster
|-damage|p2a: Cloyster|0 fnt
|faint|p2a: Cloyster
|-hitcount|p2: Cloyster|3
|
|upkeep
|
|t:|1641770395
|switch|p2a: Dragonite|Dragonite, M|82/100 tox
|turn|16
|
|t:|1641770409
|switch|p1a: Diggersby|Diggersby, M|100/100
|move|p2a: Dragonite|Extreme Speed|p1a: Diggersby
|-damage|p1a: Diggersby|65/100
|
|-damage|p2a: Dragonite|76/100 tox|[from] psn
|upkeep
|turn|17
|
|t:|1641770425
|move|p2a: Dragonite|Dual Wingbeat|p1a: Diggersby
|-damage|p1a: Diggersby|37/100
|-damage|p1a: Diggersby|11/100
|-hitcount|p1a: Diggersby|2
|move|p1a: Diggersby|Body Slam|p2a: Dragonite
|-damage|p2a: Dragonite|0 fnt
|faint|p2a: Dragonite
|-damage|p1a: Diggersby|1/100|[from] item: Life Orb
|
|upkeep
|
|t:|1641770428
|switch|p2a: Blacephalon|Blacephalon|100/100
|turn|18
|
|t:|1641770438
|switch|p1a: Blissey|Blissey, F|100/100
|move|p2a: Blacephalon|Trick|p1a: Blissey
|-activate|p2a: Blacephalon|move: Trick|[of] p1a: Blissey
|-item|p1a: Blissey|Choice Scarf|[from] move: Trick
|-item|p2a: Blacephalon|Chople Berry|[from] move: Trick
|
|upkeep
|turn|19
|
|t:|1641770446
|move|p2a: Blacephalon|Trick|p1a: Blissey
|-activate|p2a: Blacephalon|move: Trick|[of] p1a: Blissey
|-item|p1a: Blissey|Chople Berry|[from] move: Trick
|-item|p2a: Blacephalon|Choice Scarf|[from] move: Trick
|move|p1a: Blissey|Toxic|p2a: Blacephalon
|-status|p2a: Blacephalon|tox
|
|-damage|p2a: Blacephalon|94/100 tox|[from] psn
|upkeep
|turn|20
|
|t:|1641770456
|move|p2a: Blacephalon|Trick|p1a: Blissey
|-activate|p2a: Blacephalon|move: Trick|[of] p1a: Blissey
|-item|p1a: Blissey|Choice Scarf|[from] move: Trick
|-item|p2a: Blacephalon|Chople Berry|[from] move: Trick
|move|p1a: Blissey|Soft-Boiled||[still]
|-fail|p1a: Blissey|heal
|
|-damage|p2a: Blacephalon|82/100 tox|[from] psn
|upkeep
|turn|21
|inactive|Luigi9878 has 270 seconds left.
|
|t:|1641770465
|move|p2a: Blacephalon|Flamethrower|p1a: Blissey
|-damage|p1a: Blissey|78/100
|move|p1a: Blissey|Soft-Boiled|p1a: Blissey
|-heal|p1a: Blissey|100/100
|
|-damage|p2a: Blacephalon|64/100 tox|[from] psn
|upkeep
|turn|22
|
|t:|1641770474
|move|p2a: Blacephalon|Mind Blown|p1a: Blissey
|-damage|p1a: Blissey|67/100
|-damage|p2a: Blacephalon|14/100 tox|[from] mindblown
|move|p1a: Blissey|Soft-Boiled|p1a: Blissey
|-heal|p1a: Blissey|100/100
|
|-damage|p2a: Blacephalon|0 fnt|[from] psn
|faint|p2a: Blacephalon
|
|win|Luigi9878
|upkeep
|c|☆Raichy|gg
|c|+Pinto|que bueno que es luigi dios mio
|c|☆Raichy|Incredibol
|c|+Pinto|menudo player
|c|+Ale el dark link|Listo para spl 
|c|☆Luigi9878|The GOAT se luce
