|inactive|Battle timer is ON: inactive players will automatically lose when time's up.
|t:|1641731495
|gametype|singles
|player|p1|yakomaster|170|
|player|p2|Luispeikou|#wcop2020spain|
|teamsize|p1|6
|teamsize|p2|6
|gen|8
|tier|[Gen 8] OU
|rule|Sleep Clause Mod: Limit one foe put to sleep
|rule|Species Clause: Limit one of each Pokémon
|rule|OHKO Clause: OHKO moves are banned
|rule|Evasion Moves Clause: Evasion moves are banned
|rule|Endless Battle Clause: Forcing endless battles is banned
|rule|HP Percentage Mod: HP is shown in percentages
|rule|Dynamax Clause: You cannot dynamax
|clearpoke
|poke|p1|Buzzwole|
|poke|p1|Garchomp, F|
|poke|p1|Heatran, F|
|poke|p1|Zeraora|
|poke|p1|Landorus-Therian, M|
|poke|p1|Tapu Fini|
|poke|p2|Nihilego|
|poke|p2|Zapdos-Galar|
|poke|p2|Kartana|
|poke|p2|Heatran, M|
|poke|p2|Garchomp, F|
|poke|p2|Tapu Fini|
|teampreview
|inactive|Luispeikou also wants the timer to be on.
|c|☆Luispeikou|hf
|c|☆yakomaster|hf ma
|
|t:|1641731525
|start
|switch|p1a: Garchomp|Garchomp, F|100/100
|switch|p2a: Zapdos|Zapdos-Galar|100/100
|turn|1
|
|t:|1641731544
|move|p1a: Garchomp|Scale Shot|p2a: Zapdos
|-damage|p2a: Zapdos|88/100
|-damage|p2a: Zapdos|76/100
|-hitcount|p2a: Zapdos|2
|-unboost|p1a: Garchomp|def|1
|-boost|p1a: Garchomp|spe|1
|move|p2a: Zapdos|Brave Bird|p1a: Garchomp
|-damage|p1a: Garchomp|0 fnt
|-damage|p2a: Zapdos|63/100|[from] ability: Rough Skin|[of] p1a: Garchomp
|-damage|p2a: Zapdos|47/100|[from] item: Rocky Helmet|[of] p1a: Garchomp
|faint|p1a: Garchomp
|-damage|p2a: Zapdos|10/100|[from] Recoil
|
|upkeep
|
|t:|1641731560
|switch|p1a: Zeraora|Zeraora|100/100
|turn|2
|
|t:|1641731566
|switch|p2a: Garchomp|Garchomp, F|100/100
|move|p1a: Zeraora|Knock Off|p2a: Garchomp
|-damage|p2a: Garchomp|72/100
|-damage|p1a: Zeraora|88/100|[from] ability: Rough Skin|[of] p2a: Garchomp
|-enditem|p2a: Garchomp|Yache Berry|[from] move: Knock Off|[of] p1a: Zeraora
|
|upkeep
|turn|3
|inactive|yakomaster has 270 seconds left.
|
|t:|1641731606
|switch|p1a: Tapu Fini|Tapu Fini|100/100
|-fieldstart|move: Misty Terrain|[from] ability: Misty Surge|[of] p1a: Tapu Fini
|switch|p2a: Zapdos|Zapdos-Galar|10/100
|
|upkeep
|turn|4
|
|t:|1641731623
|move|p1a: Tapu Fini|Moonblast|p2a: Zapdos
|-supereffective|p2a: Zapdos
|-damage|p2a: Zapdos|0 fnt
|faint|p2a: Zapdos
|
|upkeep
|
|t:|1641731632
|switch|p2a: Nihilego|Nihilego|100/100
|turn|5
|
|t:|1641731643
|switch|p1a: Heatran|Heatran, F|100/100
|move|p2a: Nihilego|Meteor Beam||[still]
|-prepare|p2a: Nihilego|Meteor Beam
|-boost|p2a: Nihilego|spa|1
|-enditem|p2a: Nihilego|Power Herb
|-anim|p2a: Nihilego|Meteor Beam|p1a: Heatran
|-damage|p1a: Heatran|43/100
|
|-heal|p1a: Heatran|49/100|[from] item: Leftovers
|upkeep
|turn|6
|
|t:|1641731655
|move|p2a: Nihilego|Meteor Beam||[still]
|-prepare|p2a: Nihilego|Meteor Beam
|-boost|p2a: Nihilego|spa|1
|move|p1a: Heatran|Earth Power|p2a: Nihilego
|-supereffective|p2a: Nihilego
|-damage|p2a: Nihilego|21/100
|
|-heal|p1a: Heatran|55/100|[from] item: Leftovers
|upkeep
|turn|7
|inactive|yakomaster has 270 seconds left.
|inactive|yakomaster has 240 seconds left.
|
|t:|1641731692
|switch|p1a: Tapu Fini|Tapu Fini|100/100
|move|p2a: Nihilego|Meteor Beam|p1a: Tapu Fini|[from]lockedmove
|-damage|p1a: Tapu Fini|0 fnt
|faint|p1a: Tapu Fini
|-ability|p2a: Nihilego|Beast Boost|boost
|-boost|p2a: Nihilego|spe|1
|
|-fieldend|Misty Terrain
|upkeep
|inactive|yakomaster has 240 seconds left.
|c|☆yakomaster|rip
|c|☆yakomaster|pues ya esta
|
|t:|1641731710
|switch|p1a: Landorus|Landorus-Therian, M|100/100
|-ability|p1a: Landorus|Intimidate|boost
|-unboost|p2a: Nihilego|atk|1
|turn|8
|
|t:|1641731727
|move|p2a: Nihilego|Power Gem|p1a: Landorus
|-damage|p1a: Landorus|0 fnt
|faint|p1a: Landorus
|-ability|p2a: Nihilego|Beast Boost|boost
|-boost|p2a: Nihilego|spe|1
|
|upkeep
|inactive|yakomaster has 240 seconds left.
|-message|yakomaster forfeited.
|
|win|Luispeikou
