|inactive|Battle timer is ON: inactive players will automatically lose when time's up.
|t:|1641697398
|gametype|singles
|player|p1|Separation|shelly-gen3|
|player|p2|Ajna|swimmerf-gen4|
|teamsize|p1|6
|teamsize|p2|6
|gen|8
|tier|[Gen 8] OU
|rule|Sleep Clause Mod: Limit one foe put to sleep
|rule|Species Clause: Limit one of each Pokémon
|rule|OHKO Clause: OHKO moves are banned
|rule|Evasion Moves Clause: Evasion moves are banned
|rule|Endless Battle Clause: Forcing endless battles is banned
|rule|HP Percentage Mod: HP is shown in percentages
|rule|Dynamax Clause: You cannot dynamax
|clearpoke
|poke|p1|Ninetales-Alola, F|
|poke|p1|Dragapult, M|
|poke|p1|Heatran, M|
|poke|p1|Garchomp, M|
|poke|p1|Cloyster, F|
|poke|p1|Scizor, F|
|poke|p2|Landorus-Therian, M|
|poke|p2|Toxapex, M|
|poke|p2|Tapu Koko|
|poke|p2|Ferrothorn, M|
|poke|p2|Weavile, M|
|poke|p2|Slowking-Galar, M|
|teampreview
|raw|<div class="broadcast-red"><strong>Moderated chat was set to ☆!</strong><br />Only users of rank ☆ and higher can talk.</div>
|c|☆Separation|hf
|c|☆Ajna|hf
|inactive|Separation has 270 seconds left.
|inactive|Ajna has 270 seconds left.
|
|t:|1641697445
|start
|switch|p1a: Heatran|Heatran, M|100/100
|switch|p2a: Slowking|Slowking-Galar, M|100/100
|-item|p1a: Heatran|Air Balloon
|turn|1
|
|t:|1641697460
|move|p1a: Heatran|Stealth Rock|p2a: Slowking
|-sidestart|p2: Ajna|move: Stealth Rock
|move|p2a: Slowking|Scald|p1a: Heatran
|-supereffective|p1a: Heatran
|-damage|p1a: Heatran|51/100
|-enditem|p1a: Heatran|Air Balloon
|
|upkeep
|turn|2
|inactive|Separation has 270 seconds left.
|
|t:|1641697496
|switch|p1a: Ninetales|Ninetales-Alola, F|100/100
|-weather|Hail|[from] ability: Snow Warning|[of] p1a: Ninetales
|move|p2a: Slowking|Scald|p1a: Ninetales
|-damage|p1a: Ninetales|76/100
|
|-weather|Hail|[upkeep]
|-damage|p2a: Slowking|94/100|[from] Hail
|upkeep
|turn|3
|inactive|Separation has 270 seconds left.
|
|t:|1641697507
|move|p1a: Ninetales|Aurora Veil|p1a: Ninetales
|-sidestart|p1: Separation|move: Aurora Veil
|move|p2a: Slowking|Sludge Bomb|p1a: Ninetales
|-supereffective|p1a: Ninetales
|-damage|p1a: Ninetales|31/100
|-status|p1a: Ninetales|psn
|
|-weather|Hail|[upkeep]
|-damage|p2a: Slowking|88/100|[from] Hail
|-damage|p1a: Ninetales|19/100 psn|[from] psn
|upkeep
|turn|4
|inactive|Separation has 270 seconds left.
|
|t:|1641697516
|switch|p1a: Garchomp|Garchomp, M|100/100
|move|p2a: Slowking|Future Sight|p1a: Garchomp
|-start|p2a: Slowking|move: Future Sight
|
|-weather|Hail|[upkeep]
|-damage|p1a: Garchomp|94/100|[from] Hail
|-damage|p2a: Slowking|82/100|[from] Hail
|-heal|p1a: Garchomp|100/100|[from] item: Leftovers
|upkeep
|turn|5
|inactive|Separation has 270 seconds left.
|
|t:|1641697527
|switch|p2a: Landorus|Landorus-Therian, M|100/100
|-damage|p2a: Landorus|88/100|[from] Stealth Rock
|-ability|p2a: Landorus|Intimidate|boost
|-unboost|p1a: Garchomp|atk|1
|move|p1a: Garchomp|Swords Dance|p1a: Garchomp
|-boost|p1a: Garchomp|atk|2
|
|-weather|Hail|[upkeep]
|-damage|p1a: Garchomp|94/100|[from] Hail
|-damage|p2a: Landorus|82/100|[from] Hail
|-heal|p1a: Garchomp|100/100|[from] item: Leftovers
|-heal|p2a: Landorus|88/100|[from] item: Leftovers
|upkeep
|turn|6
|inactive|Ajna has 270 seconds left.
|inactive|Ajna has 240 seconds left.
|
|t:|1641697597
|move|p1a: Garchomp|Aqua Tail|p2a: Landorus|[miss]
|-miss|p1a: Garchomp|p2a: Landorus
|move|p2a: Landorus|Earthquake|p1a: Garchomp
|-damage|p1a: Garchomp|75/100
|
|-weather|none
|-end|p1a: Garchomp|move: Future Sight
|-damage|p1a: Garchomp|45/100
|-heal|p1a: Garchomp|51/100|[from] item: Leftovers
|-heal|p2a: Landorus|94/100|[from] item: Leftovers
|upkeep
|turn|7
|inactive|Separation has 270 seconds left.
|inactive|Ajna has 210 seconds left.
|
|t:|1641697623
|switch|p2a: Toxapex|Toxapex, M|100/100
|-damage|p2a: Toxapex|88/100|[from] Stealth Rock
|move|p1a: Garchomp|Swords Dance|p1a: Garchomp
|-boost|p1a: Garchomp|atk|2
|
|-heal|p1a: Garchomp|57/100|[from] item: Leftovers
|upkeep
|turn|8
|inactive|Separation has 270 seconds left.
|inactive|Ajna has 210 seconds left.
|
|t:|1641697653
|switch|p2a: Landorus|Landorus-Therian, M|94/100
|-damage|p2a: Landorus|82/100|[from] Stealth Rock
|-ability|p2a: Landorus|Intimidate|boost
|-unboost|p1a: Garchomp|atk|1
|move|p1a: Garchomp|Scale Shot|p2a: Landorus
|-damage|p2a: Landorus|58/100
|-damage|p2a: Landorus|30/100
|-damage|p2a: Landorus|6/100
|-hitcount|p2a: Landorus|3
|-unboost|p1a: Garchomp|def|1
|-boost|p1a: Garchomp|spe|1
|
|-heal|p1a: Garchomp|63/100|[from] item: Leftovers
|-heal|p2a: Landorus|12/100|[from] item: Leftovers
|upkeep
|turn|9
|inactive|Separation has 270 seconds left.
|inactive|Ajna has 180 seconds left.
|
|t:|1641697696
|switch|p2a: Toxapex|Toxapex, M|100/100
|-damage|p2a: Toxapex|88/100|[from] Stealth Rock
|move|p1a: Garchomp|Scale Shot|p2a: Toxapex
|-damage|p2a: Toxapex|68/100
|-damage|p2a: Toxapex|51/100
|-damage|p2a: Toxapex|34/100
|-hitcount|p2a: Toxapex|3
|-enditem|p2a: Toxapex|Eject Button
|-unboost|p1a: Garchomp|def|1
|-boost|p1a: Garchomp|spe|1
|
|t:|1641697707
|switch|p2a: Ferrothorn|Ferrothorn, M|100/100
|-damage|p2a: Ferrothorn|94/100|[from] Stealth Rock
|
|-heal|p1a: Garchomp|69/100|[from] item: Leftovers
|upkeep
|turn|10
|
|t:|1641697714
|switch|p2a: Landorus|Landorus-Therian, M|12/100
|-damage|p2a: Landorus|0 fnt|[from] Stealth Rock
|faint|p2a: Landorus
|move|p1a: Garchomp|Earthquake|p2: Landorus|[notarget]
|-fail|p1a: Garchomp
|
|-heal|p1a: Garchomp|76/100|[from] item: Leftovers
|-sideend|p1: Separation|move: Aurora Veil
|upkeep
|
|t:|1641697716
|switch|p2a: Weavile|Weavile, M|100/100
|-ability|p2a: Weavile|Pressure
|turn|11
|inactive|Ajna has 180 seconds left.
|
|t:|1641697730
|switch|p1a: Heatran|Heatran, M|51/100
|move|p2a: Weavile|Ice Shard|p1a: Heatran
|-resisted|p1a: Heatran
|-damage|p1a: Heatran|46/100
|
|upkeep
|turn|12
|inactive|Ajna has 180 seconds left.
|inactive|Ajna has 150 seconds left.
|inactive|Ajna has 120 seconds left.
|
|t:|1641697820
|switch|p2a: Slowking|Slowking-Galar, M|100/100
|-damage|p2a: Slowking|88/100|[from] Stealth Rock
|switch|p1a: Ninetales|Ninetales-Alola, F|19/100 psn
|-weather|Hail|[from] ability: Snow Warning|[of] p1a: Ninetales
|
|-weather|Hail|[upkeep]
|-damage|p2a: Slowking|82/100|[from] Hail
|-damage|p1a: Ninetales|6/100 psn|[from] psn
|upkeep
|turn|13
|inactive|Ajna has 90 seconds left.
|
|t:|1641697847
|move|p1a: Ninetales|Aurora Veil|p1a: Ninetales
|-sidestart|p1: Separation|move: Aurora Veil
|move|p2a: Slowking|Future Sight|p1a: Ninetales
|-start|p2a: Slowking|move: Future Sight
|
|-weather|Hail|[upkeep]
|-damage|p2a: Slowking|76/100|[from] Hail
|-damage|p1a: Ninetales|0 fnt|[from] psn
|faint|p1a: Ninetales
|upkeep
|
|t:|1641697852
|switch|p1a: Garchomp|Garchomp, M|76/100
|turn|14
|inactive|Ajna has 90 seconds left.
|inactive|Ajna has 60 seconds left.
|
|t:|1641697892
|switch|p2a: Toxapex|Toxapex, M|67/100
|-damage|p2a: Toxapex|55/100|[from] Stealth Rock
|move|p1a: Garchomp|Earthquake|p2a: Toxapex
|-supereffective|p2a: Toxapex
|-damage|p2a: Toxapex|0 fnt
|faint|p2a: Toxapex
|
|-weather|Hail|[upkeep]
|-damage|p1a: Garchomp|69/100|[from] Hail
|-heal|p1a: Garchomp|76/100|[from] item: Leftovers
|upkeep
|inactive|Ajna has 60 seconds left.
|
|t:|1641697901
|switch|p2a: Weavile|Weavile, M|100/100
|-ability|p2a: Weavile|Pressure
|turn|15
|inactive|Ajna has 60 seconds left.
|
|t:|1641697929
|move|p2a: Weavile|Swords Dance|p2a: Weavile
|-boost|p2a: Weavile|atk|2
|move|p1a: Garchomp|Earthquake|p2a: Weavile
|-damage|p2a: Weavile|9/100
|
|-weather|Hail|[upkeep]
|-damage|p1a: Garchomp|69/100|[from] Hail
|-end|p1a: Garchomp|move: Future Sight
|-damage|p1a: Garchomp|35/100
|-heal|p1a: Garchomp|41/100|[from] item: Leftovers
|upkeep
|turn|16
|inactive|Ajna has 30 seconds left.
|inactive|Separation has 270 seconds left.
|
|t:|1641697960
|move|p2a: Weavile|Ice Shard|p1a: Garchomp
|-supereffective|p1a: Garchomp
|-damage|p1a: Garchomp|0 fnt
|faint|p1a: Garchomp
|
|-weather|none
|upkeep
|inactive|Separation has 270 seconds left.
|
|t:|1641697973
|switch|p1a: Cloyster|Cloyster, F|100/100
|turn|17
|
|t:|1641697983
|move|p2a: Weavile|Knock Off|p1a: Cloyster
|-damage|p1a: Cloyster|54/100
|-enditem|p1a: Cloyster|Heavy-Duty Boots|[from] move: Knock Off|[of] p2a: Weavile
|move|p1a: Cloyster|Shell Smash|p1a: Cloyster
|-unboost|p1a: Cloyster|def|1
|-unboost|p1a: Cloyster|spd|1
|-boost|p1a: Cloyster|atk|2
|-boost|p1a: Cloyster|spa|2
|-boost|p1a: Cloyster|spe|2
|
|upkeep
|turn|18
|
|t:|1641697993
|move|p2a: Weavile|Ice Shard|p1a: Cloyster
|-resisted|p1a: Cloyster
|-damage|p1a: Cloyster|47/100
|move|p1a: Cloyster|Icicle Spear|p2a: Weavile
|-resisted|p2a: Weavile
|-damage|p2a: Weavile|0 fnt
|faint|p2a: Weavile
|-hitcount|p2: Weavile|1
|
|upkeep
|
|t:|1641697997
|switch|p2a: Ferrothorn|Ferrothorn, M|94/100
|-damage|p2a: Ferrothorn|88/100|[from] Stealth Rock
|turn|19
|inactive|Ajna has 30 seconds left.
|inactive|Ajna has 20 seconds left.
|
|t:|1641698034
|move|p1a: Cloyster|Icicle Spear|p2a: Ferrothorn
|-damage|p2a: Ferrothorn|74/100
|-damage|p2a: Ferrothorn|60/100
|-damage|p2a: Ferrothorn|46/100
|-damage|p2a: Ferrothorn|33/100
|-damage|p2a: Ferrothorn|19/100
|-hitcount|p2a: Ferrothorn|5
|move|p2a: Ferrothorn|Body Press|p1a: Cloyster
|-supereffective|p1a: Cloyster
|-damage|p1a: Cloyster|10/100
|
|upkeep
|turn|20
|inactive|Ajna has 30 seconds left this turn.
|
|t:|1641698039
|move|p1a: Cloyster|Icicle Spear|p2a: Ferrothorn
|-damage|p2a: Ferrothorn|4/100
|-damage|p2a: Ferrothorn|0 fnt
|faint|p2a: Ferrothorn
|-hitcount|p2: Ferrothorn|2
|
|-sideend|p1: Separation|move: Aurora Veil
|upkeep
|inactive|Ajna has 30 seconds left this turn.
|
|t:|1641698043
|switch|p2a: Slowking|Slowking-Galar, M|100/100
|-damage|p2a: Slowking|88/100|[from] Stealth Rock
|turn|21
|
|t:|1641698045
|move|p1a: Cloyster|Icicle Spear|p2a: Slowking
|-damage|p2a: Slowking|65/100
|-damage|p2a: Slowking|41/100
|-damage|p2a: Slowking|18/100
|-damage|p2a: Slowking|0 fnt
|faint|p2a: Slowking
|-hitcount|p2: Slowking|4
|
|upkeep
|
|t:|1641698047
|switch|p2a: Tapu Koko|Tapu Koko|100/100
|-fieldstart|move: Electric Terrain|[from] ability: Electric Surge|[of] p2a: Tapu Koko
|turn|22
|
|t:|1641698049
|move|p1a: Cloyster|Icicle Spear|p2a: Tapu Koko
|-damage|p2a: Tapu Koko|68/100
|-damage|p2a: Tapu Koko|38/100
|-damage|p2a: Tapu Koko|3/100
|-damage|p2a: Tapu Koko|0 fnt
|faint|p2a: Tapu Koko
|-hitcount|p2: Tapu Koko|4
|
|win|Separation
|c|☆Separation|gg
|c|☆Ajna|gg
