|inactive|Battle timer is ON: inactive players will automatically lose when time's up.
|t:|1641777393
|gametype|singles
|player|p1|GasaiiYunoSan|flannery|
|player|p2|cursedstar|argenta|
|teamsize|p1|6
|teamsize|p2|6
|gen|8
|tier|[Gen 8] OU
|rule|Sleep Clause Mod: Limit one foe put to sleep
|rule|Species Clause: Limit one of each Pokémon
|rule|OHKO Clause: OHKO moves are banned
|rule|Evasion Moves Clause: Evasion moves are banned
|rule|Endless Battle Clause: Forcing endless battles is banned
|rule|HP Percentage Mod: HP is shown in percentages
|rule|Dynamax Clause: You cannot dynamax
|clearpoke
|poke|p1|Blacephalon|
|poke|p1|Rotom-Wash|
|poke|p1|Weavile, F|
|poke|p1|Tapu Koko|
|poke|p1|Hawlucha, M|
|poke|p1|Garchomp, M|
|poke|p2|Mew|
|poke|p2|Nidoking, M|
|poke|p2|Copperajah, M|
|poke|p2|Zarude|
|poke|p2|Vaporeon, F|
|poke|p2|Zapdos|
|teampreview
|inactive|GasaiiYunoSan has 270 seconds left.
|inactive|cursedstar has 270 seconds left.
|inactive|GasaiiYunoSan has 240 seconds left.
|inactive|cursedstar has 240 seconds left.
|
|t:|1641777460
|start
|switch|p1a: Garchomp|Garchomp, M|100/100
|switch|p2a: Zarude|Zarude|100/100
|turn|1
|
|t:|1641777473
|switch|p2a: Mew|Mew|100/100
|move|p1a: Garchomp|Toxic|p2a: Mew
|-status|p2a: Mew|tox
|-activate|p2a: Mew|ability: Synchronize
|-status|p1a: Garchomp|tox
|
|-damage|p1a: Garchomp|94/100 tox|[from] psn
|-damage|p2a: Mew|94/100 tox|[from] psn
|upkeep
|turn|2
|
|t:|1641777483
|switch|p1a: Weavile|Weavile, F|100/100
|-ability|p1a: Weavile|Pressure
|move|p2a: Mew|Spikes|p1a: Weavile
|-sidestart|p1: GasaiiYunoSan|Spikes
|
|-heal|p2a: Mew|100/100 tox|[from] item: Leftovers
|-damage|p2a: Mew|88/100 tox|[from] psn
|upkeep
|turn|3
|
|t:|1641777492
|switch|p2a: Copperajah|Copperajah, M|100/100
|move|p1a: Weavile|Knock Off|p2a: Copperajah
|-crit|p2a: Copperajah
|-damage|p2a: Copperajah|9/100
|-enditem|p2a: Copperajah|Leftovers|[from] move: Knock Off|[of] p1a: Weavile
|
|upkeep
|turn|4
|
|t:|1641777501
|move|p1a: Weavile|Knock Off|p2a: Copperajah
|-damage|p2a: Copperajah|0 fnt
|faint|p2a: Copperajah
|
|upkeep
|
|t:|1641777514
|switch|p2a: Vaporeon|Vaporeon, F|100/100
|turn|5
|
|t:|1641777519
|switch|p1a: Tapu Koko|Tapu Koko|100/100
|-fieldstart|move: Electric Terrain|[from] ability: Electric Surge|[of] p1a: Tapu Koko
|move|p2a: Vaporeon|Flip Turn|p1a: Tapu Koko
|-damage|p1a: Tapu Koko|79/100
|
|t:|1641777522
|switch|p2a: Nidoking|Nidoking, M|100/100|[from]move: Flip Turn
|
|upkeep
|turn|6
|
|t:|1641777525
|switch|p1a: Rotom|Rotom-Wash|100/100
|move|p2a: Nidoking|Stealth Rock|p1a: Rotom
|-sidestart|p1: GasaiiYunoSan|move: Stealth Rock
|
|upkeep
|turn|7
|
|t:|1641777542
|switch|p2a: Zapdos|Zapdos|100/100
|move|p1a: Rotom|Trick|p2a: Zapdos
|-activate|p1a: Rotom|move: Trick|[of] p2a: Zapdos
|-item|p2a: Zapdos|Choice Scarf|[from] move: Trick
|-item|p1a: Rotom|Rocky Helmet|[from] move: Trick
|
|upkeep
|turn|8
|
|t:|1641777549
|move|p2a: Zapdos|Volt Switch|p1a: Rotom
|-damage|p1a: Rotom|67/100
|
|t:|1641777560
|switch|p2a: Vaporeon|Vaporeon, F|100/100|[from]move: Volt Switch
|move|p1a: Rotom|Defog|p2a: Vaporeon
|-unboost|p2a: Vaporeon|evasion|1
|-sideend|p1: GasaiiYunoSan|Spikes|[from] move: Defog|[of] p1a: Rotom
|-sideend|p1: GasaiiYunoSan|Stealth Rock|[from] move: Defog|[of] p1a: Rotom
|-fieldend|move: Electric Terrain
|
|upkeep
|turn|9
|
|t:|1641777567
|move|p1a: Rotom|Volt Switch|p2a: Vaporeon
|-supereffective|p2a: Vaporeon
|-damage|p2a: Vaporeon|66/100
|
|t:|1641777571
|switch|p1a: Garchomp|Garchomp, M|94/100 tox|[from]move: Volt Switch
|move|p2a: Vaporeon|Flip Turn|p1a: Garchomp
|-damage|p1a: Garchomp|84/100 tox
|-damage|p2a: Vaporeon|54/100|[from] ability: Rough Skin|[of] p1a: Garchomp
|-damage|p2a: Vaporeon|37/100|[from] item: Rocky Helmet|[of] p1a: Garchomp
|
|t:|1641777585
|switch|p2a: Nidoking|Nidoking, M|100/100|[from]move: Flip Turn
|
|-damage|p1a: Garchomp|77/100 tox|[from] psn
|upkeep
|turn|10
|
|t:|1641777592
|switch|p1a: Rotom|Rotom-Wash|67/100
|move|p2a: Nidoking|Stealth Rock|p1a: Rotom
|-sidestart|p1: GasaiiYunoSan|move: Stealth Rock
|
|upkeep
|turn|11
|
|t:|1641777596
|switch|p2a: Zarude|Zarude|100/100
|move|p1a: Rotom|Defog|p2a: Zarude
|-unboost|p2a: Zarude|evasion|1
|-sideend|p1: GasaiiYunoSan|Stealth Rock|[from] move: Defog|[of] p1a: Rotom
|
|upkeep
|turn|12
|
|t:|1641777618
|switch|p1a: Blacephalon|Blacephalon|100/100
|move|p2a: Zarude|Power Whip|p1a: Blacephalon
|-resisted|p1a: Blacephalon
|-damage|p1a: Blacephalon|39/100
|
|upkeep
|turn|13
|
|t:|1641777637
|switch|p2a: Mew|Mew|88/100 tox
|move|p1a: Blacephalon|Overheat|p2a: Mew
|-damage|p2a: Mew|1/100 tox
|-unboost|p1a: Blacephalon|spa|2
|
|-heal|p2a: Mew|7/100 tox|[from] item: Leftovers
|-damage|p2a: Mew|1/100 tox|[from] psn
|upkeep
|turn|14
|
|t:|1641777649
|switch|p2a: Nidoking|Nidoking, M|100/100
|move|p1a: Blacephalon|Overheat|p2a: Nidoking
|-crit|p2a: Nidoking
|-damage|p2a: Nidoking|0 fnt
|-unboost|p1a: Blacephalon|spa|2
|faint|p2a: Nidoking
|-ability|p1a: Blacephalon|Beast Boost|boost
|-boost|p1a: Blacephalon|spa|1
|
|upkeep
|
|t:|1641777671
|switch|p2a: Vaporeon|Vaporeon, F|37/100
|turn|15
|
|t:|1641777679
|switch|p1a: Tapu Koko|Tapu Koko|79/100
|-fieldstart|move: Electric Terrain|[from] ability: Electric Surge|[of] p1a: Tapu Koko
|move|p2a: Vaporeon|Wish|p2a: Vaporeon
|
|-heal|p2a: Vaporeon|43/100|[from] item: Leftovers
|upkeep
|turn|16
|
|t:|1641777688
|move|p2a: Vaporeon|Protect|p2a: Vaporeon
|-singleturn|p2a: Vaporeon|Protect
|move|p1a: Tapu Koko|Volt Switch|p2a: Vaporeon
|-activate|p2a: Vaporeon|move: Protect
|
|-heal|p2a: Vaporeon|93/100|[from] move: Wish|[wisher] Vaporeon
|-heal|p2a: Vaporeon|99/100|[from] item: Leftovers
|upkeep
|turn|17
|
|t:|1641777694
|move|p1a: Tapu Koko|U-turn|p2a: Vaporeon
|-crit|p2a: Vaporeon
|-damage|p2a: Vaporeon|81/100
|
|t:|1641777697
|switch|p1a: Garchomp|Garchomp, M|77/100 tox|[from]move: U-turn
|move|p2a: Vaporeon|Wish|p2a: Vaporeon
|
|-heal|p2a: Vaporeon|87/100|[from] item: Leftovers
|-damage|p1a: Garchomp|71/100 tox|[from] psn
|upkeep
|turn|18
|
|t:|1641777713
|move|p1a: Garchomp|Earthquake|p2a: Vaporeon
|-damage|p2a: Vaporeon|56/100
|move|p2a: Vaporeon|Flip Turn|p1a: Garchomp
|-damage|p1a: Garchomp|60/100 tox
|-damage|p2a: Vaporeon|44/100|[from] ability: Rough Skin|[of] p1a: Garchomp
|-damage|p2a: Vaporeon|27/100|[from] item: Rocky Helmet|[of] p1a: Garchomp
|
|t:|1641777716
|switch|p2a: Mew|Mew|1/100 tox|[from]move: Flip Turn
|
|-heal|p2a: Mew|57/100 tox|[from] move: Wish|[wisher] Vaporeon
|-heal|p2a: Mew|63/100 tox|[from] item: Leftovers
|-damage|p1a: Garchomp|47/100 tox|[from] psn
|-damage|p2a: Mew|57/100 tox|[from] psn
|upkeep
|turn|19
|
|t:|1641777725
|move|p2a: Mew|Roost|p2a: Mew
|-heal|p2a: Mew|100/100 tox
|-singleturn|p2a: Mew|move: Roost
|move|p1a: Garchomp|Stealth Rock|p2a: Mew
|-sidestart|p2: cursedstar|move: Stealth Rock
|
|-damage|p1a: Garchomp|29/100 tox|[from] psn
|-damage|p2a: Mew|88/100 tox|[from] psn
|-fieldend|move: Electric Terrain
|upkeep
|turn|20
|
|t:|1641777731
|switch|p1a: Blacephalon|Blacephalon|39/100
|move|p2a: Mew|Spikes|p1a: Blacephalon
|-sidestart|p1: GasaiiYunoSan|Spikes
|
|-heal|p2a: Mew|94/100 tox|[from] item: Leftovers
|-damage|p2a: Mew|76/100 tox|[from] psn
|upkeep
|turn|21
|
|t:|1641777744
|switch|p2a: Vaporeon|Vaporeon, F|27/100
|-damage|p2a: Vaporeon|15/100|[from] Stealth Rock
|move|p1a: Blacephalon|Overheat|p2a: Vaporeon
|-resisted|p2a: Vaporeon
|-damage|p2a: Vaporeon|0 fnt
|-unboost|p1a: Blacephalon|spa|2
|faint|p2a: Vaporeon
|-ability|p1a: Blacephalon|Beast Boost|boost
|-boost|p1a: Blacephalon|spa|1
|
|upkeep
|
|t:|1641777764
|switch|p2a: Mew|Mew|76/100 tox
|-damage|p2a: Mew|63/100 tox|[from] Stealth Rock
|turn|22
|
|t:|1641777778
|switch|p1a: Rotom|Rotom-Wash|67/100
|move|p2a: Mew|Roost|p2a: Mew
|-heal|p2a: Mew|100/100 tox
|-singleturn|p2a: Mew|move: Roost
|
|-damage|p2a: Mew|94/100 tox|[from] psn
|upkeep
|turn|23
|
|t:|1641777786
|move|p2a: Mew|Psychic|p1a: Rotom
|-damage|p1a: Rotom|31/100
|move|p1a: Rotom|Volt Switch|p2a: Mew
|-damage|p2a: Mew|76/100 tox
|
|t:|1641777795
|switch|p1a: Weavile|Weavile, F|100/100|[from]move: Volt Switch
|-ability|p1a: Weavile|Pressure
|
|-heal|p2a: Mew|83/100 tox|[from] item: Leftovers
|-damage|p2a: Mew|70/100 tox|[from] psn
|upkeep
|turn|24
|
|t:|1641777803
|move|p1a: Weavile|Swords Dance|p1a: Weavile
|-boost|p1a: Weavile|atk|2
|move|p2a: Mew|Knock Off|p1a: Weavile
|-resisted|p1a: Weavile
|-damage|p1a: Weavile|84/100
|-enditem|p1a: Weavile|Heavy-Duty Boots|[from] move: Knock Off|[of] p2a: Mew
|
|-heal|p2a: Mew|76/100 tox|[from] item: Leftovers
|-damage|p2a: Mew|58/100 tox|[from] psn
|upkeep
|turn|25
|
|t:|1641777810
|move|p1a: Weavile|Knock Off|p2a: Mew
|-supereffective|p2a: Mew
|-damage|p2a: Mew|0 fnt
|-enditem|p2a: Mew|Leftovers|[from] move: Knock Off|[of] p1a: Weavile
|faint|p2a: Mew
|
|upkeep
|
|t:|1641777816
|switch|p2a: Zarude|Zarude|100/100
|-damage|p2a: Zarude|88/100|[from] Stealth Rock
|turn|26
|
|t:|1641777826
|move|p2a: Zarude|Power Whip|p1a: Weavile
|-damage|p1a: Weavile|0 fnt
|faint|p1a: Weavile
|
|upkeep
|
|t:|1641777838
|switch|p1a: Tapu Koko|Tapu Koko|79/100
|-fieldstart|move: Electric Terrain|[from] ability: Electric Surge|[of] p1a: Tapu Koko
|turn|27
|
|t:|1641777841
|move|p2a: Zarude|Power Whip|p1a: Tapu Koko
|-damage|p1a: Tapu Koko|3/100
|move|p1a: Tapu Koko|U-turn|p2a: Zarude
|-supereffective|p2a: Zarude
|-damage|p2a: Zarude|28/100
|
|t:|1641777846
|switch|p1a: Hawlucha|Hawlucha, M|100/100|[from]move: U-turn
|-enditem|p1a: Hawlucha|Electric Seed
|-boost|p1a: Hawlucha|def|1|[from] item: Electric Seed
|
|upkeep
|turn|28
|
|t:|1641777863
|switch|p2a: Zapdos|Zapdos|100/100
|-damage|p2a: Zapdos|76/100|[from] Stealth Rock
|move|p1a: Hawlucha|Substitute|p1a: Hawlucha
|-start|p1a: Hawlucha|Substitute
|-damage|p1a: Hawlucha|76/100
|
|upkeep
|turn|29
|
|t:|1641777879
|move|p1a: Hawlucha|Acrobatics|p2a: Zapdos
|-resisted|p2a: Zapdos
|-damage|p2a: Zapdos|58/100
|move|p2a: Zapdos|Roar|p1a: Hawlucha
|drag|p1a: Garchomp|Garchomp, M|29/100 tox
|-damage|p1a: Garchomp|16/100 tox|[from] Spikes
|
|-damage|p1a: Garchomp|10/100 tox|[from] psn
|upkeep
|turn|30
|
|t:|1641777897
|move|p1a: Garchomp|Flamethrower|p2a: Zapdos
|-damage|p2a: Zapdos|43/100
|move|p2a: Zapdos|Roar|p1a: Garchomp
|drag|p1a: Rotom|Rotom-Wash|31/100
|
|upkeep
|turn|31
|
|t:|1641777908
|move|p1a: Rotom|Defog|p2a: Zapdos
|-unboost|p2a: Zapdos|evasion|1
|-sideend|p2: cursedstar|Stealth Rock|[from] move: Defog|[of] p1a: Rotom
|-sideend|p1: GasaiiYunoSan|Spikes|[from] move: Defog|[of] p1a: Rotom
|-fieldend|move: Electric Terrain
|move|p2a: Zapdos|Roar|p1a: Rotom
|drag|p1a: Garchomp|Garchomp, M|10/100 tox
|
|-damage|p1a: Garchomp|4/100 tox|[from] psn
|upkeep
|turn|32
|
|t:|1641777916
|switch|p2a: Zarude|Zarude|28/100
|move|p1a: Garchomp|Flamethrower|p2a: Zarude
|-supereffective|p2a: Zarude
|-damage|p2a: Zarude|0 fnt
|faint|p2a: Zarude
|
|-damage|p1a: Garchomp|0 fnt|[from] psn
|faint|p1a: Garchomp
|upkeep
|
|t:|1641777928
|switch|p2a: Zapdos|Zapdos|43/100
|switch|p1a: Blacephalon|Blacephalon|39/100
|turn|33
|
|t:|1641777931
|move|p2a: Zapdos|Volt Switch|p1a: Blacephalon
|-damage|p1a: Blacephalon|0 fnt
|faint|p1a: Blacephalon
|
|upkeep
|
|t:|1641777934
|switch|p1a: Rotom|Rotom-Wash|31/100
|turn|34
|
|t:|1641777936
|move|p2a: Zapdos|Volt Switch|p1a: Rotom
|-damage|p1a: Rotom|0 fnt
|faint|p1a: Rotom
|
|upkeep
|c|☆cursedstar|x
|c|☆cursedstar|d
|
|t:|1641777947
|switch|p1a: Hawlucha|Hawlucha, M|76/100
|turn|35
|c|☆GasaiiYunoSan|Hubiera asegurado con ice shard
|inactive|GasaiiYunoSan has 270 seconds left.
|
|t:|1641777978
|move|p2a: Zapdos|Volt Switch|p1a: Hawlucha
|-supereffective|p1a: Hawlucha
|-damage|p1a: Hawlucha|2/100
|move|p1a: Hawlucha|Close Combat|p2a: Zapdos
|-resisted|p2a: Zapdos
|-damage|p2a: Zapdos|22/100
|-unboost|p1a: Hawlucha|def|1
|-unboost|p1a: Hawlucha|spd|1
|-status|p1a: Hawlucha|par|[from] ability: Static|[of] p2a: Zapdos
|
|upkeep
|turn|36
|
|t:|1641777984
|move|p2a: Zapdos|Volt Switch|p1a: Hawlucha
|-supereffective|p1a: Hawlucha
|-damage|p1a: Hawlucha|0 fnt
|faint|p1a: Hawlucha
|
|upkeep
|
|t:|1641777985
|switch|p1a: Tapu Koko|Tapu Koko|3/100
|-fieldstart|move: Electric Terrain|[from] ability: Electric Surge|[of] p1a: Tapu Koko
|turn|37
|
|t:|1641777988
|move|p1a: Tapu Koko|Thunderbolt|p2a: Zapdos
|-damage|p2a: Zapdos|0 fnt
|faint|p2a: Zapdos
|
|win|GasaiiYunoSan
